date,price,qty,trnvr,cum_trnvr
2025-08-01 09:15:01 AM,123.89,71695,8882293.55,8882293.55
2025-08-01 09:15:02 AM,123.89,1764,218541.96,9100835.510000002
2025-08-01 09:15:11 AM,123.81,0,0.0,9100835.510000002
2025-08-01 09:15:12 AM,123.81,3585,443858.85000000003,9544694.360000001
2025-08-01 09:15:15 AM,123.79,8,990.32,9545684.680000002
2025-08-01 09:15:20 AM,123.6,0,0.0,9545684.680000002
2025-08-01 09:15:21 AM,123.67,0,0.0,9545684.680000002
2025-08-01 09:15:23 AM,123.67,15350,1898334.5,11444019.180000002
2025-08-01 09:15:25 AM,123.81,6085,753383.85,12197403.030000001
2025-08-01 09:15:27 AM,123.93,0,0.0,12197403.030000001
2025-08-01 09:15:30 AM,124.03,0,0.0,12197403.030000001
2025-08-01 09:15:32 AM,123.96,36709,4550447.64,16747850.670000002
2025-08-01 09:15:33 AM,123.97,12224,1515409.28,18263259.950000003
2025-08-01 09:15:39 AM,124.15,0,0.0,18263259.950000003
2025-08-01 09:15:42 AM,124.2,58305,7241481.0,25504740.950000003
2025-08-01 09:15:43 AM,124.23,0,0.0,25504740.950000003
2025-08-01 09:15:47 AM,124.24,0,0.0,25504740.950000003
2025-08-01 09:15:48 AM,124.31,43910,5458452.100000001,30963193.050000004
2025-08-01 09:15:50 AM,124.33,118,14670.94,30977863.990000006
2025-08-01 09:15:52 AM,124.34,0,0.0,30977863.990000006
2025-08-01 09:15:55 AM,124.31,0,0.0,30977863.990000006
2025-08-01 09:15:56 AM,124.31,13240,1645864.4000000001,32623728.390000004
2025-08-01 09:15:58 AM,124.31,285,35428.35,32659156.740000006
2025-08-01 09:16:00 AM,124.31,4996,621052.76,33280209.500000007
2025-08-01 09:16:01 AM,124.27,0,0.0,33280209.500000007
2025-08-01 09:16:01 AM,124.27,200,24854.0,33305063.500000007
2025-08-01 09:16:04 AM,124.26,300,37278.0,33342341.500000007
2025-08-01 09:16:06 AM,124.2,1,124.2,33342465.700000007
2025-08-01 09:16:06 AM,124.14,5675,704494.5,34046960.2
2025-08-01 09:16:06 AM,124.09,0,0.0,34046960.2
2025-08-01 09:16:07 AM,124.08,2227,276326.16,34323286.36
2025-08-01 09:16:08 AM,124.16,60,7449.599999999999,34330735.96
2025-08-01 09:16:08 AM,124.14,0,0.0,34330735.96
2025-08-01 09:16:09 AM,124.14,200,24828.0,34355563.96
2025-08-01 09:16:10 AM,124.15,420,52143.0,34407706.96
2025-08-01 09:16:10 AM,124.14,0,0.0,34407706.96
2025-08-01 09:16:11 AM,124.14,120,14896.8,34422603.76
2025-08-01 09:16:12 AM,124.09,40,4963.6,34427567.36
2025-08-01 09:16:14 AM,124.15,300,37245.0,34464812.36
2025-08-01 09:16:14 AM,124.08,50,6204.0,34471016.36
2025-08-01 09:16:16 AM,124.04,72,8930.880000000001,34479947.24
2025-08-01 09:16:17 AM,124.15,475,58971.25,34538918.49
2025-08-01 09:16:17 AM,124.11,0,0.0,34538918.49
2025-08-01 09:16:17 AM,124.18,0,0.0,34538918.49
2025-08-01 09:16:18 AM,124.13,1160,143990.8,34682909.29
2025-08-01 09:16:18 AM,124.21,7760,963869.6,35646778.89
2025-08-01 09:16:20 AM,124.25,1100,136675.0,35783453.89
2025-08-01 09:16:20 AM,124.27,0,0.0,35783453.89
2025-08-01 09:16:21 AM,124.34,9744,1211568.96,36995022.85
2025-08-01 09:16:22 AM,124.42,11356,1412913.52,38407936.370000005
2025-08-01 09:16:22 AM,124.4,306,38066.4,38446002.77
2025-08-01 09:16:22 AM,124.43,0,0.0,38446002.77
2025-08-01 09:16:22 AM,124.4,0,0.0,38446002.77
2025-08-01 09:16:23 AM,124.4,2268,282139.2,38728141.970000006
2025-08-01 09:16:27 AM,124.38,101,12562.38,38740704.35000001
2025-08-01 09:16:28 AM,124.43,0,0.0,38740704.35000001
2025-08-01 09:16:29 AM,124.43,5,622.1500000000001,38741326.50000001
2025-08-01 09:16:30 AM,124.4,100,12440.0,38753766.50000001
2025-08-01 09:16:31 AM,124.35,0,0.0,38753766.50000001
2025-08-01 09:16:32 AM,124.35,1,124.35,38753890.85000001
2025-08-01 09:16:33 AM,124.43,0,0.0,38753890.85000001
2025-08-01 09:16:34 AM,124.3,5100,633930.0,39387820.85000001
2025-08-01 09:16:35 AM,124.21,7095,881269.95,40269090.80000001
2025-08-01 09:16:36 AM,124.2,673,83586.6,40352677.40000001
2025-08-01 09:16:37 AM,124.11,4700,583317.0,40935994.40000001
2025-08-01 09:16:37 AM,124.28,5,621.4,40936615.80000001
2025-08-01 09:16:38 AM,124.22,250,31055.0,40967670.80000001
2025-08-01 09:16:38 AM,124.23,250,31057.5,40998728.30000001
2025-08-01 09:16:39 AM,124.28,1260,156592.8,41155321.10000001
2025-08-01 09:16:39 AM,124.24,0,0.0,41155321.10000001
2025-08-01 09:16:39 AM,124.24,21,2609.04,41157930.14000001
2025-08-01 09:16:40 AM,124.28,0,0.0,41157930.14000001
2025-08-01 09:16:41 AM,124.28,350,43498.0,41201428.14000001
2025-08-01 09:16:42 AM,124.38,9261,1151883.18,42353311.32000001
2025-08-01 09:16:43 AM,124.38,2196,273138.48,42626449.800000004
2025-08-01 09:16:43 AM,124.32,0,0.0,42626449.800000004
2025-08-01 09:16:43 AM,124.37,0,0.0,42626449.800000004
2025-08-01 09:16:44 AM,124.37,350,43529.5,42669979.300000004
2025-08-01 09:16:44 AM,124.31,0,0.0,42669979.300000004
2025-08-01 09:16:45 AM,124.38,3890,483838.19999999995,43153817.50000001
2025-08-01 09:16:47 AM,124.32,1,124.32,43153941.82000001
2025-08-01 09:16:49 AM,124.32,5,621.5999999999999,43154563.42000001
2025-08-01 09:16:49 AM,124.28,3,372.84000000000003,43154936.26000001
2025-08-01 09:16:50 AM,124.28,101,12552.28,43167488.540000014
2025-08-01 09:16:54 AM,124.23,2,248.46,43167737.000000015
2025-08-01 09:16:54 AM,124.2,0,0.0,43167737.000000015
2025-08-01 09:16:55 AM,124.24,1429,177538.96,43345275.960000016
2025-08-01 09:16:56 AM,124.23,0,0.0,43345275.960000016
2025-08-01 09:16:57 AM,124.23,100,12423.0,43357698.960000016
2025-08-01 09:16:57 AM,124.24,0,0.0,43357698.960000016
2025-08-01 09:16:58 AM,124.28,4800,596544.0,43954242.960000016
2025-08-01 09:16:59 AM,124.25,285,35411.25,43989654.210000016
2025-08-01 09:16:59 AM,124.28,0,0.0,43989654.210000016
2025-08-01 09:17:00 AM,124.28,4310,535646.8,44525301.01000001
2025-08-01 09:17:01 AM,124.32,60,7459.2,44532760.210000016
2025-08-01 09:17:02 AM,124.3,235,29210.5,44561970.710000016
2025-08-01 09:17:02 AM,124.32,0,0.0,44561970.710000016
2025-08-01 09:17:03 AM,124.32,10,1243.1999999999998,44563213.91000002
2025-08-01 09:17:04 AM,124.31,0,0.0,44563213.91000002
2025-08-01 09:17:04 AM,124.31,200,24862.0,44588075.91000002
2025-08-01 09:17:06 AM,124.31,100,12431.0,44600506.91000002
2025-08-01 09:17:06 AM,124.25,0,0.0,44600506.91000002
2025-08-01 09:17:07 AM,124.25,300,37275.0,44637781.91000002
2025-08-01 09:17:08 AM,124.31,450,55939.5,44693721.41000002
2025-08-01 09:17:09 AM,124.31,1,124.31,44693845.72000002
2025-08-01 09:17:10 AM,124.32,0,0.0,44693845.72000002
2025-08-01 09:17:11 AM,124.32,100,12432.0,44706277.72000002
2025-08-01 09:17:11 AM,124.26,2,248.52,44706526.240000024
2025-08-01 09:17:12 AM,124.3,285,35425.5,44741951.740000024
2025-08-01 09:17:13 AM,124.29,1064,132244.56,44874196.30000003
2025-08-01 09:17:14 AM,124.29,320,39772.8,44913969.100000024
2025-08-01 09:17:16 AM,124.25,0,0.0,44913969.100000024
2025-08-01 09:17:16 AM,124.25,1951,242411.75,45156380.850000024
2025-08-01 09:17:19 AM,124.26,1,124.26,45156505.11000002
2025-08-01 09:17:19 AM,124.24,0,0.0,45156505.11000002
2025-08-01 09:17:20 AM,124.24,840,104361.59999999999,45260866.71000002
2025-08-01 09:17:21 AM,124.25,50,6212.5,45267079.21000002
2025-08-01 09:17:21 AM,124.24,0,0.0,45267079.21000002
2025-08-01 09:17:22 AM,124.24,83,10311.92,45277391.130000025
2025-08-01 09:17:23 AM,124.32,2055,255477.59999999998,45532868.73000003
2025-08-01 09:17:24 AM,124.36,3359,417725.24,45950593.97000003
2025-08-01 09:17:24 AM,124.34,200,24868.0,45975461.97000003
2025-08-01 09:17:26 AM,124.34,502,62418.68,46037880.65000003
2025-08-01 09:17:27 AM,124.3,1998,248351.4,46286232.05000003
2025-08-01 09:17:27 AM,124.29,0,0.0,46286232.05000003
2025-08-01 09:17:27 AM,124.29,251,31196.79,46317428.840000026
2025-08-01 09:17:28 AM,124.29,2,248.58,46317677.420000024
2025-08-01 09:17:28 AM,124.35,0,0.0,46317677.420000024
2025-08-01 09:17:28 AM,124.35,1000,124350.0,46442027.420000024
2025-08-01 09:17:30 AM,124.35,4182,520031.69999999995,46962059.12000003
2025-08-01 09:17:31 AM,124.35,200,24870.0,46986929.12000003
2025-08-01 09:17:31 AM,124.37,0,0.0,46986929.12000003
2025-08-01 09:17:32 AM,124.37,889,110564.93000000001,47097494.05000003
2025-08-01 09:17:33 AM,124.4,2882,358520.8,47456014.850000024
2025-08-01 09:17:33 AM,124.39,76,9453.64,47465468.490000024
2025-08-01 09:17:38 AM,124.42,3,373.26,47465841.75000002
2025-08-01 09:17:39 AM,124.44,1650,205326.0,47671167.75000002
2025-08-01 09:17:39 AM,124.43,300,37329.0,47708496.75000002
2025-08-01 09:17:40 AM,124.39,0,0.0,47708496.75000002
2025-08-01 09:17:40 AM,124.37,102,12685.74,47721182.490000024
2025-08-01 09:17:41 AM,124.35,359,44641.65,47765824.14000002
2025-08-01 09:17:41 AM,124.3,0,0.0,47765824.14000002
2025-08-01 09:17:42 AM,124.37,1007,125240.59000000001,47891064.73000003
2025-08-01 09:17:42 AM,124.38,0,0.0,47891064.73000003
2025-08-01 09:17:42 AM,124.38,100,12438.0,47903502.73000003
2025-08-01 09:17:43 AM,124.37,36,4477.32,47907980.05000003
2025-08-01 09:17:44 AM,124.3,1000,124300.0,48032280.05000003
2025-08-01 09:17:45 AM,124.41,5000,622050.0,48654330.05000003
2025-08-01 09:17:46 AM,124.36,0,0.0,48654330.05000003
2025-08-01 09:17:47 AM,124.39,4720,587120.8,49241450.850000024
2025-08-01 09:17:47 AM,124.33,410,50975.3,49292426.15000002
2025-08-01 09:17:48 AM,124.32,1,124.32,49292550.47000002
2025-08-01 09:17:53 AM,124.35,4790,595636.5,49888186.97000002
2025-08-01 09:17:54 AM,124.33,0,0.0,49888186.97000002
2025-08-01 09:17:54 AM,124.33,290,36055.7,49924242.670000024
2025-08-01 09:17:58 AM,124.36,86,10694.96,49934937.630000025
2025-08-01 09:17:59 AM,124.32,300,37296.0,49972233.630000025
2025-08-01 09:18:00 AM,124.31,0,0.0,49972233.630000025
2025-08-01 09:18:01 AM,124.35,97,12061.949999999999,49984295.58000003
2025-08-01 09:18:06 AM,124.36,0,0.0,49984295.58000003
2025-08-01 09:18:09 AM,124.37,3286,408679.82,50392975.40000003
2025-08-01 09:18:12 AM,124.45,0,0.0,50392975.40000003
2025-08-01 09:18:14 AM,124.39,0,0.0,50392975.40000003
2025-08-01 09:18:17 AM,124.39,4051,503903.89,50896879.29000003
2025-08-01 09:18:20 AM,124.19,0,0.0,50896879.29000003
2025-08-01 09:18:22 AM,124.3,0,0.0,50896879.29000003
2025-08-01 09:18:25 AM,124.23,27618,3430984.14,54327863.43000003
2025-08-01 09:18:30 AM,124.21,0,0.0,54327863.43000003
2025-08-01 09:18:33 AM,124.21,1526,189544.46,54517407.89000003
2025-08-01 09:18:34 AM,124.21,10,1242.1,54518649.99000003
2025-08-01 09:18:36 AM,124.43,0,0.0,54518649.99000003
2025-08-01 09:18:38 AM,124.46,0,0.0,54518649.99000003
2025-08-01 09:18:41 AM,124.43,2026,252095.18000000002,54770745.17000003
2025-08-01 09:18:43 AM,124.48,25,3112.0,54773857.17000003
2025-08-01 09:18:44 AM,124.38,0,0.0,54773857.17000003
2025-08-01 09:18:50 AM,124.38,268,33333.84,54807191.010000035
2025-08-01 09:18:51 AM,124.42,1477,183768.34,54990959.35000004
2025-08-01 09:18:52 AM,124.47,0,0.0,54990959.35000004
2025-08-01 09:18:54 AM,124.46,0,0.0,54990959.35000004
2025-08-01 09:18:58 AM,124.4,5478,681463.2000000001,55672422.55000004
2025-08-01 09:18:59 AM,124.39,210,26121.9,55698544.45000004
2025-08-01 09:19:00 AM,124.39,680,84585.2,55783129.65000004
2025-08-01 09:19:01 AM,124.39,200,24878.0,55808007.65000004
2025-08-01 09:19:03 AM,124.36,161,20021.96,55828029.610000044
2025-08-01 09:19:04 AM,124.29,0,0.0,55828029.610000044
2025-08-01 09:19:04 AM,124.29,900,111861.0,55939890.610000044
2025-08-01 09:19:05 AM,124.27,0,0.0,55939890.610000044
2025-08-01 09:19:05 AM,124.27,771,95812.17,56035702.780000046
2025-08-01 09:19:07 AM,124.31,0,0.0,56035702.780000046
2025-08-01 09:19:07 AM,124.31,1001,124434.31,56160137.09000005
2025-08-01 09:19:08 AM,124.27,0,0.0,56160137.09000005
2025-08-01 09:19:08 AM,124.27,1,124.27,56160261.36000005
2025-08-01 09:19:10 AM,124.27,6,745.62,56161006.98000005
2025-08-01 09:19:10 AM,124.29,0,0.0,56161006.98000005
2025-08-01 09:19:10 AM,124.29,274,34055.46,56195062.44000005
2025-08-01 09:19:12 AM,124.34,5000,621700.0,56816762.44000005
2025-08-01 09:19:13 AM,124.37,1008,125364.96,56942127.40000005
2025-08-01 09:19:16 AM,124.3,0,0.0,56942127.40000005
2025-08-01 09:19:16 AM,124.3,101,12554.3,56954681.70000005
2025-08-01 09:19:17 AM,124.33,0,0.0,56954681.70000005
2025-08-01 09:19:18 AM,124.33,2,248.66,56954930.360000044
2025-08-01 09:19:18 AM,124.32,0,0.0,56954930.360000044
2025-08-01 09:19:18 AM,124.32,2000,248640.0,57203570.360000044
2025-08-01 09:19:19 AM,124.3,0,0.0,57203570.360000044
2025-08-01 09:19:19 AM,124.3,100,12430.0,57216000.360000044
2025-08-01 09:19:20 AM,124.33,0,0.0,57216000.360000044
2025-08-01 09:19:20 AM,124.33,200,24866.0,57240866.360000044
2025-08-01 09:19:22 AM,124.33,121,15043.93,57255910.290000044
2025-08-01 09:19:22 AM,124.33,50,6216.5,57262126.790000044
2025-08-01 09:19:23 AM,124.35,100,12435.0,57274561.790000044
2025-08-01 09:19:23 AM,124.3,0,0.0,57274561.790000044
2025-08-01 09:19:24 AM,124.35,1001,124474.34999999999,57399036.140000045
2025-08-01 09:19:25 AM,124.3,0,0.0,57399036.140000045
2025-08-01 09:19:26 AM,124.35,510,63418.5,57462454.640000045
2025-08-01 09:19:26 AM,124.3,50,6215.0,57468669.640000045
2025-08-01 09:19:28 AM,124.34,65,8082.1,57476751.74000005
2025-08-01 09:19:31 AM,124.3,3594,446734.2,57923485.94000005
2025-08-01 09:19:32 AM,124.32,0,0.0,57923485.94000005
2025-08-01 09:19:33 AM,124.32,3000,372960.0,58296445.94000005
2025-08-01 09:19:33 AM,124.21,1000,124210.0,58420655.94000005
2025-08-01 09:19:34 AM,124.25,100,12425.0,58433080.94000005
2025-08-01 09:19:35 AM,124.23,0,0.0,58433080.94000005
2025-08-01 09:19:36 AM,124.24,205,25469.2,58458550.14000005
2025-08-01 09:19:37 AM,124.2,500,62100.0,58520650.14000005
2025-08-01 09:19:37 AM,124.25,10,1242.5,58521892.64000005
2025-08-01 09:19:40 AM,124.22,252,31303.44,58553196.08000005
2025-08-01 09:19:41 AM,124.22,12,1490.6399999999999,58554686.72000005
2025-08-01 09:19:42 AM,124.2,1611,200086.2,58754772.920000054
2025-08-01 09:19:43 AM,124.22,5,621.1,58755394.020000055
2025-08-01 09:19:44 AM,124.15,100,12415.0,58767809.020000055
2025-08-01 09:19:44 AM,124.2,0,0.0,58767809.020000055
2025-08-01 09:19:45 AM,124.2,400,49680.0,58817489.020000055
2025-08-01 09:19:46 AM,124.12,0,0.0,58817489.020000055
2025-08-01 09:19:46 AM,124.12,800,99296.0,58916785.020000055
2025-08-01 09:19:48 AM,124.19,3,372.57,58917157.590000056
2025-08-01 09:19:48 AM,124.21,0,0.0,58917157.590000056
2025-08-01 09:19:49 AM,124.21,7,869.4699999999999,58918027.060000055
2025-08-01 09:19:49 AM,124.22,0,0.0,58918027.060000055
2025-08-01 09:19:50 AM,124.26,5010,622542.6,59540569.660000056
2025-08-01 09:19:51 AM,124.17,229,28434.93,59569004.590000056
2025-08-01 09:19:53 AM,124.15,400,49660.0,59618664.590000056
2025-08-01 09:19:54 AM,124.1,0,0.0,59618664.590000056
2025-08-01 09:19:54 AM,124.05,0,0.0,59618664.590000056
2025-08-01 09:19:55 AM,124.02,7347,911174.94,60529839.53000005
2025-08-01 09:19:56 AM,123.97,20828,2582047.16,63111886.69000006
2025-08-01 09:19:59 AM,123.97,75,9297.75,63121184.44000006
2025-08-01 09:19:59 AM,124.02,100,12402.0,63133586.44000006
2025-08-01 09:20:00 AM,124.02,44,5456.88,63139043.32000006
2025-08-01 09:20:01 AM,123.95,85,10535.75,63149579.07000006
2025-08-01 09:20:01 AM,123.95,200,24790.0,63174369.07000006
2025-08-01 09:20:02 AM,123.94,406,50319.64,63224688.71000006
2025-08-01 09:20:03 AM,123.96,5,619.8,63225308.51000006
2025-08-01 09:20:06 AM,123.96,100,12396.0,63237704.51000006
2025-08-01 09:20:07 AM,123.94,0,0.0,63237704.51000006
2025-08-01 09:20:08 AM,123.94,5,619.7,63238324.21000006
2025-08-01 09:20:08 AM,123.9,6,743.4000000000001,63239067.61000006
2025-08-01 09:20:09 AM,123.94,0,0.0,63239067.61000006
2025-08-01 09:20:10 AM,123.96,1544,191394.24,63430461.85000006
2025-08-01 09:20:10 AM,123.96,100,12396.0,63442857.85000006
2025-08-01 09:20:10 AM,123.89,0,0.0,63442857.85000006
2025-08-01 09:20:11 AM,123.89,12859,1593101.51,65035959.36000006
2025-08-01 09:20:11 AM,123.9,0,0.0,65035959.36000006
2025-08-01 09:20:12 AM,123.9,31,3840.9,65039800.26000006
2025-08-01 09:20:13 AM,123.96,130,16114.8,65055915.060000055
2025-08-01 09:20:13 AM,123.92,0,0.0,65055915.060000055
2025-08-01 09:20:13 AM,123.92,1550,192076.0,65247991.060000055
2025-08-01 09:20:14 AM,123.94,0,0.0,65247991.060000055
2025-08-01 09:20:14 AM,123.92,0,0.0,65247991.060000055
2025-08-01 09:20:15 AM,123.92,188,23296.96,65271288.020000055
2025-08-01 09:20:15 AM,123.91,132,16356.119999999999,65287644.14000005
2025-08-01 09:20:16 AM,123.92,340,42132.8,65329776.94000005
2025-08-01 09:20:17 AM,123.96,0,0.0,65329776.94000005
2025-08-01 09:20:18 AM,123.96,17,2107.3199999999997,65331884.26000005
2025-08-01 09:20:19 AM,123.92,0,0.0,65331884.26000005
2025-08-01 09:20:20 AM,123.92,41,5080.72,65336964.98000005
2025-08-01 09:20:21 AM,123.9,35,4336.5,65341301.48000005
2025-08-01 09:20:21 AM,123.9,30,3717.0,65345018.48000005
2025-08-01 09:20:22 AM,123.92,429,53161.68,65398180.16000005
2025-08-01 09:20:23 AM,123.9,200,24780.0,65422960.16000005
2025-08-01 09:20:24 AM,123.83,5000,619150.0,66042110.16000005
2025-08-01 09:20:26 AM,123.96,0,0.0,66042110.16000005
2025-08-01 09:20:27 AM,123.96,2000,247920.0,66290030.16000005
2025-08-01 09:20:28 AM,123.96,25,3099.0,66293129.16000005
2025-08-01 09:20:29 AM,123.92,10,1239.2,66294368.36000005
2025-08-01 09:20:29 AM,123.94,0,0.0,66294368.36000005
2025-08-01 09:20:30 AM,123.9,111,13752.900000000001,66308121.26000005
2025-08-01 09:20:31 AM,123.89,0,0.0,66308121.26000005
2025-08-01 09:20:31 AM,123.89,50,6194.5,66314315.76000005
2025-08-01 09:20:33 AM,123.89,820,101589.8,66415905.56000005
2025-08-01 09:20:34 AM,123.86,0,0.0,66415905.56000005
2025-08-01 09:20:35 AM,123.86,255,31584.3,66447489.860000044
2025-08-01 09:20:35 AM,123.82,0,0.0,66447489.860000044
2025-08-01 09:20:36 AM,123.82,1093,135335.25999999998,66582825.12000004
2025-08-01 09:20:37 AM,123.86,0,0.0,66582825.12000004
2025-08-01 09:20:38 AM,123.86,320,39635.2,66622460.320000045
2025-08-01 09:20:39 AM,123.85,0,0.0,66622460.320000045
2025-08-01 09:20:40 AM,123.94,2604,322739.76,66945200.08000004
2025-08-01 09:20:42 AM,123.9,700,86730.0,67031930.08000004
2025-08-01 09:20:43 AM,123.9,70,8673.0,67040603.08000004
2025-08-01 09:20:43 AM,123.91,206,25525.46,67066128.540000044
2025-08-01 09:20:45 AM,123.94,131,16236.14,67082364.680000044
2025-08-01 09:20:45 AM,123.9,0,0.0,67082364.680000044
2025-08-01 09:20:46 AM,123.9,4000,495600.0,67577964.68000004
2025-08-01 09:20:49 AM,123.91,15,1858.6499999999999,67579823.33000004
2025-08-01 09:20:49 AM,123.9,0,0.0,67579823.33000004
2025-08-01 09:20:50 AM,123.9,5001,619623.9,68199447.23000005
2025-08-01 09:20:52 AM,123.97,5000,619850.0,68819297.23000005
2025-08-01 09:20:53 AM,124.0,4747,588628.0,69407925.23000005
2025-08-01 09:20:54 AM,123.98,100,12398.0,69420323.23000005
2025-08-01 09:20:55 AM,123.97,100,12397.0,69432720.23000005
2025-08-01 09:20:56 AM,124.02,1000,124020.0,69556740.23000005
2025-08-01 09:20:56 AM,124.01,100,12401.0,69569141.23000005
2025-08-01 09:20:57 AM,124.01,1,124.01,69569265.24000005
2025-08-01 09:20:58 AM,123.96,0,0.0,69569265.24000005
2025-08-01 09:20:59 AM,123.96,405,50203.799999999996,69619469.04000005
2025-08-01 09:21:00 AM,123.96,50,6198.0,69625667.04000005
2025-08-01 09:21:02 AM,124.0,150,18600.0,69644267.04000005
2025-08-01 09:21:03 AM,123.99,40,4959.599999999999,69649226.64000005
2025-08-01 09:21:05 AM,123.96,30,3718.7999999999997,69652945.44000004
2025-08-01 09:21:05 AM,123.99,1,123.99,69653069.43000004
2025-08-01 09:21:07 AM,123.98,63,7810.740000000001,69660880.17000003
2025-08-01 09:21:08 AM,123.98,258,31986.84,69692867.01000004
2025-08-01 09:21:09 AM,123.99,0,0.0,69692867.01000004
2025-08-01 09:21:09 AM,123.99,3599,446240.01,70139107.02000004
2025-08-01 09:21:10 AM,124.1,0,0.0,70139107.02000004
2025-08-01 09:21:11 AM,124.1,1897,235417.69999999998,70374524.72000004
2025-08-01 09:21:13 AM,124.04,7,868.2800000000001,70375393.00000004
2025-08-01 09:21:16 AM,124.04,162,20094.48,70395487.48000005
2025-08-01 09:21:17 AM,124.09,708,87855.72,70483343.20000005
2025-08-01 09:21:21 AM,124.09,163,20226.670000000002,70503569.87000005
2025-08-01 09:21:24 AM,124.11,25,3102.75,70506672.62000005
2025-08-01 09:21:24 AM,124.09,0,0.0,70506672.62000005
2025-08-01 09:21:24 AM,124.09,20,2481.8,70509154.42000005
2025-08-01 09:21:25 AM,124.08,209,25932.72,70535087.14000005
2025-08-01 09:21:26 AM,124.08,6,744.48,70535831.62000005
2025-08-01 09:21:27 AM,124.08,2,248.16,70536079.78000005
2025-08-01 09:21:27 AM,124.1,0,0.0,70536079.78000005
2025-08-01 09:21:28 AM,124.1,1200,148920.0,70684999.78000005
2025-08-01 09:21:28 AM,124.1,900,111690.0,70796689.78000005
2025-08-01 09:21:28 AM,124.08,0,0.0,70796689.78000005
2025-08-01 09:21:29 AM,124.08,65,8065.2,70804754.98000005
2025-08-01 09:21:29 AM,124.1,0,0.0,70804754.98000005
2025-08-01 09:21:29 AM,124.1,104,12906.4,70817661.38000005
2025-08-01 09:21:30 AM,124.06,0,0.0,70817661.38000005
2025-08-01 09:21:30 AM,124.06,3239,401830.34,71219491.72000006
2025-08-01 09:21:32 AM,124.06,50,6203.0,71225694.72000006
2025-08-01 09:21:34 AM,123.97,4700,582659.0,71808353.72000006
2025-08-01 09:21:37 AM,124.06,1,124.06,71808477.78000006
2025-08-01 09:21:37 AM,124.06,250,31015.0,71839492.78000006
2025-08-01 09:21:45 AM,124.06,100,12406.0,71851898.78000006
2025-08-01 09:21:46 AM,124.07,0,0.0,71851898.78000006
2025-08-01 09:21:47 AM,124.07,50,6203.5,71858102.28000006
2025-08-01 09:21:47 AM,124.0,70,8680.0,71866782.28000006
2025-08-01 09:21:48 AM,123.93,4200,520506.0,72387288.28000006
2025-08-01 09:21:51 AM,123.95,0,0.0,72387288.28000006
2025-08-01 09:21:51 AM,123.95,21,2602.9500000000003,72389891.23000006
2025-08-01 09:21:53 AM,123.9,362,44851.8,72434743.03000006
2025-08-01 09:21:53 AM,123.88,0,0.0,72434743.03000006
2025-08-01 09:21:53 AM,123.86,0,0.0,72434743.03000006
2025-08-01 09:21:54 AM,123.86,101,12509.86,72447252.89000006
2025-08-01 09:21:54 AM,123.9,53,6566.700000000001,72453819.59000006
2025-08-01 09:21:55 AM,123.9,10,1239.0,72455058.59000006
2025-08-01 09:21:55 AM,123.9,12,1486.8000000000002,72456545.39000006
2025-08-01 09:21:56 AM,123.89,10,1238.9,72457784.29000007
2025-08-01 09:21:56 AM,123.9,0,0.0,72457784.29000007
2025-08-01 09:21:57 AM,123.9,118,14620.2,72472404.49000007
2025-08-01 09:21:58 AM,123.95,3314,410770.3,72883174.79000007
2025-08-01 09:21:58 AM,124.01,4700,582847.0,73466021.79000007
2025-08-01 09:21:58 AM,124.1,0,0.0,73466021.79000007
2025-08-01 09:21:59 AM,124.1,1093,135641.3,73601663.09000006
2025-08-01 09:21:59 AM,124.1,100,12410.0,73614073.09000006
2025-08-01 09:22:00 AM,124.07,251,31141.57,73645214.66000006
2025-08-01 09:22:02 AM,124.12,100,12412.0,73657626.66000006
2025-08-01 09:22:03 AM,124.12,1,124.12,73657750.78000006
2025-08-01 09:22:08 AM,124.09,35,4343.150000000001,73662093.93000007
2025-08-01 09:22:09 AM,124.07,50,6203.5,73668297.43000007
2025-08-01 09:22:11 AM,124.04,16050,1990842.0,75659139.43000007
2025-08-01 09:22:11 AM,124.06,0,0.0,75659139.43000007
2025-08-01 09:22:12 AM,124.06,30,3721.8,75662861.23000006
2025-08-01 09:22:12 AM,124.01,33,4092.3300000000004,75666953.56000006
2025-08-01 09:22:13 AM,123.98,382,47360.36,75714313.92000006
2025-08-01 09:22:19 AM,123.96,100,12396.0,75726709.92000006
2025-08-01 09:22:19 AM,124.02,0,0.0,75726709.92000006
2025-08-01 09:22:20 AM,124.02,300,37206.0,75763915.92000006
2025-08-01 09:22:20 AM,124.02,2185,270983.7,76034899.62000006
2025-08-01 09:22:22 AM,124.03,800,99224.0,76134123.62000006
2025-08-01 09:22:24 AM,124.11,900,111699.0,76245822.62000006
2025-08-01 09:22:24 AM,124.13,0,0.0,76245822.62000006
2025-08-01 09:22:25 AM,124.1,9600,1191360.0,77437182.62000006
2025-08-01 09:22:26 AM,124.07,5705,707819.35,78145001.97000006
2025-08-01 09:22:30 AM,124.16,3766,467586.56,78612588.53000006
2025-08-01 09:22:34 AM,124.15,0,0.0,78612588.53000006
2025-08-01 09:22:35 AM,124.15,100,12415.0,78625003.53000006
2025-08-01 09:22:36 AM,124.21,0,0.0,78625003.53000006
2025-08-01 09:22:37 AM,124.21,4700,583787.0,79208790.53000006
2025-08-01 09:22:38 AM,124.16,0,0.0,79208790.53000006
2025-08-01 09:22:39 AM,124.16,200,24832.0,79233622.53000006
2025-08-01 09:22:40 AM,124.12,1,124.12,79233746.65000007
2025-08-01 09:22:42 AM,124.12,5,620.6,79234367.25000006
2025-08-01 09:22:43 AM,124.1,602,74708.2,79309075.45000006
2025-08-01 09:22:46 AM,124.1,242,30032.199999999997,79339107.65000007
2025-08-01 09:22:48 AM,124.12,9,1117.08,79340224.73000006
2025-08-01 09:22:49 AM,124.12,1365,169423.80000000002,79509648.53000006
2025-08-01 09:22:49 AM,124.1,100,12410.0,79522058.53000006
2025-08-01 09:22:49 AM,124.07,0,0.0,79522058.53000006
2025-08-01 09:22:50 AM,124.07,198,24565.859999999997,79546624.39000006
2025-08-01 09:22:50 AM,124.05,11,1364.55,79547988.94000006
2025-08-01 09:22:52 AM,124.09,0,0.0,79547988.94000006
2025-08-01 09:22:52 AM,124.09,2025,251282.25,79799271.19000006
2025-08-01 09:22:55 AM,124.09,100,12409.0,79811680.19000006
2025-08-01 09:22:56 AM,124.08,5,620.4,79812300.59000006
2025-08-01 09:22:58 AM,124.08,208,25808.64,79838109.23000006
2025-08-01 09:22:58 AM,124.11,0,0.0,79838109.23000006
2025-08-01 09:22:59 AM,124.05,2850,353542.5,80191651.73000006
2025-08-01 09:23:00 AM,124.1,7,868.6999999999999,80192520.43000007
2025-08-01 09:23:04 AM,124.05,0,0.0,80192520.43000007
2025-08-01 09:23:05 AM,124.05,200,24810.0,80217330.43000007
2025-08-01 09:23:10 AM,124.09,0,0.0,80217330.43000007
2025-08-01 09:23:11 AM,124.09,100,12409.0,80229739.43000007
2025-08-01 09:23:12 AM,124.19,1680,208639.19999999998,80438378.63000007
2025-08-01 09:23:12 AM,124.23,0,0.0,80438378.63000007
2025-08-01 09:23:12 AM,124.24,0,0.0,80438378.63000007
2025-08-01 09:23:13 AM,124.25,1614,200539.5,80638918.13000007
2025-08-01 09:23:13 AM,124.28,0,0.0,80638918.13000007
2025-08-01 09:23:14 AM,124.28,729,90600.12,80729518.25000007
2025-08-01 09:23:15 AM,124.29,0,0.0,80729518.25000007
2025-08-01 09:23:16 AM,124.27,3661,454952.47,81184470.72000007
2025-08-01 09:23:17 AM,124.35,0,0.0,81184470.72000007
2025-08-01 09:23:18 AM,124.35,53,6590.549999999999,81191061.27000007
2025-08-01 09:23:18 AM,124.32,0,0.0,81191061.27000007
2025-08-01 09:23:19 AM,124.32,25,3108.0,81194169.27000007
2025-08-01 09:23:19 AM,124.34,0,0.0,81194169.27000007
2025-08-01 09:23:20 AM,124.28,105,13049.4,81207218.67000008
2025-08-01 09:23:22 AM,124.21,0,0.0,81207218.67000008
2025-08-01 09:23:23 AM,124.21,1000,124210.0,81331428.67000008
2025-08-01 09:23:27 AM,124.21,140,17389.399999999998,81348818.07000008
2025-08-01 09:23:28 AM,124.18,2911,361487.98000000004,81710306.05000009
2025-08-01 09:23:28 AM,124.21,0,0.0,81710306.05000009
2025-08-01 09:23:28 AM,124.14,0,0.0,81710306.05000009
2025-08-01 09:23:29 AM,124.14,1370,170071.8,81880377.85000008
2025-08-01 09:23:30 AM,124.14,200,24828.0,81905205.85000008
2025-08-01 09:23:33 AM,124.14,100,12414.0,81917619.85000008
2025-08-01 09:23:33 AM,124.15,32,3972.8,81921592.65000008
2025-08-01 09:23:33 AM,124.14,0,0.0,81921592.65000008
2025-08-01 09:23:34 AM,124.14,800,99312.0,82020904.65000008
2025-08-01 09:23:34 AM,124.2,0,0.0,82020904.65000008
2025-08-01 09:23:35 AM,124.2,200,24840.0,82045744.65000008
2025-08-01 09:23:39 AM,124.1,1152,142963.19999999998,82188707.85000008
2025-08-01 09:23:40 AM,124.1,4,496.4,82189204.25000009
2025-08-01 09:23:40 AM,124.08,121,15013.68,82204217.9300001
2025-08-01 09:23:41 AM,124.08,10,1240.8,82205458.7300001
2025-08-01 09:23:43 AM,124.08,500,62040.0,82267498.7300001
2025-08-01 09:23:45 AM,124.08,4,496.32,82267995.05000009
2025-08-01 09:23:45 AM,124.08,55,6824.4,82274819.45000009
2025-08-01 09:23:47 AM,124.08,20,2481.6,82277301.05000009
2025-08-01 09:23:48 AM,124.08,15,1861.2,82279162.25000009
2025-08-01 09:23:49 AM,124.08,39,4839.12,82284001.3700001
2025-08-01 09:23:51 AM,124.1,2,248.2,82284249.5700001
2025-08-01 09:23:51 AM,124.1,198,24571.8,82308821.3700001
2025-08-01 09:23:52 AM,124.07,0,0.0,82308821.3700001
2025-08-01 09:23:53 AM,124.07,2000,248140.0,82556961.3700001
2025-08-01 09:23:55 AM,124.1,0,0.0,82556961.3700001
2025-08-01 09:23:55 AM,124.1,21,2606.1,82559567.47000009
2025-08-01 09:23:58 AM,124.15,300,37245.0,82596812.47000009
2025-08-01 09:23:58 AM,124.08,0,0.0,82596812.47000009
2025-08-01 09:23:58 AM,124.08,115,14269.199999999999,82611081.67000009
2025-08-01 09:24:00 AM,124.13,100,12413.0,82623494.67000009
2025-08-01 09:24:02 AM,124.11,300,37233.0,82660727.67000009
2025-08-01 09:24:02 AM,124.05,0,0.0,82660727.67000009
2025-08-01 09:24:03 AM,124.05,1118,138687.9,82799415.5700001
2025-08-01 09:24:03 AM,124.07,0,0.0,82799415.5700001
2025-08-01 09:24:04 AM,124.07,352,43672.64,82843088.2100001
2025-08-01 09:24:10 AM,124.07,118,14640.259999999998,82857728.4700001
2025-08-01 09:24:14 AM,124.08,1,124.08,82857852.5500001
2025-08-01 09:24:16 AM,124.07,158,19603.059999999998,82877455.6100001
2025-08-01 09:24:17 AM,124.07,500,62035.0,82939490.6100001
2025-08-01 09:24:18 AM,124.06,240,29774.4,82969265.01000011
2025-08-01 09:24:19 AM,124.18,2701,335410.18,83304675.19000012
2025-08-01 09:24:20 AM,124.24,4700,583928.0,83888603.19000012
2025-08-01 09:24:22 AM,124.2,110,13662.0,83902265.19000012
2025-08-01 09:24:25 AM,124.19,6,745.14,83903010.33000012
2025-08-01 09:24:26 AM,124.16,0,0.0,83903010.33000012
2025-08-01 09:24:26 AM,124.16,2,248.32,83903258.65000011
2025-08-01 09:24:27 AM,124.15,0,0.0,83903258.65000011
2025-08-01 09:24:27 AM,124.15,400,49660.0,83952918.65000011
2025-08-01 09:24:28 AM,124.16,384,47677.44,84000596.09000011
2025-08-01 09:24:29 AM,124.15,75,9311.25,84009907.34000011
2025-08-01 09:24:31 AM,124.12,4,496.48,84010403.82000011
2025-08-01 09:24:32 AM,124.14,100,12414.0,84022817.82000011
2025-08-01 09:24:36 AM,124.15,1000,124150.0,84146967.82000011
2025-08-01 09:24:37 AM,124.13,0,0.0,84146967.82000011
2025-08-01 09:24:38 AM,124.13,1,124.13,84147091.9500001
2025-08-01 09:24:38 AM,124.14,1,124.14,84147216.09000011
2025-08-01 09:24:39 AM,124.12,25,3103.0,84150319.09000011
2025-08-01 09:24:43 AM,124.14,100,12414.0,84162733.09000011
2025-08-01 09:24:44 AM,124.1,50,6205.0,84168938.09000011
2025-08-01 09:24:50 AM,124.13,150,18619.5,84187557.59000011
2025-08-01 09:24:53 AM,124.08,1557,193192.56,84380750.15000011
2025-08-01 09:24:53 AM,124.12,0,0.0,84380750.15000011
2025-08-01 09:24:54 AM,124.12,2,248.24,84380998.3900001
2025-08-01 09:24:57 AM,124.11,0,0.0,84380998.3900001
2025-08-01 09:24:58 AM,124.11,1,124.11,84381122.5000001
2025-08-01 09:24:59 AM,124.05,0,0.0,84381122.5000001
2025-08-01 09:24:59 AM,124.05,113,14017.65,84395140.15000011
2025-08-01 09:25:01 AM,124.05,30,3721.5,84398861.65000011
2025-08-01 09:25:01 AM,124.0,0,0.0,84398861.65000011
2025-08-01 09:25:02 AM,124.06,8134,1009104.04,85407965.69000012
2025-08-01 09:25:02 AM,124.01,0,0.0,85407965.69000012
2025-08-01 09:25:03 AM,124.01,303,37575.03,85445540.72000012
2025-08-01 09:25:03 AM,124.06,0,0.0,85445540.72000012
2025-08-01 09:25:04 AM,124.06,14,1736.8400000000001,85447277.56000012
2025-08-01 09:25:05 AM,124.1,0,0.0,85447277.56000012
2025-08-01 09:25:05 AM,124.1,4700,583270.0,86030547.56000012
2025-08-01 09:25:06 AM,124.11,0,0.0,86030547.56000012
2025-08-01 09:25:06 AM,124.11,4700,583317.0,86613864.56000012
2025-08-01 09:25:06 AM,124.14,0,0.0,86613864.56000012
2025-08-01 09:25:07 AM,124.14,4700,583458.0,87197322.56000012
2025-08-01 09:25:08 AM,124.05,291,36098.549999999996,87233421.11000012
2025-08-01 09:25:11 AM,124.07,0,0.0,87233421.11000012
2025-08-01 09:25:12 AM,124.07,1,124.07,87233545.18000011
2025-08-01 09:25:14 AM,124.1,1220,151402.0,87384947.18000011
2025-08-01 09:25:14 AM,124.16,0,0.0,87384947.18000011
2025-08-01 09:25:15 AM,124.2,9400,1167480.0,88552427.18000011
2025-08-01 09:25:15 AM,124.1,0,0.0,88552427.18000011
2025-08-01 09:25:16 AM,124.1,216,26805.6,88579232.7800001
2025-08-01 09:25:16 AM,124.12,10,1241.2,88580473.98000011
2025-08-01 09:25:17 AM,124.08,500,62040.0,88642513.98000011
2025-08-01 09:25:18 AM,124.08,300,37224.0,88679737.98000011
2025-08-01 09:25:20 AM,124.16,0,0.0,88679737.98000011
2025-08-01 09:25:21 AM,124.16,1200,148992.0,88828729.98000011
2025-08-01 09:25:22 AM,124.15,0,0.0,88828729.98000011
2025-08-01 09:25:23 AM,124.1,14,1737.3999999999999,88830467.38000011
2025-08-01 09:25:23 AM,124.15,0,0.0,88830467.38000011
2025-08-01 09:25:24 AM,124.15,4700,583505.0,89413972.38000011
2025-08-01 09:25:24 AM,124.1,0,0.0,89413972.38000011
2025-08-01 09:25:25 AM,124.1,89,11044.9,89425017.28000012
2025-08-01 09:25:26 AM,124.22,21244,2638929.68,92063946.96000013
2025-08-01 09:25:26 AM,124.15,0,0.0,92063946.96000013
2025-08-01 09:25:27 AM,124.23,5273,655064.79,92719011.75000013
2025-08-01 09:25:27 AM,124.21,0,0.0,92719011.75000013
2025-08-01 09:25:28 AM,124.21,4700,583787.0,93302798.75000013
2025-08-01 09:25:28 AM,124.16,0,0.0,93302798.75000013
2025-08-01 09:25:29 AM,124.16,4892,607390.72,93910189.47000013
2025-08-01 09:25:32 AM,124.19,0,0.0,93910189.47000013
2025-08-01 09:25:32 AM,124.19,8,993.52,93911182.99000013
2025-08-01 09:25:33 AM,124.18,308,38247.44,93949430.43000013
2025-08-01 09:25:35 AM,124.26,0,0.0,93949430.43000013
2025-08-01 09:25:36 AM,124.26,5150,639939.0,94589369.43000013
2025-08-01 09:25:37 AM,124.18,0,0.0,94589369.43000013
2025-08-01 09:25:37 AM,124.25,0,0.0,94589369.43000013
2025-08-01 09:25:38 AM,124.25,4909,609943.25,95199312.68000013
2025-08-01 09:25:39 AM,124.22,4900,608678.0,95807990.68000013
2025-08-01 09:25:40 AM,124.12,296,36739.520000000004,95844730.20000012
2025-08-01 09:25:40 AM,124.21,0,0.0,95844730.20000012
2025-08-01 09:25:41 AM,124.21,5934,737062.14,96581792.34000012
2025-08-01 09:25:44 AM,124.2,0,0.0,96581792.34000012
2025-08-01 09:25:44 AM,124.2,4150,515430.0,97097222.34000012
2025-08-01 09:25:45 AM,124.19,0,0.0,97097222.34000012
2025-08-01 09:25:46 AM,124.19,211,26204.09,97123426.43000013
2025-08-01 09:25:47 AM,124.19,25,3104.75,97126531.18000013
2025-08-01 09:25:47 AM,124.12,0,0.0,97126531.18000013
2025-08-01 09:25:48 AM,124.12,5500,682660.0,97809191.18000013
2025-08-01 09:25:48 AM,124.16,0,0.0,97809191.18000013
2025-08-01 09:25:49 AM,124.16,203,25204.48,97834395.66000013
2025-08-01 09:25:49 AM,124.15,0,0.0,97834395.66000013
2025-08-01 09:25:50 AM,124.15,500,62075.0,97896470.66000013
2025-08-01 09:25:51 AM,124.08,1969,244313.52,98140784.18000013
2025-08-01 09:25:52 AM,124.08,167,20721.36,98161505.54000013
2025-08-01 09:25:53 AM,124.17,1,124.17,98161629.71000013
2025-08-01 09:25:54 AM,124.08,0,0.0,98161629.71000013
2025-08-01 09:25:55 AM,124.08,500,62040.0,98223669.71000013
2025-08-01 09:25:57 AM,124.16,814,101066.23999999999,98324735.95000012
2025-08-01 09:25:58 AM,124.1,0,0.0,98324735.95000012
2025-08-01 09:25:59 AM,124.1,401,49764.1,98374500.05000012
2025-08-01 09:26:00 AM,124.1,118,14643.8,98389143.85000011
2025-08-01 09:26:00 AM,124.14,0,0.0,98389143.85000011
2025-08-01 09:26:01 AM,124.14,501,62194.14,98451337.99000011
2025-08-01 09:26:01 AM,124.08,0,0.0,98451337.99000011
2025-08-01 09:26:02 AM,124.08,344,42683.52,98494021.51000011
2025-08-01 09:26:03 AM,124.1,4725,586372.5,99080394.01000011
2025-08-01 09:26:04 AM,124.08,500,62040.0,99142434.01000011
2025-08-01 09:26:05 AM,124.08,964,119613.12,99262047.13000011
2025-08-01 09:26:05 AM,124.05,181,22453.05,99284500.18000011
2025-08-01 09:26:05 AM,124.08,0,0.0,99284500.18000011
2025-08-01 09:26:06 AM,124.08,1020,126561.59999999999,99411061.7800001
2025-08-01 09:26:08 AM,124.08,200,24816.0,99435877.7800001
2025-08-01 09:26:10 AM,123.94,0,0.0,99435877.7800001
2025-08-01 09:26:11 AM,123.94,12860,1593868.4,101029746.18000011
2025-08-01 09:26:11 AM,124.03,2000,248060.0,101277806.18000011
2025-08-01 09:26:12 AM,124.0,0,0.0,101277806.18000011
2025-08-01 09:26:13 AM,124.0,1000,124000.0,101401806.18000011
2025-08-01 09:26:14 AM,123.99,0,0.0,101401806.18000011
2025-08-01 09:26:14 AM,123.99,57,7067.429999999999,101408873.61000012
2025-08-01 09:26:15 AM,123.94,46,5701.24,101414574.85000011
2025-08-01 09:26:16 AM,123.94,600,74364.0,101488938.85000011
2025-08-01 09:26:18 AM,123.9,0,0.0,101488938.85000011
2025-08-01 09:26:18 AM,123.9,2000,247800.0,101736738.85000011
2025-08-01 09:26:19 AM,123.94,0,0.0,101736738.85000011
2025-08-01 09:26:19 AM,123.94,1,123.94,101736862.79000011
2025-08-01 09:26:21 AM,123.85,9638,1193666.3,102930529.09000011
2025-08-01 09:26:24 AM,123.91,20,2478.2,102933007.29000011
2025-08-01 09:26:26 AM,123.84,200,24768.0,102957775.29000011
2025-08-01 09:26:27 AM,123.82,390,48289.799999999996,103006065.09000011
2025-08-01 09:26:28 AM,123.83,0,0.0,103006065.09000011
2025-08-01 09:26:29 AM,123.83,129,15974.07,103022039.1600001
2025-08-01 09:26:30 AM,123.88,152,18829.76,103040868.9200001
2025-08-01 09:26:30 AM,123.83,50,6191.5,103047060.4200001
2025-08-01 09:26:31 AM,123.88,130,16104.4,103063164.82000011
2025-08-01 09:26:32 AM,123.88,6,743.28,103063908.10000011
2025-08-01 09:26:35 AM,123.86,512,63416.32,103127324.4200001
2025-08-01 09:26:36 AM,123.9,1856,229958.40000000002,103357282.82000011
2025-08-01 09:26:36 AM,123.95,0,0.0,103357282.82000011
2025-08-01 09:26:37 AM,123.95,749,92838.55,103450121.37000011
2025-08-01 09:26:47 AM,123.9,6,743.4000000000001,103450864.77000012
2025-08-01 09:26:48 AM,123.89,0,0.0,103450864.77000012
2025-08-01 09:26:49 AM,123.89,200,24778.0,103475642.77000012
2025-08-01 09:26:51 AM,123.93,0,0.0,103475642.77000012
2025-08-01 09:26:52 AM,123.93,1524,188869.32,103664512.09000011
2025-08-01 09:26:52 AM,123.93,100,12393.0,103676905.09000011
2025-08-01 09:26:54 AM,123.99,0,0.0,103676905.09000011
2025-08-01 09:26:55 AM,123.99,1,123.99,103677029.0800001
2025-08-01 09:26:57 AM,123.93,0,0.0,103677029.0800001
2025-08-01 09:26:58 AM,123.93,10,1239.3000000000002,103678268.3800001
2025-08-01 09:27:01 AM,123.94,0,0.0,103678268.3800001
2025-08-01 09:27:02 AM,123.94,71,8799.74,103687068.1200001
2025-08-01 09:27:03 AM,123.9,13,1610.7,103688678.8200001
2025-08-01 09:27:05 AM,123.85,677,83846.45,103772525.2700001
2025-08-01 09:27:05 AM,123.86,0,0.0,103772525.2700001
2025-08-01 09:27:06 AM,123.87,2421,299889.27,104072414.5400001
2025-08-01 09:27:08 AM,123.82,499,61786.17999999999,104134200.7200001
2025-08-01 09:27:09 AM,123.87,0,0.0,104134200.7200001
2025-08-01 09:27:10 AM,123.87,20,2477.4,104136678.12000011
2025-08-01 09:27:12 AM,123.8,8136,1007236.7999999999,105143914.9200001
2025-08-01 09:27:12 AM,123.74,0,0.0,105143914.9200001
2025-08-01 09:27:13 AM,123.74,1000,123740.0,105267654.9200001
2025-08-01 09:27:13 AM,123.75,0,0.0,105267654.9200001
2025-08-01 09:27:13 AM,123.81,0,0.0,105267654.9200001
2025-08-01 09:27:14 AM,123.81,101,12504.81,105280159.73000011
2025-08-01 09:27:14 AM,123.78,100,12378.0,105292537.73000011
2025-08-01 09:27:14 AM,123.81,0,0.0,105292537.73000011
2025-08-01 09:27:15 AM,123.81,5074,628211.9400000001,105920749.6700001
2025-08-01 09:27:16 AM,123.81,351,43457.31,105964206.98000011
2025-08-01 09:27:16 AM,123.81,60,7428.6,105971635.5800001
2025-08-01 09:27:17 AM,123.8,339,41968.2,106013603.7800001
2025-08-01 09:27:18 AM,123.8,200,24760.0,106038363.7800001
2025-08-01 09:27:18 AM,123.84,0,0.0,106038363.7800001
2025-08-01 09:27:19 AM,123.84,200,24768.0,106063131.7800001
2025-08-01 09:27:20 AM,123.84,10,1238.4,106064370.18000011
2025-08-01 09:27:23 AM,123.83,50,6191.5,106070561.68000011
2025-08-01 09:27:23 AM,123.85,0,0.0,106070561.68000011
2025-08-01 09:27:24 AM,123.85,600,74310.0,106144871.68000011
2025-08-01 09:27:28 AM,123.84,0,0.0,106144871.68000011
2025-08-01 09:27:29 AM,123.84,4700,582048.0,106726919.68000011
2025-08-01 09:27:30 AM,123.82,0,0.0,106726919.68000011
2025-08-01 09:27:31 AM,123.82,50,6191.0,106733110.68000011
2025-08-01 09:27:31 AM,123.81,0,0.0,106733110.68000011
2025-08-01 09:27:32 AM,123.81,100,12381.0,106745491.68000011
2025-08-01 09:27:32 AM,123.83,0,0.0,106745491.68000011
2025-08-01 09:27:33 AM,123.83,100,12383.0,106757874.68000011
2025-08-01 09:27:36 AM,123.83,2,247.66,106758122.34000011
2025-08-01 09:27:38 AM,123.83,55,6810.65,106764932.99000011
2025-08-01 09:27:39 AM,123.81,0,0.0,106764932.99000011
2025-08-01 09:27:40 AM,123.81,500,61905.0,106826837.99000011
2025-08-01 09:27:41 AM,123.82,0,0.0,106826837.99000011
2025-08-01 09:27:42 AM,123.82,1,123.82,106826961.8100001
2025-08-01 09:27:44 AM,123.82,50,6191.0,106833152.8100001
2025-08-01 09:27:47 AM,123.82,100,12382.0,106845534.8100001
2025-08-01 09:27:47 AM,123.81,0,0.0,106845534.8100001
2025-08-01 09:27:48 AM,123.81,271,33552.51,106879087.32000011
2025-08-01 09:27:50 AM,123.78,0,0.0,106879087.32000011
2025-08-01 09:27:51 AM,123.78,10,1237.8,106880325.12000011
2025-08-01 09:27:53 AM,123.76,0,0.0,106880325.12000011
2025-08-01 09:27:54 AM,123.75,5171,639911.25,107520236.37000011
2025-08-01 09:27:55 AM,123.74,16,1979.84,107522216.21000011
2025-08-01 09:27:56 AM,123.74,100,12374.0,107534590.21000011
2025-08-01 09:27:56 AM,123.73,0,0.0,107534590.21000011
2025-08-01 09:27:57 AM,123.73,161,19920.53,107554510.74000011
2025-08-01 09:28:00 AM,123.72,1000,123720.0,107678230.74000011
2025-08-01 09:28:00 AM,123.7,400,49480.0,107727710.74000011
2025-08-01 09:28:00 AM,123.74,0,0.0,107727710.74000011
2025-08-01 09:28:01 AM,123.72,232,28703.04,107756413.78000012
2025-08-01 09:28:02 AM,123.7,0,0.0,107756413.78000012
2025-08-01 09:28:03 AM,123.65,17985,2223845.25,109980259.03000012
2025-08-01 09:28:03 AM,123.6,0,0.0,109980259.03000012
2025-08-01 09:28:04 AM,123.61,4469,552413.09,110532672.12000012
2025-08-01 09:28:04 AM,123.65,0,0.0,110532672.12000012
2025-08-01 09:28:05 AM,123.65,1002,123897.3,110656569.42000012
2025-08-01 09:28:07 AM,123.66,10,1236.6,110657806.02000012
2025-08-01 09:28:09 AM,123.65,5,618.25,110658424.27000012
2025-08-01 09:28:10 AM,123.6,0,0.0,110658424.27000012
2025-08-01 09:28:10 AM,123.6,480,59328.0,110717752.27000012
2025-08-01 09:28:11 AM,123.6,99,12236.4,110729988.67000012
2025-08-01 09:28:14 AM,123.63,0,0.0,110729988.67000012
2025-08-01 09:28:15 AM,123.61,402,49691.22,110779679.89000012
2025-08-01 09:28:16 AM,123.55,10001,1235623.55,112015303.44000012
2025-08-01 09:28:18 AM,123.73,6633,820701.0900000001,112836004.53000012
2025-08-01 09:28:19 AM,123.71,7056,872897.76,113708902.29000013
2025-08-01 09:28:19 AM,123.72,0,0.0,113708902.29000013
2025-08-01 09:28:19 AM,123.74,0,0.0,113708902.29000013
2025-08-01 09:28:20 AM,123.74,677,83771.98,113792674.27000013
2025-08-01 09:28:21 AM,123.67,100,12367.0,113805041.27000013
2025-08-01 09:28:21 AM,123.65,0,0.0,113805041.27000013
2025-08-01 09:28:22 AM,123.65,24,2967.6000000000004,113808008.87000012
2025-08-01 09:28:23 AM,123.71,25,3092.75,113811101.62000012
2025-08-01 09:28:26 AM,123.61,1134,140173.74,113951275.36000012
2025-08-01 09:28:28 AM,123.69,0,0.0,113951275.36000012
2025-08-01 09:28:29 AM,123.69,575,71121.75,114022397.11000012
2025-08-01 09:28:29 AM,123.71,0,0.0,114022397.11000012
2025-08-01 09:28:30 AM,123.71,50,6185.5,114028582.61000012
2025-08-01 09:28:30 AM,123.64,0,0.0,114028582.61000012
2025-08-01 09:28:31 AM,123.64,93,11498.52,114040081.13000011
2025-08-01 09:28:32 AM,123.61,0,0.0,114040081.13000011
2025-08-01 09:28:33 AM,123.61,402,49691.22,114089772.35000011
2025-08-01 09:28:34 AM,123.61,500,61805.0,114151577.35000011
2025-08-01 09:28:37 AM,123.68,1,123.68,114151701.03000012
2025-08-01 09:28:38 AM,123.61,0,0.0,114151701.03000012
2025-08-01 09:28:38 AM,123.61,500,61805.0,114213506.03000012
2025-08-01 09:28:40 AM,123.67,0,0.0,114213506.03000012
2025-08-01 09:28:41 AM,123.67,1000,123670.0,114337176.03000012
2025-08-01 09:28:42 AM,123.67,953,117857.51,114455033.54000013
2025-08-01 09:28:42 AM,123.68,0,0.0,114455033.54000013
2025-08-01 09:28:43 AM,123.68,9337,1154800.1600000001,115609833.70000012
2025-08-01 09:28:44 AM,123.68,130,16078.400000000001,115625912.10000013
2025-08-01 09:28:47 AM,123.7,0,0.0,115625912.10000013
2025-08-01 09:28:47 AM,123.7,1,123.7,115626035.80000013
2025-08-01 09:28:48 AM,123.69,364,45023.159999999996,115671058.96000013
2025-08-01 09:28:49 AM,123.65,1200,148380.0,115819438.96000013
2025-08-01 09:28:49 AM,123.7,0,0.0,115819438.96000013
2025-08-01 09:28:49 AM,123.7,25,3092.5,115822531.46000013
2025-08-01 09:28:50 AM,123.7,38,4700.6,115827232.06000012
2025-08-01 09:28:51 AM,123.7,7,865.9,115828097.96000013
2025-08-01 09:28:52 AM,123.71,0,0.0,115828097.96000013
2025-08-01 09:28:52 AM,123.72,4932,610187.04,116438285.00000013
2025-08-01 09:28:53 AM,123.71,432,53442.719999999994,116491727.72000013
2025-08-01 09:28:54 AM,123.72,0,0.0,116491727.72000013
2025-08-01 09:28:54 AM,123.72,5,618.6,116492346.32000013
2025-08-01 09:28:55 AM,123.78,1416,175272.48,116667618.80000013
2025-08-01 09:28:56 AM,123.79,331,40974.490000000005,116708593.29000013
2025-08-01 09:28:58 AM,123.8,0,0.0,116708593.29000013
2025-08-01 09:28:58 AM,123.8,50,6190.0,116714783.29000013
2025-08-01 09:28:58 AM,123.79,263,32556.77,116747340.06000012
2025-08-01 09:28:59 AM,123.72,4700,581484.0,117328824.06000012
2025-08-01 09:29:00 AM,123.8,3,371.4,117329195.46000013
2025-08-01 09:29:00 AM,123.74,0,0.0,117329195.46000013
2025-08-01 09:29:01 AM,123.74,55,6805.7,117336001.16000013
2025-08-01 09:29:01 AM,123.74,300,37122.0,117373123.16000013
2025-08-01 09:29:01 AM,123.77,0,0.0,117373123.16000013
2025-08-01 09:29:02 AM,123.77,3,371.31,117373494.47000013
2025-08-01 09:29:03 AM,123.85,0,0.0,117373494.47000013
2025-08-01 09:29:03 AM,123.85,9000,1114650.0,118488144.47000013
2025-08-01 09:29:04 AM,123.73,500,61865.0,118550009.47000013
2025-08-01 09:29:04 AM,123.77,1200,148524.0,118698533.47000013
2025-08-01 09:29:06 AM,123.77,150,18565.5,118717098.97000013
2025-08-01 09:29:07 AM,123.73,37,4578.01,118721676.98000014
2025-08-01 09:29:07 AM,123.7,0,0.0,118721676.98000014
2025-08-01 09:29:08 AM,123.7,601,74343.7,118796020.68000014
2025-08-01 09:29:08 AM,123.7,350,43295.0,118839315.68000014
2025-08-01 09:29:10 AM,123.65,4194,518588.10000000003,119357903.78000014
2025-08-01 09:29:13 AM,123.65,5,618.25,119358522.03000014
2025-08-01 09:29:16 AM,123.61,1100,135971.0,119494493.03000014
2025-08-01 09:29:17 AM,123.61,500,61805.0,119556298.03000014
2025-08-01 09:29:18 AM,123.64,1,123.64,119556421.67000014
2025-08-01 09:29:18 AM,123.61,0,0.0,119556421.67000014
2025-08-01 09:29:18 AM,123.61,535,66131.35,119622553.02000013
2025-08-01 09:29:19 AM,123.6,0,0.0,119622553.02000013
2025-08-01 09:29:20 AM,123.58,0,0.0,119622553.02000013
2025-08-01 09:29:20 AM,123.58,6324,781519.92,120404072.94000013
2025-08-01 09:29:20 AM,123.55,0,0.0,120404072.94000013
2025-08-01 09:29:21 AM,123.59,0,0.0,120404072.94000013
2025-08-01 09:29:21 AM,123.58,500,61790.0,120465862.94000013
2025-08-01 09:29:21 AM,123.59,20,2471.8,120468334.74000013
2025-08-01 09:29:23 AM,123.6,1,123.6,120468458.34000012
2025-08-01 09:29:24 AM,123.55,250,30887.5,120499345.84000012
2025-08-01 09:29:25 AM,123.55,40,4942.0,120504287.84000012
2025-08-01 09:29:26 AM,123.55,11,1359.05,120505646.89000012
2025-08-01 09:29:27 AM,123.55,520,64246.0,120569892.89000012
2025-08-01 09:29:30 AM,123.59,15,1853.8500000000001,120571746.74000011
2025-08-01 09:29:31 AM,123.59,68,8404.12,120580150.86000012
2025-08-01 09:29:34 AM,123.59,1,123.59,120580274.45000012
2025-08-01 09:29:35 AM,123.55,1000,123550.0,120703824.45000012
2025-08-01 09:29:35 AM,123.59,25,3089.75,120706914.20000012
2025-08-01 09:29:36 AM,123.55,2,247.1,120707161.30000012
2025-08-01 09:29:36 AM,123.59,0,0.0,120707161.30000012
2025-08-01 09:29:36 AM,123.59,1,123.59,120707284.89000012
2025-08-01 09:29:40 AM,123.5,0,0.0,120707284.89000012
2025-08-01 09:29:40 AM,123.5,10249,1265751.5,121973036.39000012
2025-08-01 09:29:41 AM,123.56,0,0.0,121973036.39000012
2025-08-01 09:29:41 AM,123.55,4504,556469.2,122529505.59000012
2025-08-01 09:29:41 AM,123.5,0,0.0,122529505.59000012
2025-08-01 09:29:42 AM,123.5,580,71630.0,122601135.59000012
2025-08-01 09:29:42 AM,123.56,0,0.0,122601135.59000012
2025-08-01 09:29:43 AM,123.56,158,19522.48,122620658.07000013
2025-08-01 09:29:44 AM,123.53,0,0.0,122620658.07000013
2025-08-01 09:29:45 AM,123.53,15,1852.95,122622511.02000013
2025-08-01 09:29:46 AM,123.52,40,4940.8,122627451.82000013
2025-08-01 09:29:47 AM,123.52,50,6176.0,122633627.82000013
2025-08-01 09:29:47 AM,123.56,0,0.0,122633627.82000013
2025-08-01 09:29:48 AM,123.56,26,3212.56,122636840.38000013
2025-08-01 09:29:48 AM,123.52,1,123.52,122636963.90000013
2025-08-01 09:29:49 AM,123.51,1153,142407.03,122779370.93000013
2025-08-01 09:29:50 AM,123.55,0,0.0,122779370.93000013
2025-08-01 09:29:50 AM,123.58,6657,822672.0599999999,123602042.99000013
2025-08-01 09:29:54 AM,123.56,91,11243.960000000001,123613286.95000012
2025-08-01 09:29:55 AM,123.62,0,0.0,123613286.95000012
2025-08-01 09:29:56 AM,123.6,0,0.0,123613286.95000012
2025-08-01 09:29:56 AM,123.6,4701,581043.6,124194330.55000012
2025-08-01 09:29:57 AM,123.59,45,5561.55,124199892.10000011
2025-08-01 09:29:58 AM,123.55,750,92662.5,124292554.60000011
2025-08-01 09:29:59 AM,123.61,1806,223239.66,124515794.26000011
2025-08-01 09:30:00 AM,123.58,100,12358.0,124528152.26000011
2025-08-01 09:30:02 AM,123.56,172,21252.32,124549404.5800001
2025-08-01 09:30:02 AM,123.57,1,123.57,124549528.1500001
2025-08-01 09:30:02 AM,123.56,0,0.0,124549528.1500001
2025-08-01 09:30:03 AM,123.57,0,0.0,124549528.1500001
2025-08-01 09:30:03 AM,123.57,292,36082.439999999995,124585610.5900001
2025-08-01 09:30:03 AM,123.5,0,0.0,124585610.5900001
2025-08-01 09:30:04 AM,123.48,47158,5823069.84,130408680.4300001
2025-08-01 09:30:07 AM,123.41,1600,197456.0,130606136.4300001
2025-08-01 09:30:09 AM,123.45,1,123.45,130606259.8800001
2025-08-01 09:30:10 AM,123.46,0,0.0,130606259.8800001
2025-08-01 09:30:11 AM,123.46,11,1358.06,130607617.9400001
2025-08-01 09:30:12 AM,123.47,0,0.0,130607617.9400001
2025-08-01 09:30:13 AM,123.47,203,25064.41,130632682.3500001
2025-08-01 09:30:13 AM,123.43,60,7405.8,130640088.1500001
2025-08-01 09:30:14 AM,123.47,5,617.35,130640705.50000009
2025-08-01 09:30:14 AM,123.47,459,56672.729999999996,130697378.2300001
2025-08-01 09:30:15 AM,123.42,500,61710.0,130759088.2300001
2025-08-01 09:30:16 AM,123.47,103,12717.41,130771805.64000009
2025-08-01 09:30:17 AM,123.47,30,3704.1,130775509.74000008
2025-08-01 09:30:18 AM,123.47,1,123.47,130775633.21000008
2025-08-01 09:30:19 AM,123.47,19,2345.93,130777979.14000009
2025-08-01 09:30:22 AM,123.43,0,0.0,130777979.14000009
2025-08-01 09:30:23 AM,123.43,5,617.1500000000001,130778596.2900001
2025-08-01 09:30:24 AM,123.46,500,61730.0,130840326.2900001
2025-08-01 09:30:24 AM,123.46,1,123.46,130840449.75000009
2025-08-01 09:30:25 AM,123.46,13,1604.98,130842054.7300001
2025-08-01 09:30:26 AM,123.43,14,1728.02,130843782.75000009
2025-08-01 09:30:27 AM,123.45,727,89748.15000000001,130933530.9000001
2025-08-01 09:30:28 AM,123.45,6,740.7,130934271.6000001
2025-08-01 09:30:29 AM,123.45,2,246.9,130934518.5000001
2025-08-01 09:30:29 AM,123.45,3,370.35,130934888.8500001
2025-08-01 09:30:31 AM,123.43,0,0.0,130934888.8500001
2025-08-01 09:30:31 AM,123.43,210,25920.300000000003,130960809.1500001
2025-08-01 09:30:35 AM,123.41,700,86387.0,131047196.1500001
2025-08-01 09:30:35 AM,123.43,0,0.0,131047196.1500001
2025-08-01 09:30:36 AM,123.45,0,0.0,131047196.1500001
2025-08-01 09:30:36 AM,123.45,16,1975.2,131049171.3500001
2025-08-01 09:30:36 AM,123.47,4700,580309.0,131629480.3500001
2025-08-01 09:30:37 AM,123.44,152,18762.88,131648243.2300001
2025-08-01 09:30:38 AM,123.43,200,24686.0,131672929.2300001
2025-08-01 09:30:39 AM,123.47,1,123.47,131673052.70000009
2025-08-01 09:30:40 AM,123.46,5,617.3,131673670.00000009
2025-08-01 09:30:40 AM,123.43,0,0.0,131673670.00000009
2025-08-01 09:30:41 AM,123.43,55,6788.650000000001,131680458.6500001
2025-08-01 09:30:43 AM,123.46,25,3086.5,131683545.1500001
2025-08-01 09:30:44 AM,123.43,0,0.0,131683545.1500001
2025-08-01 09:30:44 AM,123.43,30,3702.9,131687248.0500001
2025-08-01 09:30:47 AM,123.46,0,0.0,131687248.0500001
2025-08-01 09:30:48 AM,123.46,31,3827.2599999999998,131691075.3100001
2025-08-01 09:30:50 AM,123.41,5945,733672.45,132424747.76000011
2025-08-01 09:30:50 AM,123.32,4979,614010.2799999999,133038758.04000011
2025-08-01 09:30:53 AM,123.41,261,32210.01,133070968.05000012
2025-08-01 09:30:55 AM,123.4,1000,123400.0,133194368.05000012
2025-08-01 09:30:57 AM,123.41,0,0.0,133194368.05000012
2025-08-01 09:30:58 AM,123.41,42,5183.22,133199551.27000012
2025-08-01 09:30:58 AM,123.37,0,0.0,133199551.27000012
2025-08-01 09:30:59 AM,123.37,7,863.59,133200414.86000012
2025-08-01 09:31:00 AM,123.4,50,6170.0,133206584.86000012
2025-08-01 09:31:01 AM,123.35,546,67349.09999999999,133273933.96000011
2025-08-01 09:31:03 AM,123.35,10,1233.5,133275167.46000011
2025-08-01 09:31:05 AM,123.31,0,0.0,133275167.46000011
2025-08-01 09:31:06 AM,123.31,100,12331.0,133287498.46000011
2025-08-01 09:31:07 AM,123.31,50,6165.5,133293663.96000011
2025-08-01 09:31:08 AM,123.32,416,51301.119999999995,133344965.08000012
2025-08-01 09:31:08 AM,123.34,10,1233.4,133346198.48000012
2025-08-01 09:31:09 AM,123.31,1,123.31,133346321.79000013
2025-08-01 09:31:09 AM,123.27,0,0.0,133346321.79000013
2025-08-01 09:31:10 AM,123.28,1601,197371.28,133543693.07000013
2025-08-01 09:31:11 AM,123.31,4,493.24,133544186.31000012
2025-08-01 09:31:12 AM,123.31,500,61655.0,133605841.31000012
2025-08-01 09:31:14 AM,123.31,50,6165.5,133612006.81000012
2025-08-01 09:31:15 AM,123.28,0,0.0,133612006.81000012
2025-08-01 09:31:16 AM,123.31,6,739.86,133612746.67000012
2025-08-01 09:31:16 AM,123.33,0,0.0,133612746.67000012
2025-08-01 09:31:17 AM,123.3,0,0.0,133612746.67000012
2025-08-01 09:31:17 AM,123.3,299,36866.7,133649613.37000012
2025-08-01 09:31:18 AM,123.3,90,11097.0,133660710.37000012
2025-08-01 09:31:19 AM,123.37,1553,191593.61000000002,133852303.98000012
2025-08-01 09:31:20 AM,123.41,1482,182893.62,134035197.60000013
2025-08-01 09:31:21 AM,123.43,4820,594932.6,134630130.20000014
2025-08-01 09:31:23 AM,123.42,258,31842.36,134661972.56000015
2025-08-01 09:31:23 AM,123.43,0,0.0,134661972.56000015
2025-08-01 09:31:23 AM,123.43,1,123.43,134662095.99000016
2025-08-01 09:31:24 AM,123.38,25,3084.5,134665180.49000016
2025-08-01 09:31:24 AM,123.43,0,0.0,134665180.49000016
2025-08-01 09:31:25 AM,123.43,1,123.43,134665303.92000017
2025-08-01 09:31:26 AM,123.37,0,0.0,134665303.92000017
2025-08-01 09:31:27 AM,123.37,400,49348.0,134714651.92000017
2025-08-01 09:31:27 AM,123.39,74,9130.86,134723782.78000018
2025-08-01 09:31:29 AM,123.41,15,1851.1499999999999,134725633.9300002
2025-08-01 09:31:30 AM,123.42,2788,344094.96,135069728.8900002
2025-08-01 09:31:31 AM,123.42,1910,235732.2,135305461.09000018
2025-08-01 09:31:34 AM,123.44,10,1234.4,135306695.4900002
2025-08-01 09:31:34 AM,123.34,0,0.0,135306695.4900002
2025-08-01 09:31:35 AM,123.44,7750,956660.0,136263355.4900002
2025-08-01 09:31:37 AM,123.45,25,3086.25,136266441.7400002
2025-08-01 09:31:43 AM,123.52,3853,475922.56,136742364.3000002
2025-08-01 09:31:44 AM,123.51,0,0.0,136742364.3000002
2025-08-01 09:31:45 AM,123.51,21,2593.71,136744958.0100002
2025-08-01 09:31:45 AM,123.54,10,1235.4,136746193.4100002
2025-08-01 09:31:51 AM,123.54,5,617.7,136746811.1100002
2025-08-01 09:31:53 AM,123.53,50,6176.5,136752987.6100002
2025-08-01 09:31:54 AM,123.52,210,25939.2,136778926.81000018
2025-08-01 09:31:56 AM,123.53,0,0.0,136778926.81000018
2025-08-01 09:31:57 AM,123.53,112,13835.36,136792762.1700002
2025-08-01 09:31:58 AM,123.52,0,0.0,136792762.1700002
2025-08-01 09:31:59 AM,123.53,510,63000.3,136855762.4700002
2025-08-01 09:32:01 AM,123.52,500,61760.0,136917522.4700002
2025-08-01 09:32:02 AM,123.52,150,18528.0,136936050.4700002
2025-08-01 09:32:02 AM,123.53,0,0.0,136936050.4700002
2025-08-01 09:32:02 AM,123.53,524,64729.72,137000780.1900002
2025-08-01 09:32:04 AM,123.53,11,1358.83,137002139.02000022
2025-08-01 09:32:05 AM,123.52,14,1729.28,137003868.30000022
2025-08-01 09:32:07 AM,123.53,0,0.0,137003868.30000022
2025-08-01 09:32:07 AM,123.48,7117,878807.16,137882675.46000022
2025-08-01 09:32:08 AM,123.44,0,0.0,137882675.46000022
2025-08-01 09:32:08 AM,123.44,200,24688.0,137907363.46000022
2025-08-01 09:32:09 AM,123.48,15,1852.2,137909215.6600002
2025-08-01 09:32:11 AM,123.5,4700,580450.0,138489665.6600002
2025-08-01 09:32:12 AM,123.49,45,5557.05,138495222.71000022
2025-08-01 09:32:14 AM,123.51,500,61755.0,138556977.71000022
2025-08-01 09:32:14 AM,123.51,25,3087.75,138560065.46000022
2025-08-01 09:32:16 AM,123.48,1,123.48,138560188.9400002
2025-08-01 09:32:17 AM,123.48,40,4939.2,138565128.1400002
2025-08-01 09:32:18 AM,123.51,1464,180818.64,138745946.78000018
2025-08-01 09:32:20 AM,123.53,40,4941.2,138750887.98000017
2025-08-01 09:32:22 AM,123.58,12692,1568477.3599999999,140319365.34000018
2025-08-01 09:32:22 AM,123.59,4,494.36,140319859.7000002
2025-08-01 09:32:23 AM,123.55,310,38300.5,140358160.2000002
2025-08-01 09:32:25 AM,123.59,2,247.18,140358407.3800002
2025-08-01 09:32:26 AM,123.57,0,0.0,140358407.3800002
2025-08-01 09:32:27 AM,123.59,2036,251629.24000000002,140610036.6200002
2025-08-01 09:32:29 AM,123.59,5,617.95,140610654.5700002
2025-08-01 09:32:31 AM,123.58,100,12358.0,140623012.5700002
2025-08-01 09:32:32 AM,123.59,0,0.0,140623012.5700002
2025-08-01 09:32:32 AM,123.59,100,12359.0,140635371.5700002
2025-08-01 09:32:33 AM,123.55,0,0.0,140635371.5700002
2025-08-01 09:32:34 AM,123.55,3,370.65,140635742.2200002
2025-08-01 09:32:36 AM,123.58,0,0.0,140635742.2200002
2025-08-01 09:32:36 AM,123.58,5,617.9,140636360.1200002
2025-08-01 09:32:36 AM,123.57,0,0.0,140636360.1200002
2025-08-01 09:32:37 AM,123.57,12,1482.84,140637842.96000022
2025-08-01 09:32:38 AM,123.57,2,247.14,140638090.1000002
2025-08-01 09:32:39 AM,123.58,255,31512.899999999998,140669603.0000002
2025-08-01 09:32:39 AM,123.57,1,123.57,140669726.5700002
2025-08-01 09:32:40 AM,123.57,7,864.99,140670591.5600002
2025-08-01 09:32:40 AM,123.58,100,12358.0,140682949.5600002
2025-08-01 09:32:40 AM,123.57,0,0.0,140682949.5600002
2025-08-01 09:32:41 AM,123.57,57,7043.49,140689993.05000022
2025-08-01 09:32:42 AM,123.57,1,123.57,140690116.6200002
2025-08-01 09:32:42 AM,123.55,3204,395854.2,141085970.8200002
2025-08-01 09:32:43 AM,123.57,0,0.0,141085970.8200002
2025-08-01 09:32:44 AM,123.58,0,0.0,141085970.8200002
2025-08-01 09:32:44 AM,123.64,15552,1922849.28,143008820.1000002
2025-08-01 09:32:45 AM,123.64,67,8283.88,143017103.9800002
2025-08-01 09:32:45 AM,123.63,0,0.0,143017103.9800002
2025-08-01 09:32:46 AM,123.63,186,22995.18,143040099.1600002
2025-08-01 09:32:46 AM,123.62,0,0.0,143040099.1600002
2025-08-01 09:32:47 AM,123.62,25,3090.5,143043189.6600002
2025-08-01 09:32:47 AM,123.62,1,123.62,143043313.2800002
2025-08-01 09:32:49 AM,123.64,0,0.0,143043313.2800002
2025-08-01 09:32:50 AM,123.62,12,1483.44,143044796.7200002
2025-08-01 09:32:51 AM,123.7,1372,169716.4,143214513.1200002
2025-08-01 09:32:52 AM,123.69,2000,247380.0,143461893.1200002
2025-08-01 09:32:55 AM,123.72,50,6186.0,143468079.1200002
2025-08-01 09:32:57 AM,123.75,0,0.0,143468079.1200002
2025-08-01 09:32:57 AM,123.75,150,18562.5,143486641.6200002
2025-08-01 09:32:58 AM,123.75,302,37372.5,143524014.1200002
2025-08-01 09:33:00 AM,123.75,50,6187.5,143530201.6200002
2025-08-01 09:33:01 AM,123.72,200,24744.0,143554945.6200002
2025-08-01 09:33:02 AM,123.76,1237,153091.12,143708036.74000022
2025-08-01 09:33:04 AM,123.72,720,89078.4,143797115.14000022
2025-08-01 09:33:05 AM,123.72,140,17320.8,143814435.94000024
2025-08-01 09:33:07 AM,123.75,0,0.0,143814435.94000024
2025-08-01 09:33:08 AM,123.75,15,1856.25,143816292.19000024
2025-08-01 09:33:09 AM,123.75,2,247.5,143816539.69000024
2025-08-01 09:33:09 AM,123.72,0,0.0,143816539.69000024
2025-08-01 09:33:10 AM,123.72,3,371.15999999999997,143816910.85000023
2025-08-01 09:33:10 AM,123.75,8,990.0,143817900.85000023
2025-08-01 09:33:11 AM,123.72,100,12372.0,143830272.85000023
2025-08-01 09:33:14 AM,123.75,200,24750.0,143855022.85000023
2025-08-01 09:33:15 AM,123.74,5,618.6999999999999,143855641.55000022
2025-08-01 09:33:16 AM,123.75,15,1856.25,143857497.80000022
2025-08-01 09:33:17 AM,123.75,250,30937.5,143888435.30000022
2025-08-01 09:33:17 AM,123.75,20,2475.0,143890910.30000022
2025-08-01 09:33:18 AM,123.75,50,6187.5,143897097.80000022
2025-08-01 09:33:19 AM,123.78,0,0.0,143897097.80000022
2025-08-01 09:33:19 AM,123.8,1940,240172.0,144137269.80000022
2025-08-01 09:33:22 AM,123.81,113,13990.53,144151260.33000022
2025-08-01 09:33:23 AM,123.89,845,104687.05,144255947.38000023
2025-08-01 09:33:26 AM,123.89,100,12389.0,144268336.38000023
2025-08-01 09:33:26 AM,123.86,100,12386.0,144280722.38000023
2025-08-01 09:33:29 AM,123.86,150,18579.0,144299301.38000023
2025-08-01 09:33:30 AM,123.88,899,111368.12,144410669.50000024
2025-08-01 09:33:31 AM,123.88,11,1362.6799999999998,144412032.18000025
2025-08-01 09:33:33 AM,123.9,500,61950.0,144473982.18000025
2025-08-01 09:33:34 AM,123.9,25,3097.5,144477079.68000025
2025-08-01 09:33:36 AM,123.88,0,0.0,144477079.68000025
2025-08-01 09:33:37 AM,123.88,765,94768.2,144571847.88000023
2025-08-01 09:33:38 AM,123.88,3127,387372.76,144959220.64000022
2025-08-01 09:33:40 AM,123.88,5,619.4,144959840.04000023
2025-08-01 09:33:40 AM,123.9,0,0.0,144959840.04000023
2025-08-01 09:33:41 AM,123.9,17,2106.3,144961946.34000024
2025-08-01 09:33:43 AM,123.86,525,65026.5,145026972.84000024
2025-08-01 09:33:49 AM,123.86,500,61930.0,145088902.84000024
2025-08-01 09:33:50 AM,123.86,5,619.3,145089522.14000025
2025-08-01 09:33:51 AM,123.82,0,0.0,145089522.14000025
2025-08-01 09:33:52 AM,123.82,20,2476.3999999999996,145091998.54000026
2025-08-01 09:33:54 AM,123.86,50,6193.0,145098191.54000026
2025-08-01 09:33:55 AM,123.86,505,62549.3,145160740.84000027
2025-08-01 09:33:57 AM,123.88,0,0.0,145160740.84000027
2025-08-01 09:33:58 AM,123.88,500,61940.0,145222680.84000027
2025-08-01 09:34:04 AM,123.86,1,123.86,145222804.7000003
2025-08-01 09:34:05 AM,123.88,0,0.0,145222804.7000003
2025-08-01 09:34:05 AM,123.88,2,247.76,145223052.46000028
2025-08-01 09:34:06 AM,123.86,0,0.0,145223052.46000028
2025-08-01 09:34:07 AM,123.86,436,54002.96,145277055.42000028
2025-08-01 09:34:07 AM,123.85,0,0.0,145277055.42000028
2025-08-01 09:34:08 AM,123.85,105,13004.25,145290059.67000028
2025-08-01 09:34:08 AM,123.82,0,0.0,145290059.67000028
2025-08-01 09:34:09 AM,123.82,12,1485.84,145291545.5100003
2025-08-01 09:34:09 AM,123.86,0,0.0,145291545.5100003
2025-08-01 09:34:10 AM,123.86,200,24772.0,145316317.5100003
2025-08-01 09:34:11 AM,123.86,37,4582.82,145320900.33000028
2025-08-01 09:34:12 AM,123.86,200,24772.0,145345672.33000028
2025-08-01 09:34:12 AM,123.85,0,0.0,145345672.33000028
2025-08-01 09:34:13 AM,123.85,600,74310.0,145419982.33000028
2025-08-01 09:34:21 AM,123.85,11,1362.35,145421344.68000028
2025-08-01 09:34:23 AM,123.83,0,0.0,145421344.68000028
2025-08-01 09:34:23 AM,123.83,100,12383.0,145433727.68000028
2025-08-01 09:34:25 AM,123.84,5,619.2,145434346.88000026
2025-08-01 09:34:26 AM,123.84,10,1238.4,145435585.28000027
2025-08-01 09:34:27 AM,123.8,0,0.0,145435585.28000027
2025-08-01 09:34:27 AM,123.8,861,106591.8,145542177.08000028
2025-08-01 09:34:29 AM,123.79,1000,123790.0,145665967.08000028
2025-08-01 09:34:31 AM,123.73,0,0.0,145665967.08000028
2025-08-01 09:34:31 AM,123.73,1,123.73,145666090.81000027
2025-08-01 09:34:32 AM,123.72,1,123.72,145666214.53000027
2025-08-01 09:34:34 AM,123.7,0,0.0,145666214.53000027
2025-08-01 09:34:35 AM,123.69,0,0.0,145666214.53000027
2025-08-01 09:34:35 AM,123.69,2595,320975.55,145987190.08000028
2025-08-01 09:34:37 AM,123.65,106,13106.900000000001,146000296.9800003
2025-08-01 09:34:38 AM,123.6,5460,674856.0,146675152.9800003
2025-08-01 09:34:38 AM,123.61,0,0.0,146675152.9800003
2025-08-01 09:34:39 AM,123.61,5,618.05,146675771.0300003
2025-08-01 09:34:40 AM,123.58,228,28176.239999999998,146703947.2700003
2025-08-01 09:34:40 AM,123.61,5,618.05,146704565.32000032
2025-08-01 09:34:41 AM,123.6,100,12360.0,146716925.32000032
2025-08-01 09:34:43 AM,123.6,100,12360.0,146729285.32000032
2025-08-01 09:34:44 AM,123.57,0,0.0,146729285.32000032
2025-08-01 09:34:44 AM,123.57,1985,245286.44999999998,146974571.7700003
2025-08-01 09:34:44 AM,123.55,0,0.0,146974571.7700003
2025-08-01 09:34:45 AM,123.55,739,91303.45,147065875.2200003
2025-08-01 09:34:46 AM,123.48,10108,1248135.84,148314011.0600003
2025-08-01 09:34:47 AM,123.48,17,2099.16,148316110.2200003
2025-08-01 09:34:47 AM,123.45,347,42837.15,148358947.3700003
2025-08-01 09:34:48 AM,123.45,20,2469.0,148361416.3700003
2025-08-01 09:34:49 AM,123.47,150,18520.5,148379936.8700003
2025-08-01 09:34:51 AM,123.44,200,24688.0,148404624.8700003
2025-08-01 09:34:51 AM,123.48,2,246.96,148404871.8300003
2025-08-01 09:34:52 AM,123.44,401,49499.44,148454371.2700003
2025-08-01 09:34:53 AM,123.44,1242,153312.48,148607683.7500003
2025-08-01 09:34:53 AM,123.4,0,0.0,148607683.7500003
2025-08-01 09:34:54 AM,123.4,450,55530.0,148663213.7500003
2025-08-01 09:34:54 AM,123.44,5,617.2,148663830.9500003
2025-08-01 09:34:55 AM,123.44,124,15306.56,148679137.5100003
2025-08-01 09:34:56 AM,123.44,550,67892.0,148747029.5100003
2025-08-01 09:34:56 AM,123.4,1919,236804.6,148983834.11000028
2025-08-01 09:34:58 AM,123.35,0,0.0,148983834.11000028
2025-08-01 09:34:58 AM,123.35,117,14431.949999999999,148998266.06000027
2025-08-01 09:34:59 AM,123.35,31,3823.85,149002089.91000026
2025-08-01 09:35:00 AM,123.35,2114,260761.9,149262851.81000027
2025-08-01 09:35:01 AM,123.36,50,6168.0,149269019.81000027
2025-08-01 09:35:03 AM,123.35,10,1233.5,149270253.31000027
2025-08-01 09:35:03 AM,123.37,0,0.0,149270253.31000027
2025-08-01 09:35:03 AM,123.37,25,3084.25,149273337.56000027
2025-08-01 09:35:04 AM,123.37,50,6168.5,149279506.06000027
2025-08-01 09:35:04 AM,123.35,0,0.0,149279506.06000027
2025-08-01 09:35:04 AM,123.35,3,370.04999999999995,149279876.11000028
2025-08-01 09:35:07 AM,123.31,1465,180649.15,149460525.2600003
2025-08-01 09:35:08 AM,123.34,1650,203511.0,149664036.2600003
2025-08-01 09:35:10 AM,123.32,5,616.5999999999999,149664652.86000028
2025-08-01 09:35:12 AM,123.32,5,616.5999999999999,149665269.46000028
2025-08-01 09:35:12 AM,123.3,46,5671.8,149670941.2600003
2025-08-01 09:35:13 AM,123.3,5,616.5,149671557.7600003
2025-08-01 09:35:13 AM,123.3,11673,1439280.9,151110838.6600003
2025-08-01 09:35:14 AM,123.3,610,75213.0,151186051.6600003
2025-08-01 09:35:14 AM,123.27,1,123.27,151186174.9300003
2025-08-01 09:35:16 AM,123.25,357,44000.25,151230175.1800003
2025-08-01 09:35:17 AM,123.29,100,12329.0,151242504.1800003
2025-08-01 09:35:18 AM,123.23,0,0.0,151242504.1800003
2025-08-01 09:35:18 AM,123.2,14612,1800198.4000000001,153042702.5800003
2025-08-01 09:35:19 AM,123.17,0,0.0,153042702.5800003
2025-08-01 09:35:19 AM,123.18,597,73538.46,153116241.04000032
2025-08-01 09:35:20 AM,123.18,2,246.36,153116487.40000033
2025-08-01 09:35:20 AM,123.17,1,123.17,153116610.57000032
2025-08-01 09:35:22 AM,123.17,1,123.17,153116733.7400003
2025-08-01 09:35:23 AM,123.11,3125,384718.75,153501452.4900003
2025-08-01 09:35:23 AM,123.15,0,0.0,153501452.4900003
2025-08-01 09:35:24 AM,123.14,21,2585.94,153504038.4300003
2025-08-01 09:35:24 AM,123.11,0,0.0,153504038.4300003
2025-08-01 09:35:25 AM,123.11,200,24622.0,153528660.4300003
2025-08-01 09:35:28 AM,123.14,132,16254.48,153544914.9100003
2025-08-01 09:35:29 AM,123.14,108,13299.12,153558214.0300003
2025-08-01 09:35:30 AM,123.14,1500,184710.0,153742924.0300003
2025-08-01 09:35:30 AM,123.13,0,0.0,153742924.0300003
2025-08-01 09:35:31 AM,123.15,3500,431025.0,154173949.0300003
2025-08-01 09:35:31 AM,123.15,501,61698.15,154235647.1800003
2025-08-01 09:35:33 AM,123.15,439,54062.850000000006,154289710.0300003
2025-08-01 09:35:34 AM,123.15,488,60097.200000000004,154349807.2300003
2025-08-01 09:35:35 AM,123.13,0,0.0,154349807.2300003
2025-08-01 09:35:36 AM,123.13,200,24626.0,154374433.2300003
2025-08-01 09:35:38 AM,123.14,120,14776.8,154389210.0300003
2025-08-01 09:35:38 AM,123.16,0,0.0,154389210.0300003
2025-08-01 09:35:39 AM,123.16,305,37563.799999999996,154426773.8300003
2025-08-01 09:35:40 AM,123.15,196,24137.4,154450911.23000032
2025-08-01 09:35:42 AM,123.15,95,11699.25,154462610.48000032
2025-08-01 09:35:43 AM,123.15,5,615.75,154463226.23000032
2025-08-01 09:35:43 AM,123.13,0,0.0,154463226.23000032
2025-08-01 09:35:44 AM,123.12,25,3078.0,154466304.23000032
2025-08-01 09:35:44 AM,123.13,0,0.0,154466304.23000032
2025-08-01 09:35:45 AM,123.13,15,1846.9499999999998,154468151.1800003
2025-08-01 09:35:47 AM,123.11,0,0.0,154468151.1800003
2025-08-01 09:35:47 AM,123.11,68,8371.48,154476522.6600003
2025-08-01 09:35:49 AM,123.11,700,86177.0,154562699.6600003
2025-08-01 09:35:50 AM,123.15,800,98520.0,154661219.6600003
2025-08-01 09:35:51 AM,123.01,29708,3654381.08,158315600.7400003
2025-08-01 09:35:51 AM,123.09,68713,8457883.17,166773483.9100003
2025-08-01 09:35:51 AM,123.13,0,0.0,166773483.9100003
2025-08-01 09:35:52 AM,123.13,6117,753186.21,167526670.1200003
2025-08-01 09:35:52 AM,123.14,0,0.0,167526670.1200003
2025-08-01 09:35:53 AM,123.12,1030,126813.6,167653483.7200003
2025-08-01 09:35:54 AM,123.19,0,0.0,167653483.7200003
2025-08-01 09:35:55 AM,123.18,696,85733.28,167739217.0000003
2025-08-01 09:35:55 AM,123.18,143,17614.74,167756831.7400003
2025-08-01 09:35:56 AM,123.15,1,123.15,167756954.8900003
2025-08-01 09:35:59 AM,123.15,1500,184725.0,167941679.8900003
2025-08-01 09:35:59 AM,123.2,0,0.0,167941679.8900003
2025-08-01 09:36:01 AM,123.19,208,25623.52,167967303.41000032
2025-08-01 09:36:02 AM,123.2,869,107060.8,168074364.21000034
2025-08-01 09:36:05 AM,123.2,41,5051.2,168079415.41000032
2025-08-01 09:36:05 AM,123.18,0,0.0,168079415.41000032
2025-08-01 09:36:06 AM,123.18,2,246.36,168079661.77000034
2025-08-01 09:36:08 AM,123.24,3,369.71999999999997,168080031.49000034
2025-08-01 09:36:08 AM,123.25,0,0.0,168080031.49000034
2025-08-01 09:36:09 AM,123.25,6139,756631.75,168836663.24000034
2025-08-01 09:36:10 AM,123.26,1,123.26,168836786.50000033
2025-08-01 09:36:12 AM,123.25,0,0.0,168836786.50000033
2025-08-01 09:36:13 AM,123.26,284,35005.840000000004,168871792.34000033
2025-08-01 09:36:13 AM,123.25,0,0.0,168871792.34000033
2025-08-01 09:36:14 AM,123.25,8,986.0,168872778.34000033
2025-08-01 09:36:14 AM,123.26,300,36978.0,168909756.34000033
2025-08-01 09:36:15 AM,123.26,493,60767.18,168970523.52000034
2025-08-01 09:36:17 AM,123.25,0,0.0,168970523.52000034
2025-08-01 09:36:17 AM,123.25,100,12325.0,168982848.52000034
2025-08-01 09:36:19 AM,123.26,20,2465.2000000000003,168985313.72000033
2025-08-01 09:36:20 AM,123.25,100,12325.0,168997638.72000033
2025-08-01 09:36:20 AM,123.21,0,0.0,168997638.72000033
2025-08-01 09:36:20 AM,123.21,1290,158940.9,169156579.62000033
2025-08-01 09:36:22 AM,123.26,50,6163.0,169162742.62000033
2025-08-01 09:36:22 AM,123.25,0,0.0,169162742.62000033
2025-08-01 09:36:22 AM,123.25,1,123.25,169162865.87000033
2025-08-01 09:36:23 AM,123.26,0,0.0,169162865.87000033
2025-08-01 09:36:23 AM,123.25,0,0.0,169162865.87000033
2025-08-01 09:36:23 AM,123.25,569,70129.25,169232995.12000033
2025-08-01 09:36:25 AM,123.26,0,0.0,169232995.12000033
2025-08-01 09:36:25 AM,123.26,250,30815.0,169263810.12000033
2025-08-01 09:36:26 AM,123.25,3240,399330.0,169663140.12000033
2025-08-01 09:36:26 AM,123.26,0,0.0,169663140.12000033
2025-08-01 09:36:26 AM,123.26,2239,275979.14,169939119.26000032
2025-08-01 09:36:28 AM,123.26,10,1232.6000000000001,169940351.8600003
2025-08-01 09:36:29 AM,123.25,50,6162.5,169946514.3600003
2025-08-01 09:36:30 AM,123.27,10,1232.7,169947747.0600003
2025-08-01 09:36:31 AM,123.27,1,123.27,169947870.3300003
2025-08-01 09:36:33 AM,123.27,1,123.27,169947993.60000032
2025-08-01 09:36:33 AM,123.27,1,123.27,169948116.87000033
2025-08-01 09:36:34 AM,123.27,11837,1459146.99,171407263.86000034
2025-08-01 09:36:35 AM,123.32,1521,187569.72,171594833.58000034
2025-08-01 09:36:36 AM,123.34,4,493.36,171595326.94000036
2025-08-01 09:36:37 AM,123.34,48,5920.32,171601247.26000035
2025-08-01 09:36:42 AM,123.34,501,61793.340000000004,171663040.60000035
2025-08-01 09:36:43 AM,123.34,20,2466.8,171665507.40000036
2025-08-01 09:36:43 AM,123.35,2000,246700.0,171912207.40000036
2025-08-01 09:36:45 AM,123.34,317,39098.78,171951306.18000036
2025-08-01 09:36:50 AM,123.33,1,123.33,171951429.51000038
2025-08-01 09:36:50 AM,123.34,0,0.0,171951429.51000038
2025-08-01 09:36:51 AM,123.34,150,18501.0,171969930.51000038
2025-08-01 09:36:53 AM,123.34,1,123.34,171970053.85000038
2025-08-01 09:36:54 AM,123.3,0,0.0,171970053.85000038
2025-08-01 09:36:54 AM,123.3,2026,249805.8,172219859.6500004
2025-08-01 09:36:54 AM,123.26,0,0.0,172219859.6500004
2025-08-01 09:36:55 AM,123.26,14,1725.64,172221585.29000038
2025-08-01 09:36:56 AM,123.28,54,6657.12,172228242.41000038
2025-08-01 09:36:56 AM,123.29,0,0.0,172228242.41000038
2025-08-01 09:36:57 AM,123.28,530,65338.4,172293580.8100004
2025-08-01 09:36:57 AM,123.26,0,0.0,172293580.8100004
2025-08-01 09:36:58 AM,123.26,69,8504.94,172302085.7500004
2025-08-01 09:37:00 AM,123.22,4067,501135.74,172803221.4900004
2025-08-01 09:37:01 AM,123.23,52,6407.96,172809629.4500004
2025-08-01 09:37:02 AM,123.23,755,93038.65000000001,172902668.1000004
2025-08-01 09:37:02 AM,123.22,210,25876.2,172928544.3000004
2025-08-01 09:37:03 AM,123.23,501,61738.23,172990282.5300004
2025-08-01 09:37:05 AM,123.2,0,0.0,172990282.5300004
2025-08-01 09:37:06 AM,123.2,214,26364.8,173016647.3300004
2025-08-01 09:37:06 AM,123.18,0,0.0,173016647.3300004
2025-08-01 09:37:06 AM,123.18,38,4680.84,173021328.1700004
2025-08-01 09:37:06 AM,123.19,0,0.0,173021328.1700004
2025-08-01 09:37:07 AM,123.15,402,49506.3,173070834.47000042
2025-08-01 09:37:08 AM,123.15,12,1477.8000000000002,173072312.27000043
2025-08-01 09:37:10 AM,123.18,0,0.0,173072312.27000043
2025-08-01 09:37:10 AM,123.18,110,13549.800000000001,173085862.07000044
2025-08-01 09:37:13 AM,123.15,0,0.0,173085862.07000044
2025-08-01 09:37:13 AM,123.15,448,55171.200000000004,173141033.27000043
2025-08-01 09:37:13 AM,123.17,5,615.85,173141649.12000042
2025-08-01 09:37:15 AM,123.18,40,4927.200000000001,173146576.3200004
2025-08-01 09:37:15 AM,123.18,304,37446.72,173184023.0400004
2025-08-01 09:37:16 AM,123.19,1289,158791.91,173342814.9500004
2025-08-01 09:37:16 AM,123.15,0,0.0,173342814.9500004
2025-08-01 09:37:17 AM,123.15,400,49260.0,173392074.9500004
2025-08-01 09:37:17 AM,123.2,0,0.0,173392074.9500004
2025-08-01 09:37:17 AM,123.2,2,246.4,173392321.3500004
2025-08-01 09:37:19 AM,123.2,96,11827.2,173404148.5500004
2025-08-01 09:37:20 AM,123.2,600,73920.0,173478068.5500004
2025-08-01 09:37:21 AM,123.17,0,0.0,173478068.5500004
2025-08-01 09:37:22 AM,123.16,0,0.0,173478068.5500004
2025-08-01 09:37:22 AM,123.16,21,2586.36,173480654.9100004
2025-08-01 09:37:22 AM,123.17,89,10962.130000000001,173491617.0400004
2025-08-01 09:37:24 AM,123.17,100,12317.0,173503934.0400004
2025-08-01 09:37:25 AM,123.16,0,0.0,173503934.0400004
2025-08-01 09:37:25 AM,123.18,440,54199.200000000004,173558133.2400004
2025-08-01 09:37:26 AM,123.2,50,6160.0,173564293.2400004
2025-08-01 09:37:28 AM,123.18,0,0.0,173564293.2400004
2025-08-01 09:37:28 AM,123.18,78,9608.04,173573901.2800004
2025-08-01 09:37:30 AM,123.2,0,0.0,173573901.2800004
2025-08-01 09:37:30 AM,123.2,2,246.4,173574147.6800004
2025-08-01 09:37:32 AM,123.18,0,0.0,173574147.6800004
2025-08-01 09:37:33 AM,123.2,0,0.0,173574147.6800004
2025-08-01 09:37:33 AM,123.2,520,64064.0,173638211.6800004
2025-08-01 09:37:34 AM,123.2,2792,343974.4,173982186.0800004
2025-08-01 09:37:34 AM,123.2,540,66528.0,174048714.0800004
2025-08-01 09:37:34 AM,123.21,0,0.0,174048714.0800004
2025-08-01 09:37:35 AM,123.2,441,54331.200000000004,174103045.2800004
2025-08-01 09:37:36 AM,123.2,194,23900.8,174126946.0800004
2025-08-01 09:37:36 AM,123.21,0,0.0,174126946.0800004
2025-08-01 09:37:37 AM,123.21,650,80086.5,174207032.5800004
2025-08-01 09:37:37 AM,123.2,116,14291.2,174221323.7800004
2025-08-01 09:37:40 AM,123.21,1,123.21,174221446.9900004
2025-08-01 09:37:42 AM,123.21,15,1848.1499999999999,174223295.1400004
2025-08-01 09:37:42 AM,123.2,0,0.0,174223295.1400004
2025-08-01 09:37:42 AM,123.2,62,7638.400000000001,174230933.5400004
2025-08-01 09:37:43 AM,123.21,0,0.0,174230933.5400004
2025-08-01 09:37:44 AM,123.22,820,101040.4,174331973.9400004
2025-08-01 09:37:44 AM,123.24,1103,135933.72,174467907.6600004
2025-08-01 09:37:45 AM,123.25,1004,123743.0,174591650.6600004
2025-08-01 09:37:46 AM,123.23,0,0.0,174591650.6600004
2025-08-01 09:37:47 AM,123.26,112,13805.12,174605455.78000042
2025-08-01 09:37:48 AM,123.23,160,19716.8,174625172.58000043
2025-08-01 09:37:48 AM,123.26,0,0.0,174625172.58000043
2025-08-01 09:37:49 AM,123.26,20,2465.2000000000003,174627637.78000042
2025-08-01 09:37:50 AM,123.26,1,123.26,174627761.0400004
2025-08-01 09:37:51 AM,123.26,19,2341.94,174630102.9800004
2025-08-01 09:37:53 AM,123.21,125,15401.25,174645504.2300004
2025-08-01 09:37:54 AM,123.21,62,7639.0199999999995,174653143.25000042
2025-08-01 09:37:56 AM,123.26,0,0.0,174653143.25000042
2025-08-01 09:37:57 AM,123.26,91,11216.66,174664359.9100004
2025-08-01 09:37:58 AM,123.23,0,0.0,174664359.9100004
2025-08-01 09:37:58 AM,123.23,22,2711.06,174667070.97000042
2025-08-01 09:38:01 AM,123.13,23653,2912393.8899999997,177579464.8600004
2025-08-01 09:38:03 AM,123.15,45,5541.75,177585006.6100004
2025-08-01 09:38:04 AM,123.1,866,106604.59999999999,177691611.2100004
2025-08-01 09:38:04 AM,123.1,8,984.8,177692596.0100004
2025-08-01 09:38:05 AM,123.08,8,984.64,177693580.6500004
2025-08-01 09:38:07 AM,123.06,2076,255472.56,177949053.2100004
2025-08-01 09:38:09 AM,123.02,0,0.0,177949053.2100004
2025-08-01 09:38:09 AM,123.02,40,4920.8,177953974.0100004
2025-08-01 09:38:09 AM,123.01,0,0.0,177953974.0100004
2025-08-01 09:38:10 AM,123.01,1070,131620.7,178085594.7100004
2025-08-01 09:38:13 AM,123.01,2,246.02,178085840.7300004
2025-08-01 09:38:14 AM,123.0,0,0.0,178085840.7300004
2025-08-01 09:38:14 AM,123.0,858,105534.0,178191374.7300004
2025-08-01 09:38:15 AM,123.0,200,24600.0,178215974.7300004
2025-08-01 09:38:16 AM,123.03,0,0.0,178215974.7300004
2025-08-01 09:38:17 AM,123.03,624,76770.72,178292745.4500004
2025-08-01 09:38:19 AM,123.01,302,37149.020000000004,178329894.47000042
2025-08-01 09:38:20 AM,123.05,200,24610.0,178354504.47000042
2025-08-01 09:38:21 AM,123.03,0,0.0,178354504.47000042
2025-08-01 09:38:22 AM,123.03,252,31003.56,178385508.03000042
2025-08-01 09:38:24 AM,123.03,2,246.06,178385754.09000042
2025-08-01 09:38:24 AM,123.0,0,0.0,178385754.09000042
2025-08-01 09:38:25 AM,123.0,500,61500.0,178447254.09000042
2025-08-01 09:38:26 AM,123.05,0,0.0,178447254.09000042
2025-08-01 09:38:27 AM,123.05,250,30762.5,178478016.59000042
2025-08-01 09:38:28 AM,123.02,0,0.0,178478016.59000042
2025-08-01 09:38:29 AM,123.02,404,49700.08,178527716.67000043
2025-08-01 09:38:31 AM,123.0,25,3075.0,178530791.67000043
2025-08-01 09:38:31 AM,123.01,0,0.0,178530791.67000043
2025-08-01 09:38:32 AM,123.03,2180,268205.4,178798997.07000044
2025-08-01 09:38:33 AM,123.02,17,2091.34,178801088.41000044
2025-08-01 09:38:34 AM,123.05,1000,123050.0,178924138.41000044
2025-08-01 09:38:35 AM,123.02,0,0.0,178924138.41000044
2025-08-01 09:38:35 AM,123.02,572,70367.44,178994505.85000044
2025-08-01 09:38:37 AM,123.03,0,0.0,178994505.85000044
2025-08-01 09:38:37 AM,123.05,6,738.3,178995244.15000045
2025-08-01 09:38:37 AM,123.03,0,0.0,178995244.15000045
2025-08-01 09:38:38 AM,123.03,10,1230.3,178996474.45000046
2025-08-01 09:38:47 AM,123.05,0,0.0,178996474.45000046
2025-08-01 09:38:48 AM,123.05,1000,123050.0,179119524.45000046
2025-08-01 09:38:48 AM,123.02,0,0.0,179119524.45000046
2025-08-01 09:38:49 AM,123.02,700,86114.0,179205638.45000046
2025-08-01 09:38:49 AM,123.05,10,1230.5,179206868.95000046
2025-08-01 09:38:50 AM,123.02,15,1845.3,179208714.25000048
2025-08-01 09:38:57 AM,123.05,700,86135.0,179294849.25000048
2025-08-01 09:38:58 AM,123.03,0,0.0,179294849.25000048
2025-08-01 09:38:58 AM,123.03,12,1476.3600000000001,179296325.6100005
2025-08-01 09:39:02 AM,123.04,3,369.12,179296694.7300005
2025-08-01 09:39:03 AM,123.02,556,68399.12,179365093.8500005
2025-08-01 09:39:04 AM,123.02,422,51914.439999999995,179417008.2900005
2025-08-01 09:39:04 AM,123.03,0,0.0,179417008.2900005
2025-08-01 09:39:05 AM,123.03,100,12303.0,179429311.2900005
2025-08-01 09:39:06 AM,123.03,25,3075.75,179432387.0400005
2025-08-01 09:39:07 AM,123.03,1,123.03,179432510.0700005
2025-08-01 09:39:08 AM,123.02,186,22881.719999999998,179455391.7900005
2025-08-01 09:39:09 AM,123.03,200,24606.0,179479997.7900005
2025-08-01 09:39:09 AM,123.05,31574,3885180.6999999997,183365178.4900005
2025-08-01 09:39:11 AM,123.03,0,0.0,183365178.4900005
2025-08-01 09:39:11 AM,123.03,30,3690.9,183368869.3900005
2025-08-01 09:39:11 AM,123.02,0,0.0,183368869.3900005
2025-08-01 09:39:12 AM,123.02,3,369.06,183369238.4500005
2025-08-01 09:39:15 AM,123.03,0,0.0,183369238.4500005
2025-08-01 09:39:15 AM,123.0,1557,191511.0,183560749.4500005
2025-08-01 09:39:16 AM,123.0,15,1845.0,183562594.4500005
2025-08-01 09:39:17 AM,123.02,40,4920.8,183567515.2500005
2025-08-01 09:39:18 AM,123.04,606,74562.24,183642077.49000052
2025-08-01 09:39:22 AM,123.06,100,12306.0,183654383.49000052
2025-08-01 09:39:23 AM,123.06,109,13413.54,183667797.0300005
2025-08-01 09:39:26 AM,123.05,1,123.05,183667920.08000052
2025-08-01 09:39:27 AM,123.05,5,615.25,183668535.33000052
2025-08-01 09:39:28 AM,123.06,0,0.0,183668535.33000052
2025-08-01 09:39:29 AM,123.06,3000,369180.0,184037715.33000052
2025-08-01 09:39:30 AM,123.07,5,615.3499999999999,184038330.6800005
2025-08-01 09:39:32 AM,123.07,1,123.07,184038453.7500005
2025-08-01 09:39:33 AM,123.07,33,4061.31,184042515.0600005
2025-08-01 09:39:34 AM,123.06,7,861.4200000000001,184043376.4800005
2025-08-01 09:39:36 AM,123.06,2,246.12,184043622.6000005
2025-08-01 09:39:37 AM,123.07,2352,289460.63999999996,184333083.2400005
2025-08-01 09:39:38 AM,123.05,336,41344.799999999996,184374428.0400005
2025-08-01 09:39:39 AM,123.04,0,0.0,184374428.0400005
2025-08-01 09:39:40 AM,123.04,30,3691.2000000000003,184378119.2400005
2025-08-01 09:39:40 AM,123.05,70,8613.5,184386732.7400005
2025-08-01 09:39:42 AM,123.05,219,26947.95,184413680.69000047
2025-08-01 09:39:44 AM,123.07,2182,268538.74,184682219.43000048
2025-08-01 09:39:45 AM,123.12,2492,306815.04000000004,184989034.47000048
2025-08-01 09:39:45 AM,123.14,0,0.0,184989034.47000048
2025-08-01 09:39:46 AM,123.18,236,29070.480000000003,185018104.95000046
2025-08-01 09:39:50 AM,123.09,83,10216.470000000001,185028321.42000046
2025-08-01 09:39:50 AM,123.1,0,0.0,185028321.42000046
2025-08-01 09:39:51 AM,123.1,50,6155.0,185034476.42000046
2025-08-01 09:39:51 AM,123.1,10,1231.0,185035707.42000046
2025-08-01 09:39:53 AM,123.1,100,12310.0,185048017.42000046
2025-08-01 09:39:54 AM,123.12,1,123.12,185048140.54000047
2025-08-01 09:39:55 AM,123.07,5,615.3499999999999,185048755.89000046
2025-08-01 09:39:58 AM,123.07,6,738.42,185049494.31000045
2025-08-01 09:39:59 AM,123.07,100,12307.0,185061801.31000045
2025-08-01 09:40:00 AM,123.07,11,1353.77,185063155.08000046
2025-08-01 09:40:01 AM,123.07,50,6153.5,185069308.58000046
2025-08-01 09:40:02 AM,123.07,100,12307.0,185081615.58000046
2025-08-01 09:40:06 AM,123.11,0,0.0,185081615.58000046
2025-08-01 09:40:06 AM,123.11,1000,123110.0,185204725.58000046
2025-08-01 09:40:07 AM,123.11,3131,385457.41,185590182.99000046
2025-08-01 09:40:08 AM,123.2,0,0.0,185590182.99000046
2025-08-01 09:40:08 AM,123.2,446,54947.200000000004,185645130.19000044
2025-08-01 09:40:09 AM,123.14,0,0.0,185645130.19000044
2025-08-01 09:40:10 AM,123.14,419,51595.66,185696725.85000044
2025-08-01 09:40:10 AM,123.12,0,0.0,185696725.85000044
2025-08-01 09:40:11 AM,123.12,4,492.48,185697218.33000043
2025-08-01 09:40:12 AM,123.16,0,0.0,185697218.33000043
2025-08-01 09:40:13 AM,123.16,23,2832.68,185700051.01000044
2025-08-01 09:40:14 AM,123.16,16007,1971422.1199999999,187671473.13000044
2025-08-01 09:40:16 AM,123.13,60,7387.799999999999,187678860.93000045
2025-08-01 09:40:17 AM,123.15,11,1354.65,187680215.58000046
2025-08-01 09:40:18 AM,123.16,5190,639200.4,188319415.98000047
2025-08-01 09:40:18 AM,123.15,15,1847.25,188321263.23000047
2025-08-01 09:40:20 AM,123.19,52,6405.88,188327669.11000046
2025-08-01 09:40:21 AM,123.19,10,1231.9,188328901.01000047
2025-08-01 09:40:23 AM,123.18,0,0.0,188328901.01000047
2025-08-01 09:40:24 AM,123.18,25,3079.5,188331980.51000047
2025-08-01 09:40:25 AM,123.13,0,0.0,188331980.51000047
2025-08-01 09:40:26 AM,123.13,13,1600.69,188333581.20000046
2025-08-01 09:40:26 AM,123.12,0,0.0,188333581.20000046
2025-08-01 09:40:27 AM,123.12,11,1354.3200000000002,188334935.52000046
2025-08-01 09:40:34 AM,123.14,20,2462.8,188337398.32000047
2025-08-01 09:40:35 AM,123.1,0,0.0,188337398.32000047
2025-08-01 09:40:35 AM,123.1,347,42715.7,188380114.02000046
2025-08-01 09:40:39 AM,123.16,0,0.0,188380114.02000046
2025-08-01 09:40:40 AM,123.14,0,0.0,188380114.02000046
2025-08-01 09:40:40 AM,123.14,1078,132744.92,188512858.94000044
2025-08-01 09:40:40 AM,123.16,70,8621.199999999999,188521480.14000043
2025-08-01 09:40:41 AM,123.19,178,21927.82,188543407.96000043
2025-08-01 09:40:42 AM,123.26,0,0.0,188543407.96000043
2025-08-01 09:40:42 AM,123.26,1500,184890.0,188728297.96000043
2025-08-01 09:40:43 AM,123.2,0,0.0,188728297.96000043
2025-08-01 09:40:43 AM,123.19,201,24761.19,188753059.15000042
2025-08-01 09:40:44 AM,123.25,1030,126947.5,188880006.65000042
2025-08-01 09:40:45 AM,123.24,0,0.0,188880006.65000042
2025-08-01 09:40:45 AM,123.24,555,68398.2,188948404.8500004
2025-08-01 09:40:47 AM,123.3,0,0.0,188948404.8500004
2025-08-01 09:40:48 AM,123.3,4,493.2,188948898.0500004
2025-08-01 09:40:49 AM,123.3,700,86310.0,189035208.0500004
2025-08-01 09:40:50 AM,123.34,270,33301.8,189068509.8500004
2025-08-01 09:40:50 AM,123.38,0,0.0,189068509.8500004
2025-08-01 09:40:51 AM,123.34,11,1356.74,189069866.59000042
2025-08-01 09:40:51 AM,123.33,25,3083.25,189072949.84000042
2025-08-01 09:40:52 AM,123.38,25,3084.5,189076034.34000042
2025-08-01 09:40:52 AM,123.32,10,1233.1999999999998,189077267.5400004
2025-08-01 09:40:54 AM,123.38,250,30845.0,189108112.5400004
2025-08-01 09:40:59 AM,123.45,0,0.0,189108112.5400004
2025-08-01 09:40:59 AM,123.45,3007,371214.15,189479326.6900004
2025-08-01 09:40:59 AM,123.42,0,0.0,189479326.6900004
2025-08-01 09:41:00 AM,123.45,588,72588.6,189551915.2900004
2025-08-01 09:41:00 AM,123.44,1,123.44,189552038.7300004
2025-08-01 09:41:01 AM,123.39,0,0.0,189552038.7300004
2025-08-01 09:41:02 AM,123.39,45,5552.55,189557591.28000042
2025-08-01 09:41:03 AM,123.45,0,0.0,189557591.28000042
2025-08-01 09:41:03 AM,123.45,100,12345.0,189569936.28000042
2025-08-01 09:41:04 AM,123.39,0,0.0,189569936.28000042
2025-08-01 09:41:04 AM,123.39,7,863.73,189570800.0100004
2025-08-01 09:41:04 AM,123.36,1000,123360.0,189694160.0100004
2025-08-01 09:41:07 AM,123.36,100,12336.0,189706496.0100004
2025-08-01 09:41:07 AM,123.38,0,0.0,189706496.0100004
2025-08-01 09:41:08 AM,123.38,8,987.04,189707483.0500004
2025-08-01 09:41:08 AM,123.39,1,123.39,189707606.44000039
2025-08-01 09:41:12 AM,123.39,11,1357.29,189708963.73000038
2025-08-01 09:41:12 AM,123.43,1,123.43,189709087.16000038
2025-08-01 09:41:17 AM,123.41,50,6170.5,189715257.66000038
2025-08-01 09:41:19 AM,123.41,750,92557.5,189807815.16000038
2025-08-01 09:41:21 AM,123.41,1,123.41,189807938.57000038
2025-08-01 09:41:22 AM,123.38,25,3084.5,189811023.07000038
2025-08-01 09:41:23 AM,123.41,2,246.82,189811269.89000037
2025-08-01 09:41:27 AM,123.41,26,3208.66,189814478.55000037
2025-08-01 09:41:28 AM,123.42,3100,382602.0,190197080.55000037
2025-08-01 09:41:29 AM,123.41,200,24682.0,190221762.55000037
2025-08-01 09:41:34 AM,123.39,1913,236045.07,190457807.62000036
2025-08-01 09:41:36 AM,123.4,1,123.4,190457931.02000037
2025-08-01 09:41:36 AM,123.39,10,1233.9,190459164.92000037
2025-08-01 09:41:37 AM,123.39,50,6169.5,190465334.42000037
2025-08-01 09:41:40 AM,123.35,15,1850.25,190467184.67000037
2025-08-01 09:41:41 AM,123.38,10,1233.8,190468418.4700004
2025-08-01 09:41:43 AM,123.41,100,12341.0,190480759.4700004
2025-08-01 09:41:48 AM,123.38,0,0.0,190480759.4700004
2025-08-01 09:41:48 AM,123.38,100,12338.0,190493097.4700004
2025-08-01 09:41:51 AM,123.4,5,617.0,190493714.4700004
2025-08-01 09:41:52 AM,123.4,4,493.6,190494208.07000038
2025-08-01 09:41:54 AM,123.38,1005,123996.9,190618204.9700004
2025-08-01 09:41:55 AM,123.38,41,5058.58,190623263.5500004
2025-08-01 09:41:56 AM,123.38,115,14188.699999999999,190637452.2500004
2025-08-01 09:42:02 AM,123.38,385,47501.299999999996,190684953.5500004
2025-08-01 09:42:03 AM,123.38,10,1233.8,190686187.3500004
2025-08-01 09:42:05 AM,123.38,27,3331.2599999999998,190689518.6100004
2025-08-01 09:42:06 AM,123.38,10,1233.8,190690752.4100004
2025-08-01 09:42:07 AM,123.38,101,12461.38,190703213.7900004
2025-08-01 09:42:07 AM,123.38,100,12338.0,190715551.7900004
2025-08-01 09:42:08 AM,123.36,0,0.0,190715551.7900004
2025-08-01 09:42:08 AM,123.36,10,1233.6,190716785.3900004
2025-08-01 09:42:09 AM,123.41,0,0.0,190716785.3900004
2025-08-01 09:42:10 AM,123.41,1015,125261.15,190842046.5400004
2025-08-01 09:42:15 AM,123.4,50,6170.0,190848216.5400004
2025-08-01 09:42:17 AM,123.35,0,0.0,190848216.5400004
2025-08-01 09:42:17 AM,123.35,191,23559.85,190871776.3900004
2025-08-01 09:42:19 AM,123.39,10,1233.9,190873010.2900004
2025-08-01 09:42:21 AM,123.34,0,0.0,190873010.2900004
2025-08-01 09:42:22 AM,123.34,1767,217941.78,191090952.0700004
2025-08-01 09:42:22 AM,123.33,448,55251.84,191146203.9100004
2025-08-01 09:42:23 AM,123.35,200,24670.0,191170873.9100004
2025-08-01 09:42:23 AM,123.33,100,12333.0,191183206.9100004
2025-08-01 09:42:24 AM,123.33,150,18499.5,191201706.4100004
2025-08-01 09:42:24 AM,123.33,40,4933.2,191206639.6100004
2025-08-01 09:42:25 AM,123.35,0,0.0,191206639.6100004
2025-08-01 09:42:25 AM,123.35,35,4317.25,191210956.8600004
2025-08-01 09:42:27 AM,123.35,31,3823.85,191214780.7100004
2025-08-01 09:42:27 AM,123.33,25,3083.25,191217863.9600004
2025-08-01 09:42:28 AM,123.33,100,12333.0,191230196.9600004
2025-08-01 09:42:30 AM,123.37,121,14927.77,191245124.7300004
2025-08-01 09:42:30 AM,123.33,0,0.0,191245124.7300004
2025-08-01 09:42:31 AM,123.33,2121,261582.93,191506707.6600004
2025-08-01 09:42:33 AM,123.34,1,123.34,191506831.00000042
2025-08-01 09:42:34 AM,123.34,3,370.02,191507201.02000043
2025-08-01 09:42:36 AM,123.34,100,12334.0,191519535.02000043
2025-08-01 09:42:37 AM,123.34,100,12334.0,191531869.02000043
2025-08-01 09:42:40 AM,123.3,0,0.0,191531869.02000043
2025-08-01 09:42:40 AM,123.3,61,7521.3,191539390.32000044
2025-08-01 09:42:45 AM,123.3,200,24660.0,191564050.32000044
2025-08-01 09:42:46 AM,123.28,500,61640.0,191625690.32000044
2025-08-01 09:42:49 AM,123.34,0,0.0,191625690.32000044
2025-08-01 09:42:49 AM,123.34,15,1850.1000000000001,191627540.42000043
2025-08-01 09:42:50 AM,123.3,0,0.0,191627540.42000043
2025-08-01 09:42:51 AM,123.3,8,986.4,191628526.82000044
2025-08-01 09:42:52 AM,123.31,200,24662.0,191653188.82000044
2025-08-01 09:42:56 AM,123.31,734,90509.54000000001,191743698.36000043
2025-08-01 09:43:00 AM,123.34,8,986.72,191744685.08000043
2025-08-01 09:43:00 AM,123.33,4091,504543.02999999997,192249228.11000043
2025-08-01 09:43:00 AM,123.35,0,0.0,192249228.11000043
2025-08-01 09:43:01 AM,123.35,1465,180707.75,192429935.86000043
2025-08-01 09:43:01 AM,123.36,709,87462.24,192517398.10000044
2025-08-01 09:43:03 AM,123.36,22,2713.92,192520112.02000043
2025-08-01 09:43:05 AM,123.36,1,123.36,192520235.38000044
2025-08-01 09:43:09 AM,123.36,1,123.36,192520358.74000046
2025-08-01 09:43:12 AM,123.36,5,616.8,192520975.54000047
2025-08-01 09:43:14 AM,123.36,6,740.16,192521715.70000046
2025-08-01 09:43:15 AM,123.36,1,123.36,192521839.06000048
2025-08-01 09:43:17 AM,123.36,50,6168.0,192528007.06000048
2025-08-01 09:43:18 AM,123.36,200,24672.0,192552679.06000048
2025-08-01 09:43:19 AM,123.36,18,2220.48,192554899.54000047
2025-08-01 09:43:19 AM,123.36,1,123.36,192555022.90000048
2025-08-01 09:43:20 AM,123.36,10,1233.6,192556256.50000048
2025-08-01 09:43:25 AM,123.35,11,1356.85,192557613.35000047
2025-08-01 09:43:26 AM,123.34,106,13074.04,192570687.39000046
2025-08-01 09:43:27 AM,123.3,5492,677163.6,193247850.99000046
2025-08-01 09:43:28 AM,123.26,230,28349.800000000003,193276200.79000047
2025-08-01 09:43:29 AM,123.3,80,9864.0,193286064.79000047
2025-08-01 09:43:34 AM,123.29,100,12329.0,193298393.79000047
2025-08-01 09:43:35 AM,123.29,2,246.58,193298640.37000048
2025-08-01 09:43:38 AM,123.28,50,6164.0,193304804.37000048
2025-08-01 09:43:38 AM,123.26,0,0.0,193304804.37000048
2025-08-01 09:43:39 AM,123.26,492,60643.920000000006,193365448.29000047
2025-08-01 09:43:40 AM,123.28,20,2465.6,193367913.89000046
2025-08-01 09:43:41 AM,123.28,25,3082.0,193370995.89000046
2025-08-01 09:43:42 AM,123.28,21,2588.88,193373584.77000046
2025-08-01 09:43:43 AM,123.26,0,0.0,193373584.77000046
2025-08-01 09:43:43 AM,123.26,1,123.26,193373708.03000045
2025-08-01 09:43:43 AM,123.26,536,66067.36,193439775.39000046
2025-08-01 09:43:50 AM,123.26,13,1602.38,193441377.77000046
2025-08-01 09:43:54 AM,123.27,2,246.54,193441624.31000045
2025-08-01 09:43:55 AM,123.27,4,493.08,193442117.39000046
2025-08-01 09:43:56 AM,123.27,5,616.35,193442733.74000046
2025-08-01 09:43:58 AM,123.27,1150,141760.5,193584494.24000046
2025-08-01 09:44:00 AM,123.26,0,0.0,193584494.24000046
2025-08-01 09:44:01 AM,123.26,1,123.26,193584617.50000045
2025-08-01 09:44:02 AM,123.26,80,9860.800000000001,193594478.30000046
2025-08-01 09:44:03 AM,123.25,0,0.0,193594478.30000046
2025-08-01 09:44:07 AM,123.22,0,0.0,193594478.30000046
2025-08-01 09:44:08 AM,123.22,1479,182242.38,193776720.68000045
2025-08-01 09:44:09 AM,123.22,50,6161.0,193782881.68000045
2025-08-01 09:44:11 AM,123.15,0,0.0,193782881.68000045
2025-08-01 09:44:15 AM,123.18,714,87950.52,193870832.20000046
2025-08-01 09:44:19 AM,123.15,0,0.0,193870832.20000046
2025-08-01 09:44:21 AM,123.1,0,0.0,193870832.20000046
2025-08-01 09:44:21 AM,123.1,395,48624.5,193919456.70000046
2025-08-01 09:44:28 AM,123.1,25,3077.5,193922534.20000046
2025-08-01 09:44:31 AM,123.11,0,0.0,193922534.20000046
2025-08-01 09:44:34 AM,123.11,252,31023.72,193953557.92000046
2025-08-01 09:44:39 AM,123.07,0,0.0,193953557.92000046
2025-08-01 09:44:40 AM,123.07,3605,443667.35,194397225.27000046
2025-08-01 09:44:47 AM,123.06,2,246.12,194397471.39000046
2025-08-01 09:44:48 AM,123.06,400,49224.0,194446695.39000046
2025-08-01 09:44:49 AM,123.05,0,0.0,194446695.39000046
2025-08-01 09:44:51 AM,123.06,0,0.0,194446695.39000046
2025-08-01 09:44:53 AM,123.08,11239,1383296.1199999999,195829991.51000047
2025-08-01 09:44:54 AM,123.08,20,2461.6,195832453.11000046
2025-08-01 09:44:55 AM,123.12,0,0.0,195832453.11000046
2025-08-01 09:45:00 AM,123.12,16724,2059058.8800000001,197891511.99000046
2025-08-01 09:45:01 AM,123.1,0,0.0,197891511.99000046
2025-08-01 09:45:01 AM,123.1,1500,184650.0,198076161.99000046
2025-08-01 09:45:02 AM,123.07,4845,596274.15,198672436.14000046
2025-08-01 09:45:02 AM,123.15,0,0.0,198672436.14000046
2025-08-01 09:45:03 AM,123.12,510,62791.200000000004,198735227.34000045
2025-08-01 09:45:04 AM,123.1,156,19203.6,198754430.94000044
2025-08-01 09:45:04 AM,123.08,0,0.0,198754430.94000044
2025-08-01 09:45:05 AM,123.04,0,0.0,198754430.94000044
2025-08-01 09:45:05 AM,123.0,73321,9018483.0,207772913.94000044
2025-08-01 09:45:05 AM,122.95,973,119630.35,207892544.29000044
2025-08-01 09:45:06 AM,122.98,725,89160.5,207981704.79000044
2025-08-01 09:45:06 AM,122.94,4747,583596.1799999999,208565300.97000045
2025-08-01 09:45:08 AM,122.95,100,12295.0,208577595.97000045
2025-08-01 09:45:09 AM,122.95,16,1967.2,208579563.17000043
2025-08-01 09:45:09 AM,122.95,1,122.95,208579686.12000042
2025-08-01 09:45:09 AM,122.9,0,0.0,208579686.12000042
2025-08-01 09:45:10 AM,122.9,4239,520973.10000000003,209100659.22000042
2025-08-01 09:45:10 AM,123.02,0,0.0,209100659.22000042
2025-08-01 09:45:10 AM,123.02,2248,276548.95999999996,209377208.18000042
2025-08-01 09:45:13 AM,123.01,0,0.0,209377208.18000042
2025-08-01 09:45:13 AM,123.01,1,123.01,209377331.1900004
2025-08-01 09:45:14 AM,122.98,0,0.0,209377331.1900004
2025-08-01 09:45:15 AM,123.01,0,0.0,209377331.1900004
2025-08-01 09:45:15 AM,123.01,756,92995.56,209470326.75000042
2025-08-01 09:45:15 AM,122.96,0,0.0,209470326.75000042
2025-08-01 09:45:16 AM,122.96,1028,126402.87999999999,209596729.6300004
2025-08-01 09:45:18 AM,122.99,2,245.98,209596975.6100004
2025-08-01 09:45:19 AM,122.91,5000,614550.0,210211525.6100004
2025-08-01 09:45:19 AM,122.95,60,7377.0,210218902.6100004
2025-08-01 09:45:23 AM,122.95,4,491.8,210219394.4100004
2025-08-01 09:45:23 AM,122.95,1,122.95,210219517.3600004
2025-08-01 09:45:25 AM,122.91,506,62192.46,210281709.8200004
2025-08-01 09:45:25 AM,122.95,175,21516.25,210303226.0700004
2025-08-01 09:45:26 AM,122.95,100,12295.0,210315521.0700004
2025-08-01 09:45:28 AM,122.9,0,0.0,210315521.0700004
2025-08-01 09:45:29 AM,122.86,4015,493282.9,210808803.97000042
2025-08-01 09:45:30 AM,122.89,172,21137.08,210829941.05000043
2025-08-01 09:45:31 AM,122.93,0,0.0,210829941.05000043
2025-08-01 09:45:31 AM,122.93,10,1229.3000000000002,210831170.35000044
2025-08-01 09:45:32 AM,122.9,1,122.9,210831293.25000045
2025-08-01 09:45:33 AM,122.95,0,0.0,210831293.25000045
2025-08-01 09:45:33 AM,122.95,4471,549709.4500000001,211381002.70000044
2025-08-01 09:45:34 AM,122.89,190,23349.1,211404351.80000043
2025-08-01 09:45:35 AM,122.89,7,860.23,211405212.03000042
2025-08-01 09:45:36 AM,122.9,101,12412.900000000001,211417624.93000042
2025-08-01 09:45:38 AM,122.9,500,61450.0,211479074.93000042
2025-08-01 09:45:38 AM,122.91,100,12291.0,211491365.93000042
2025-08-01 09:45:44 AM,122.9,0,0.0,211491365.93000042
2025-08-01 09:45:45 AM,122.9,294,36132.6,211527498.53000042
2025-08-01 09:45:45 AM,122.93,400,49172.0,211576670.53000042
2025-08-01 09:45:45 AM,122.99,0,0.0,211576670.53000042
2025-08-01 09:45:46 AM,122.99,10939,1345387.6099999999,212922058.14000043
2025-08-01 09:45:46 AM,122.96,17715,2178236.4,215100294.54000044
2025-08-01 09:45:49 AM,123.0,0,0.0,215100294.54000044
2025-08-01 09:45:50 AM,123.0,186,22878.0,215123172.54000044
2025-08-01 09:45:51 AM,123.0,50,6150.0,215129322.54000044
2025-08-01 09:45:53 AM,122.99,100,12299.0,215141621.54000044
2025-08-01 09:45:55 AM,123.03,46,5659.38,215147280.92000043
2025-08-01 09:45:56 AM,123.03,5,615.15,215147896.07000044
2025-08-01 09:45:57 AM,122.99,145,17833.55,215165729.62000045
2025-08-01 09:45:58 AM,123.03,20,2460.6,215168190.22000045
2025-08-01 09:45:58 AM,123.0,0,0.0,215168190.22000045
2025-08-01 09:45:59 AM,123.0,100,12300.0,215180490.22000045
2025-08-01 09:46:00 AM,123.0,2400,295200.0,215475690.22000045
2025-08-01 09:46:01 AM,122.95,10,1229.5,215476919.72000045
2025-08-01 09:46:02 AM,122.94,0,0.0,215476919.72000045
2025-08-01 09:46:02 AM,122.91,101,12413.91,215489333.63000044
2025-08-01 09:46:07 AM,122.93,100,12293.0,215501626.63000044
2025-08-01 09:46:07 AM,122.94,1,122.94,215501749.57000044
2025-08-01 09:46:09 AM,122.96,0,0.0,215501749.57000044
2025-08-01 09:46:10 AM,122.96,1000,122960.0,215624709.57000044
2025-08-01 09:46:11 AM,122.93,1,122.93,215624832.50000045
2025-08-01 09:46:13 AM,122.96,169,20780.239999999998,215645612.74000046
2025-08-01 09:46:14 AM,122.91,0,0.0,215645612.74000046
2025-08-01 09:46:15 AM,122.96,914,112385.43999999999,215757998.18000045
2025-08-01 09:46:16 AM,122.93,0,0.0,215757998.18000045
2025-08-01 09:46:17 AM,122.93,270,33191.1,215791189.28000045
2025-08-01 09:46:17 AM,122.96,76,9344.96,215800534.24000046
2025-08-01 09:46:22 AM,122.94,8,983.52,215801517.76000047
2025-08-01 09:46:22 AM,122.95,0,0.0,215801517.76000047
2025-08-01 09:46:23 AM,122.95,50,6147.5,215807665.26000047
2025-08-01 09:46:25 AM,122.98,0,0.0,215807665.26000047
2025-08-01 09:46:25 AM,122.98,1650,202917.0,216010582.26000047
2025-08-01 09:46:26 AM,122.97,4,491.88,216011074.14000046
2025-08-01 09:46:28 AM,122.97,10,1229.7,216012303.84000045
2025-08-01 09:46:29 AM,122.97,25,3074.25,216015378.09000045
2025-08-01 09:46:30 AM,122.94,2,245.88,216015623.97000045
2025-08-01 09:46:31 AM,122.96,0,0.0,216015623.97000045
2025-08-01 09:46:31 AM,122.96,250,30740.0,216046363.97000045
2025-08-01 09:46:35 AM,122.96,21,2582.16,216048946.13000044
2025-08-01 09:46:36 AM,122.96,2,245.92,216049192.05000043
2025-08-01 09:46:36 AM,122.96,5,614.8,216049806.85000044
2025-08-01 09:46:41 AM,122.96,350,43036.0,216092842.85000044
2025-08-01 09:46:42 AM,122.95,10,1229.5,216094072.35000044
2025-08-01 09:46:42 AM,122.96,0,0.0,216094072.35000044
2025-08-01 09:46:43 AM,122.96,3550,436508.0,216530580.35000044
2025-08-01 09:46:43 AM,122.96,134,16476.64,216547056.99000043
2025-08-01 09:46:43 AM,122.97,0,0.0,216547056.99000043
2025-08-01 09:46:44 AM,122.97,50,6148.5,216553205.49000043
2025-08-01 09:46:44 AM,122.97,100,12297.0,216565502.49000043
2025-08-01 09:46:44 AM,122.96,0,0.0,216565502.49000043
2025-08-01 09:46:45 AM,122.96,507,62340.719999999994,216627843.21000043
2025-08-01 09:46:46 AM,122.96,2500,307400.0,216935243.21000043
2025-08-01 09:46:46 AM,122.97,0,0.0,216935243.21000043
2025-08-01 09:46:47 AM,122.97,100,12297.0,216947540.21000043
2025-08-01 09:46:48 AM,122.97,14,1721.58,216949261.79000044
2025-08-01 09:46:48 AM,122.97,100,12297.0,216961558.79000044
2025-08-01 09:46:50 AM,122.96,2373,291784.07999999996,217253342.87000045
2025-08-01 09:46:51 AM,122.96,8,983.68,217254326.55000046
