date,price,qty,trnvr,cum_trnvr
2025-08-01 09:15:08 AM,268.2,9170,2459394.0,2459394.0
2025-08-01 09:15:10 AM,268.05,6,1608.3000000000002,2461002.3
2025-08-01 09:15:20 AM,268.05,361,96766.05,2557768.3499999996
2025-08-01 09:15:31 AM,269.0,0,0.0,2557768.3499999996
2025-08-01 09:15:36 AM,269.15,0,0.0,2557768.3499999996
2025-08-01 09:15:37 AM,269.15,180,48446.99999999999,2606215.3499999996
2025-08-01 09:15:40 AM,270.5,0,0.0,2606215.3499999996
2025-08-01 09:15:45 AM,270.5,347,93863.5,2700078.8499999996
2025-08-01 09:15:47 AM,270.85,1300,352105.00000000006,3052183.8499999996
2025-08-01 09:15:49 AM,270.5,0,0.0,3052183.8499999996
2025-08-01 09:15:54 AM,270.5,86,23263.0,3075446.8499999996
2025-08-01 09:16:02 AM,270.85,10,2708.5,3078155.3499999996
2025-08-01 09:16:10 AM,270.85,1590,430651.50000000006,3508806.8499999996
2025-08-01 09:16:12 AM,270.8,25,6770.0,3515576.8499999996
2025-08-01 09:16:13 AM,270.3,0,0.0,3515576.8499999996
2025-08-01 09:16:18 AM,270.8,71,19226.8,3534803.6499999994
2025-08-01 09:16:32 AM,270.9,0,0.0,3534803.6499999994
2025-08-01 09:16:35 AM,270.9,270,73143.0,3607946.6499999994
2025-08-01 09:16:42 AM,271.0,0,0.0,3607946.6499999994
2025-08-01 09:16:43 AM,271.0,783,212193.0,3820139.6499999994
2025-08-01 09:16:59 AM,271.0,1000,271000.0,4091139.6499999994
2025-08-01 09:17:17 AM,271.0,232,62872.0,4154011.6499999994
2025-08-01 09:17:37 AM,270.9,0,0.0,4154011.6499999994
2025-08-01 09:17:41 AM,270.8,40,10832.0,4164843.6499999994
2025-08-01 09:17:43 AM,270.7,0,0.0,4164843.6499999994
2025-08-01 09:17:49 AM,270.7,188,50891.6,4215735.249999999
2025-08-01 09:17:57 AM,270.95,400,108380.0,4324115.249999999
2025-08-01 09:18:17 AM,270.9,0,0.0,4324115.249999999
2025-08-01 09:18:22 AM,270.45,3,811.3499999999999,4324926.599999999
2025-08-01 09:18:47 AM,270.95,90,24385.5,4349312.099999999
2025-08-01 09:18:48 AM,271.0,5709,1547139.0,5896451.099999999
2025-08-01 09:19:03 AM,271.0,250,67750.0,5964201.099999999
2025-08-01 09:19:19 AM,270.8,28,7582.400000000001,5971783.499999999
2025-08-01 09:19:37 AM,271.0,74,20054.0,5991837.499999999
2025-08-01 09:19:51 AM,271.0,100,27100.0,6018937.499999999
2025-08-01 09:19:58 AM,270.95,0,0.0,6018937.499999999
2025-08-01 09:19:59 AM,270.95,102,27636.899999999998,6046574.399999999
2025-08-01 09:20:01 AM,271.0,463,125473.0,6172047.399999999
2025-08-01 09:20:07 AM,271.0,1,271.0,6172318.399999999
2025-08-01 09:20:15 AM,270.9,0,0.0,6172318.399999999
2025-08-01 09:20:17 AM,270.9,28,7585.199999999999,6179903.6
2025-08-01 09:20:30 AM,270.65,0,0.0,6179903.6
2025-08-01 09:20:31 AM,270.65,25,6766.249999999999,6186669.85
2025-08-01 09:20:40 AM,270.95,4,1083.8,6187753.649999999
2025-08-01 09:20:48 AM,271.0,50,13550.0,6201303.649999999
2025-08-01 09:20:54 AM,271.0,42,11382.0,6212685.649999999
2025-08-01 09:21:02 AM,271.0,3,813.0,6213498.649999999
2025-08-01 09:21:10 AM,271.0,6,1626.0,6215124.649999999
2025-08-01 09:21:34 AM,271.0,613,166123.0,6381247.649999999
2025-08-01 09:21:56 AM,271.0,68,18428.0,6399675.649999999
2025-08-01 09:22:04 AM,271.0,76,20596.0,6420271.649999999
2025-08-01 09:22:19 AM,270.95,10,2709.5,6422981.149999999
2025-08-01 09:22:21 AM,270.95,10,2709.5,6425690.649999999
2025-08-01 09:22:30 AM,271.0,0,0.0,6425690.649999999
2025-08-01 09:22:34 AM,271.0,10,2710.0,6428400.649999999
2025-08-01 09:22:42 AM,271.0,10,2710.0,6431110.649999999
2025-08-01 09:22:44 AM,271.0,5686,1540906.0,7972016.649999999
2025-08-01 09:23:05 AM,271.65,415,112734.74999999999,8084751.399999999
2025-08-01 09:23:28 AM,272.0,736,200192.0,8284943.399999999
2025-08-01 09:23:36 AM,271.95,0,0.0,8284943.399999999
2025-08-01 09:23:37 AM,271.95,100,27195.0,8312138.399999999
2025-08-01 09:23:42 AM,271.75,0,0.0,8312138.399999999
2025-08-01 09:23:43 AM,271.75,3,815.25,8312953.649999999
2025-08-01 09:23:45 AM,271.65,400,108659.99999999999,8421613.649999999
2025-08-01 09:23:54 AM,271.75,0,0.0,8421613.649999999
2025-08-01 09:23:58 AM,271.4,26,7056.4,8428670.049999999
2025-08-01 09:24:01 AM,271.35,0,0.0,8428670.049999999
2025-08-01 09:24:06 AM,271.35,50,13567.500000000002,8442237.549999999
2025-08-01 09:24:08 AM,271.8,0,0.0,8442237.549999999
2025-08-01 09:24:14 AM,271.8,46,12502.800000000001,8454740.35
2025-08-01 09:24:21 AM,271.3,876,237658.80000000002,8692399.15
2025-08-01 09:24:23 AM,271.5,40,10860.0,8703259.15
2025-08-01 09:25:08 AM,271.3,143,38795.9,8742055.05
2025-08-01 09:25:14 AM,271.3,321,87087.3,8829142.350000001
2025-08-01 09:25:21 AM,271.3,26,7053.8,8836196.150000002
2025-08-01 09:25:29 AM,271.0,200,54200.0,8890396.150000002
2025-08-01 09:25:44 AM,271.0,100,27100.0,8917496.150000002
2025-08-01 09:26:01 AM,271.35,1,271.35,8917767.500000002
2025-08-01 09:26:08 AM,271.0,235,63685.0,8981452.500000002
2025-08-01 09:26:12 AM,270.95,0,0.0,8981452.500000002
2025-08-01 09:26:14 AM,271.0,862,233602.0,9215054.500000002
2025-08-01 09:26:30 AM,271.4,0,0.0,9215054.500000002
2025-08-01 09:26:31 AM,271.4,50,13569.999999999998,9228624.500000002
2025-08-01 09:26:34 AM,271.7,0,0.0,9228624.500000002
2025-08-01 09:26:37 AM,271.7,218,59230.6,9287855.100000001
2025-08-01 09:26:37 AM,272.0,0,0.0,9287855.100000001
2025-08-01 09:26:39 AM,272.0,26,7072.0,9294927.100000001
2025-08-01 09:26:49 AM,272.4,0,0.0,9294927.100000001
2025-08-01 09:26:52 AM,271.9,3631,987268.8999999999,10282196.000000002
2025-08-01 09:26:54 AM,271.8,10,2718.0,10284914.000000002
2025-08-01 09:27:01 AM,272.0,10,2720.0,10287634.000000002
2025-08-01 09:27:19 AM,272.05,0,0.0,10287634.000000002
2025-08-01 09:27:22 AM,272.05,49,13330.45,10300964.450000001
2025-08-01 09:27:44 AM,272.2,50,13610.0,10314574.450000001
2025-08-01 09:27:45 AM,272.15,0,0.0,10314574.450000001
2025-08-01 09:27:46 AM,272.15,36,9797.4,10324371.850000001
2025-08-01 09:28:05 AM,272.0,0,0.0,10324371.850000001
2025-08-01 09:28:08 AM,272.0,21,5712.0,10330083.850000001
2025-08-01 09:29:09 AM,272.0,5,1360.0,10331443.850000001
2025-08-01 09:29:16 AM,271.4,500,135700.0,10467143.850000001
2025-08-01 09:29:33 AM,271.8,74,20113.2,10487257.05
2025-08-01 09:29:39 AM,271.8,106,28810.800000000003,10516067.850000001
2025-08-01 09:30:17 AM,271.8,16,4348.8,10520416.650000002
2025-08-01 09:30:32 AM,271.8,1,271.8,10520688.450000003
2025-08-01 09:31:01 AM,271.8,60,16308.0,10536996.450000003
2025-08-01 09:31:23 AM,271.7,278,75532.59999999999,10612529.050000003
2025-08-01 09:31:28 AM,271.9,0,0.0,10612529.050000003
2025-08-01 09:31:30 AM,271.9,2,543.8,10613072.850000003
2025-08-01 09:32:05 AM,271.8,10,2718.0,10615790.850000003
2025-08-01 09:32:47 AM,271.65,422,114636.29999999999,10730427.150000004
2025-08-01 09:32:54 AM,271.65,87,23633.55,10754060.700000005
2025-08-01 09:33:02 AM,271.45,0,0.0,10754060.700000005
2025-08-01 09:33:08 AM,271.45,51,13843.949999999999,10767904.650000004
2025-08-01 09:33:28 AM,271.6,0,0.0,10767904.650000004
2025-08-01 09:33:29 AM,271.6,4,1086.4,10768991.050000004
2025-08-01 09:33:36 AM,271.4,100,27139.999999999996,10796131.050000004
2025-08-01 09:33:38 AM,271.35,0,0.0,10796131.050000004
2025-08-01 09:33:40 AM,271.6,0,0.0,10796131.050000004
2025-08-01 09:33:42 AM,271.6,118,32048.800000000003,10828179.850000005
2025-08-01 09:33:57 AM,271.6,9,2444.4,10830624.250000006
2025-08-01 09:34:03 AM,271.6,77,20913.2,10851537.450000005
2025-08-01 09:34:36 AM,271.7,0,0.0,10851537.450000005
2025-08-01 09:34:39 AM,271.7,2,543.4,10852080.850000005
2025-08-01 09:34:48 AM,271.75,0,0.0,10852080.850000005
2025-08-01 09:34:52 AM,271.75,32,8696.0,10860776.850000005
2025-08-01 09:35:06 AM,271.75,57,15489.75,10876266.600000005
2025-08-01 09:35:20 AM,271.9,100,27189.999999999996,10903456.600000005
2025-08-01 09:35:41 AM,271.9,4,1087.6,10904544.200000005
2025-08-01 09:35:48 AM,271.6,0,0.0,10904544.200000005
2025-08-01 09:35:48 AM,271.6,177,48073.200000000004,10952617.400000004
2025-08-01 09:35:54 AM,271.7,15,4075.5,10956692.900000004
2025-08-01 09:36:22 AM,271.75,0,0.0,10956692.900000004
2025-08-01 09:36:28 AM,271.8,104,28267.2,10984960.100000003
2025-08-01 09:36:38 AM,271.6,0,0.0,10984960.100000003
2025-08-01 09:36:40 AM,271.6,13,3530.8,10988490.900000004
2025-08-01 09:36:42 AM,270.55,0,0.0,10988490.900000004
2025-08-01 09:36:46 AM,271.7,0,0.0,10988490.900000004
2025-08-01 09:36:47 AM,271.7,2276,618389.2,11606880.100000003
2025-08-01 09:36:58 AM,271.8,0,0.0,11606880.100000003
2025-08-01 09:37:00 AM,271.9,6,1631.3999999999999,11608511.500000004
2025-08-01 09:37:22 AM,271.95,0,0.0,11608511.500000004
2025-08-01 09:37:26 AM,271.85,0,0.0,11608511.500000004
2025-08-01 09:37:28 AM,271.85,103,28000.550000000003,11636512.050000004
2025-08-01 09:37:58 AM,271.9,0,0.0,11636512.050000004
2025-08-01 09:38:02 AM,271.9,61,16585.899999999998,11653097.950000005
2025-08-01 09:38:12 AM,271.8,0,0.0,11653097.950000005
2025-08-01 09:38:16 AM,271.8,20,5436.0,11658533.950000005
2025-08-01 09:38:23 AM,271.8,20,5436.0,11663969.950000005
2025-08-01 09:38:29 AM,271.8,20,5436.0,11669405.950000005
2025-08-01 09:38:33 AM,271.85,0,0.0,11669405.950000005
2025-08-01 09:38:36 AM,271.85,14,3805.9000000000005,11673211.850000005
2025-08-01 09:38:43 AM,271.85,21,5708.85,11678920.700000005
2025-08-01 09:38:49 AM,271.85,1,271.85,11679192.550000004
2025-08-01 09:39:02 AM,271.85,52,14136.2,11693328.750000004
2025-08-01 09:39:08 AM,272.0,0,0.0,11693328.750000004
2025-08-01 09:39:09 AM,271.95,0,0.0,11693328.750000004
2025-08-01 09:39:09 AM,271.95,7,1903.6499999999999,11695232.400000004
2025-08-01 09:39:35 AM,271.85,0,0.0,11695232.400000004
2025-08-01 09:39:36 AM,271.85,52,14136.2,11709368.600000003
2025-08-01 09:39:39 AM,271.55,0,0.0,11709368.600000003
2025-08-01 09:39:42 AM,271.55,100,27155.0,11736523.600000003
2025-08-01 09:39:59 AM,272.05,0,0.0,11736523.600000003
2025-08-01 09:40:02 AM,272.05,25,6801.25,11743324.850000003
2025-08-01 09:40:25 AM,271.8,0,0.0,11743324.850000003
2025-08-01 09:40:29 AM,271.8,1397,379704.60000000003,12123029.450000003
2025-08-01 09:40:49 AM,272.05,80,21764.0,12144793.450000003
2025-08-01 09:40:55 AM,271.85,2,543.7,12145337.150000002
2025-08-01 09:41:22 AM,271.85,50,13592.500000000002,12158929.650000002
2025-08-01 09:41:26 AM,272.05,0,0.0,12158929.650000002
2025-08-01 09:41:28 AM,272.05,1,272.05,12159201.700000003
2025-08-01 09:42:00 AM,272.05,50,13602.5,12172804.200000003
2025-08-01 09:42:45 AM,271.85,0,0.0,12172804.200000003
2025-08-01 09:42:46 AM,271.85,5,1359.25,12174163.450000003
2025-08-01 09:43:06 AM,271.85,103,28000.550000000003,12202164.000000004
2025-08-01 09:43:26 AM,271.8,40,10872.0,12213036.000000004
2025-08-01 09:43:47 AM,271.65,219,59491.35,12272527.350000003
2025-08-01 09:44:09 AM,271.95,0,0.0,12272527.350000003
2025-08-01 09:44:12 AM,271.95,100,27195.0,12299722.350000003
2025-08-01 09:44:32 AM,271.95,2,543.9,12300266.250000004
2025-08-01 09:44:55 AM,271.65,0,0.0,12300266.250000004
2025-08-01 09:44:57 AM,271.65,221,60034.649999999994,12360300.900000004
2025-08-01 09:45:11 AM,271.45,173,46960.85,12407261.750000004
2025-08-01 09:45:18 AM,271.45,1,271.45,12407533.200000003
2025-08-01 09:45:32 AM,271.45,80,21716.0,12429249.200000003
2025-08-01 09:46:03 AM,271.0,1081,292951.0,12722200.200000003
2025-08-01 09:46:13 AM,271.05,0,0.0,12722200.200000003
2025-08-01 09:46:16 AM,271.05,11,2981.55,12725181.750000004
2025-08-01 09:46:54 AM,271.35,0,0.0,12725181.750000004
2025-08-01 09:46:54 AM,271.35,1,271.35,12725453.100000003
2025-08-01 09:47:18 AM,271.35,5,1356.75,12726809.850000003
2025-08-01 09:47:25 AM,271.05,100,27105.0,12753914.850000003
2025-08-01 09:47:31 AM,271.35,38,10311.300000000001,12764226.150000004
2025-08-01 09:47:44 AM,271.4,0,0.0,12764226.150000004
2025-08-01 09:47:44 AM,271.4,3,814.1999999999999,12765040.350000003
2025-08-01 09:47:54 AM,271.35,5,1356.75,12766397.100000003
2025-08-01 09:48:00 AM,271.45,3,814.3499999999999,12767211.450000003
2025-08-01 09:48:04 AM,271.1,49,13283.900000000001,12780495.350000003
2025-08-01 09:49:17 AM,271.65,0,0.0,12780495.350000003
2025-08-01 09:49:21 AM,271.65,999,271378.35,13051873.700000003
2025-08-01 09:49:44 AM,271.8,0,0.0,13051873.700000003
2025-08-01 09:49:46 AM,271.8,400,108720.0,13160593.700000003
2025-08-01 09:51:04 AM,271.6,0,0.0,13160593.700000003
2025-08-01 09:51:07 AM,271.25,0,0.0,13160593.700000003
2025-08-01 09:51:08 AM,271.25,501,135896.25,13296489.950000003
2025-08-01 09:51:12 AM,271.55,0,0.0,13296489.950000003
2025-08-01 09:51:15 AM,271.55,24,6517.200000000001,13303007.150000002
2025-08-01 09:51:16 AM,271.55,209,56753.950000000004,13359761.100000001
2025-08-01 09:51:23 AM,272.1,0,0.0,13359761.100000001
2025-08-01 09:51:23 AM,272.1,1000,272100.0,13631861.100000001
2025-08-01 09:51:24 AM,272.25,0,0.0,13631861.100000001
2025-08-01 09:51:27 AM,272.25,499,135852.75,13767713.850000001
2025-08-01 09:52:01 AM,271.85,20,5437.0,13773150.850000001
2025-08-01 09:52:15 AM,271.75,0,0.0,13773150.850000001
2025-08-01 09:52:16 AM,271.75,1,271.75,13773422.600000001
2025-08-01 09:52:25 AM,271.75,905,245933.75,14019356.350000001
2025-08-01 09:53:12 AM,272.0,0,0.0,14019356.350000001
2025-08-01 09:53:13 AM,272.0,250,68000.0,14087356.350000001
2025-08-01 09:53:18 AM,272.35,1000,272350.0,14359706.350000001
2025-08-01 09:53:19 AM,271.6,0,0.0,14359706.350000001
2025-08-01 09:53:20 AM,271.6,50,13580.000000000002,14373286.350000001
2025-08-01 09:54:29 AM,271.65,0,0.0,14373286.350000001
2025-08-01 09:54:32 AM,271.65,56,15212.399999999998,14388498.750000002
2025-08-01 09:54:35 AM,271.3,0,0.0,14388498.750000002
2025-08-01 09:54:38 AM,271.3,144,39067.200000000004,14427565.950000001
2025-08-01 09:54:44 AM,271.85,10,2718.5,14430284.450000001
2025-08-01 09:55:25 AM,271.6,0,0.0,14430284.450000001
2025-08-01 09:55:25 AM,271.6,1,271.6,14430556.05
2025-08-01 09:55:33 AM,271.85,0,0.0,14430556.05
2025-08-01 09:55:33 AM,271.85,50,13592.500000000002,14444148.55
2025-08-01 09:55:39 AM,271.8,3,815.4000000000001,14444963.950000001
2025-08-01 09:55:50 AM,271.9,0,0.0,14444963.950000001
2025-08-01 09:55:50 AM,271.9,3,815.6999999999999,14445779.65
2025-08-01 09:55:56 AM,271.05,0,0.0,14445779.65
2025-08-01 09:55:56 AM,271.05,1500,406575.0,14852354.65
2025-08-01 09:56:01 AM,271.8,0,0.0,14852354.65
2025-08-01 09:56:02 AM,271.8,58,15764.400000000001,14868119.05
2025-08-01 09:58:24 AM,271.5,0,0.0,14868119.05
2025-08-01 09:58:25 AM,271.5,100,27150.0,14895269.05
2025-08-01 09:58:28 AM,271.8,0,0.0,14895269.05
2025-08-01 09:58:28 AM,271.8,845,229671.0,15124940.05
2025-08-01 09:59:48 AM,271.4,11,2985.3999999999996,15127925.450000001
2025-08-01 10:00:04 AM,271.4,10,2714.0,15130639.450000001
2025-08-01 10:00:10 AM,271.4,710,192693.99999999997,15323333.450000001
2025-08-01 10:00:19 AM,271.0,0,0.0,15323333.450000001
2025-08-01 10:00:20 AM,271.0,3609,978039.0,16301372.450000001
2025-08-01 10:00:31 AM,270.2,0,0.0,16301372.450000001
2025-08-01 10:00:32 AM,270.2,501,135370.19999999998,16436742.65
2025-08-01 10:00:35 AM,270.4,17,4596.799999999999,16441339.450000001
2025-08-01 10:00:42 AM,270.7,0,0.0,16441339.450000001
2025-08-01 10:00:42 AM,270.7,1,270.7,16441610.15
2025-08-01 10:00:48 AM,270.4,0,0.0,16441610.15
2025-08-01 10:00:48 AM,270.4,17,4596.799999999999,16446206.950000001
2025-08-01 10:01:00 AM,270.0,0,0.0,16446206.950000001
2025-08-01 10:01:01 AM,270.0,400,108000.0,16554206.950000001
2025-08-01 10:01:10 AM,270.65,23,6224.95,16560431.9
2025-08-01 10:01:41 AM,270.3,0,0.0,16560431.9
2025-08-01 10:01:41 AM,270.3,600,162180.0,16722611.9
2025-08-01 10:01:53 AM,271.0,0,0.0,16722611.9
2025-08-01 10:01:54 AM,271.0,73,19783.0,16742394.9
2025-08-01 10:02:56 AM,271.05,0,0.0,16742394.9
2025-08-01 10:02:57 AM,271.05,6,1626.3000000000002,16744021.200000001
2025-08-01 10:03:16 AM,271.3,0,0.0,16744021.200000001
2025-08-01 10:03:16 AM,271.3,2,542.6,16744563.8
2025-08-01 10:03:29 AM,271.05,4,1084.2,16745648.0
2025-08-01 10:04:44 AM,271.3,4,1085.2,16746733.2
2025-08-01 10:04:57 AM,271.3,14,3798.2000000000003,16750531.399999999
2025-08-01 10:05:15 AM,271.45,1,271.45,16750802.849999998
2025-08-01 10:05:40 AM,271.45,1,271.45,16751074.299999997
2025-08-01 10:06:10 AM,271.75,0,0.0,16751074.299999997
2025-08-01 10:06:10 AM,271.75,256,69568.0,16820642.299999997
2025-08-01 10:06:21 AM,271.4,1,271.4,16820913.699999996
2025-08-01 10:06:39 AM,271.35,0,0.0,16820913.699999996
2025-08-01 10:06:39 AM,271.35,218,59154.3,16880067.999999996
2025-08-01 10:07:23 AM,271.45,0,0.0,16880067.999999996
2025-08-01 10:07:23 AM,271.45,5,1357.25,16881425.249999996
2025-08-01 10:07:25 AM,271.45,306,83063.7,16964488.949999996
2025-08-01 10:07:29 AM,271.45,58,15744.099999999999,16980233.049999997
2025-08-01 10:07:47 AM,271.45,21,5700.45,16985933.499999996
2025-08-01 10:07:53 AM,271.7,79,21464.3,17007397.799999997
2025-08-01 10:08:05 AM,271.85,0,0.0,17007397.799999997
2025-08-01 10:08:06 AM,271.85,350,95147.50000000001,17102545.299999997
2025-08-01 10:08:35 AM,271.4,0,0.0,17102545.299999997
2025-08-01 10:08:36 AM,271.4,2,542.8,17103088.099999998
2025-08-01 10:08:46 AM,271.7,0,0.0,17103088.099999998
2025-08-01 10:08:48 AM,271.7,2,543.4,17103631.499999996
2025-08-01 10:09:58 AM,271.7,1,271.7,17103903.199999996
2025-08-01 10:10:05 AM,271.55,0,0.0,17103903.199999996
2025-08-01 10:10:06 AM,271.7,630,171171.0,17275074.199999996
2025-08-01 10:10:46 AM,271.85,0,0.0,17275074.199999996
2025-08-01 10:10:46 AM,271.85,200,54370.00000000001,17329444.199999996
2025-08-01 10:10:52 AM,271.85,20,5437.0,17334881.199999996
2025-08-01 10:11:31 AM,272.05,0,0.0,17334881.199999996
2025-08-01 10:11:32 AM,272.05,10,2720.5,17337601.699999996
2025-08-01 10:12:09 AM,271.85,100,27185.000000000004,17364786.699999996
2025-08-01 10:12:22 AM,272.05,0,0.0,17364786.699999996
2025-08-01 10:12:25 AM,272.05,1,272.05,17365058.749999996
2025-08-01 10:12:55 AM,272.15,0,0.0,17365058.749999996
2025-08-01 10:13:00 AM,272.15,25,6803.749999999999,17371862.499999996
2025-08-01 10:13:16 AM,271.9,0,0.0,17371862.499999996
2025-08-01 10:13:17 AM,271.85,125,33981.25,17405843.749999996
2025-08-01 10:13:18 AM,271.85,1,271.85,17406115.599999998
2025-08-01 10:13:29 AM,271.85,1,271.85,17406387.45
2025-08-01 10:13:41 AM,271.85,18,4893.3,17411280.75
2025-08-01 10:14:10 AM,272.0,0,0.0,17411280.75
2025-08-01 10:14:10 AM,272.0,4,1088.0,17412368.75
2025-08-01 10:14:16 AM,272.15,0,0.0,17412368.75
2025-08-01 10:14:16 AM,272.15,610,166011.5,17578380.25
2025-08-01 10:14:50 AM,272.5,0,0.0,17578380.25
2025-08-01 10:14:51 AM,272.5,9475,2581937.5,20160317.75
2025-08-01 10:15:06 AM,272.4,0,0.0,20160317.75
2025-08-01 10:15:08 AM,272.4,16,4358.4,20164676.15
2025-08-01 10:15:26 AM,272.45,2,544.9,20165221.049999997
2025-08-01 10:15:30 AM,272.5,0,0.0,20165221.049999997
2025-08-01 10:15:31 AM,272.4,0,0.0,20165221.049999997
2025-08-01 10:15:32 AM,272.4,5919,1612335.5999999999,21777556.65
2025-08-01 10:16:13 AM,272.4,10,2724.0,21780280.65
2025-08-01 10:16:28 AM,272.45,0,0.0,21780280.65
2025-08-01 10:16:31 AM,272.4,0,0.0,21780280.65
2025-08-01 10:16:31 AM,272.4,101,27512.399999999998,21807793.049999997
2025-08-01 10:16:43 AM,272.45,45,12260.25,21820053.299999997
2025-08-01 10:16:51 AM,272.4,0,0.0,21820053.299999997
2025-08-01 10:16:54 AM,272.4,2,544.8,21820598.099999998
2025-08-01 10:17:16 AM,272.4,1,272.4,21820870.499999996
2025-08-01 10:17:28 AM,272.5,0,0.0,21820870.499999996
2025-08-01 10:17:28 AM,272.5,10,2725.0,21823595.499999996
2025-08-01 10:17:39 AM,272.5,9,2452.5,21826047.999999996
2025-08-01 10:17:42 AM,272.4,0,0.0,21826047.999999996
2025-08-01 10:17:45 AM,272.4,51,13892.4,21839940.399999995
2025-08-01 10:17:57 AM,272.45,0,0.0,21839940.399999995
2025-08-01 10:17:57 AM,272.45,75,20433.75,21860374.149999995
2025-08-01 10:18:12 AM,272.4,0,0.0,21860374.149999995
2025-08-01 10:18:15 AM,272.45,70,19071.5,21879445.649999995
2025-08-01 10:19:35 AM,272.5,0,0.0,21879445.649999995
2025-08-01 10:19:35 AM,272.5,2232,608220.0,22487665.649999995
2025-08-01 10:19:47 AM,272.8,0,0.0,22487665.649999995
2025-08-01 10:19:47 AM,272.8,8320,2269696.0,24757361.649999995
2025-08-01 10:19:50 AM,273.0,0,0.0,24757361.649999995
2025-08-01 10:19:52 AM,273.0,1145,312585.0,25069946.649999995
2025-08-01 10:19:53 AM,273.0,2,546.0,25070492.649999995
2025-08-01 10:19:57 AM,272.8,50,13640.0,25084132.649999995
2025-08-01 10:20:14 AM,273.0,0,0.0,25084132.649999995
2025-08-01 10:20:14 AM,273.0,3,819.0,25084951.649999995
2025-08-01 10:20:20 AM,273.0,58,15834.0,25100785.649999995
2025-08-01 10:20:26 AM,273.35,25,6833.750000000001,25107619.399999995
2025-08-01 10:20:31 AM,273.4,0,0.0,25107619.399999995
2025-08-01 10:20:31 AM,273.4,396,108266.4,25215885.799999993
2025-08-01 10:21:03 AM,273.5,101,27623.5,25243509.299999993
2025-08-01 10:21:07 AM,273.4,90,24605.999999999996,25268115.299999993
2025-08-01 10:21:22 AM,273.7,0,0.0,25268115.299999993
2025-08-01 10:21:23 AM,273.7,10,2737.0,25270852.299999993
2025-08-01 10:22:13 AM,274.0,0,0.0,25270852.299999993
2025-08-01 10:22:14 AM,274.0,582,159468.0,25430320.299999993
2025-08-01 10:22:26 AM,274.7,740,203278.0,25633598.299999993
2025-08-01 10:22:50 AM,274.7,300,82410.0,25716008.299999993
2025-08-01 10:23:01 AM,274.6,0,0.0,25716008.299999993
2025-08-01 10:23:01 AM,274.6,24,6590.400000000001,25722598.69999999
2025-08-01 10:23:09 AM,274.25,0,0.0,25722598.69999999
2025-08-01 10:23:10 AM,274.25,200,54850.0,25777448.69999999
2025-08-01 10:23:13 AM,274.2,1028,281877.6,26059326.299999993
2025-08-01 10:23:15 AM,274.25,0,0.0,26059326.299999993
2025-08-01 10:23:16 AM,274.25,50,13712.5,26073038.799999993
2025-08-01 10:23:30 AM,274.0,0,0.0,26073038.799999993
2025-08-01 10:23:31 AM,274.0,100,27400.0,26100438.799999993
2025-08-01 10:23:47 AM,274.0,70,19180.0,26119618.799999993
2025-08-01 10:24:04 AM,274.0,250,68500.0,26188118.799999993
2025-08-01 10:24:06 AM,274.4,0,0.0,26188118.799999993
2025-08-01 10:24:06 AM,274.4,19,5213.599999999999,26193332.399999995
2025-08-01 10:24:09 AM,274.65,0,0.0,26193332.399999995
2025-08-01 10:24:10 AM,274.65,225,61796.24999999999,26255128.649999995
2025-08-01 10:24:32 AM,274.65,225,61796.24999999999,26316924.899999995
2025-08-01 10:24:37 AM,274.65,25,6866.249999999999,26323791.149999995
2025-08-01 10:24:53 AM,274.2,0,0.0,26323791.149999995
2025-08-01 10:24:53 AM,274.2,50,13710.0,26337501.149999995
2025-08-01 10:25:04 AM,274.25,192,52656.0,26390157.149999995
2025-08-01 10:25:16 AM,274.15,0,0.0,26390157.149999995
2025-08-01 10:25:17 AM,274.05,210,57550.5,26447707.649999995
2025-08-01 10:25:17 AM,274.0,0,0.0,26447707.649999995
2025-08-01 10:25:19 AM,274.0,2430,665820.0,27113527.649999995
2025-08-01 10:25:22 AM,274.0,56,15344.0,27128871.649999995
2025-08-01 10:25:25 AM,273.85,0,0.0,27128871.649999995
2025-08-01 10:25:25 AM,273.85,233,63807.05,27192678.699999996
2025-08-01 10:25:31 AM,274.4,0,0.0,27192678.699999996
2025-08-01 10:25:34 AM,274.4,1,274.4,27192953.099999994
2025-08-01 10:25:44 AM,273.9,0,0.0,27192953.099999994
2025-08-01 10:25:45 AM,273.9,1022,279925.8,27472878.899999995
2025-08-01 10:26:01 AM,274.0,0,0.0,27472878.899999995
2025-08-01 10:26:01 AM,274.0,50,13700.0,27486578.899999995
2025-08-01 10:26:11 AM,274.5,0,0.0,27486578.899999995
2025-08-01 10:26:12 AM,274.5,1000,274500.0,27761078.899999995
2025-08-01 10:26:13 AM,274.45,0,0.0,27761078.899999995
2025-08-01 10:26:14 AM,274.45,20,5489.0,27766567.899999995
2025-08-01 10:26:58 AM,274.1,0,0.0,27766567.899999995
2025-08-01 10:26:58 AM,274.1,1,274.1,27766841.999999996
2025-08-01 10:27:09 AM,274.1,10,2741.0,27769582.999999996
2025-08-01 10:27:43 AM,274.45,0,0.0,27769582.999999996
2025-08-01 10:27:45 AM,274.45,40,10978.0,27780560.999999996
2025-08-01 10:28:01 AM,274.55,2200,604010.0,28384570.999999996
2025-08-01 10:28:07 AM,274.2,100,27420.0,28411990.999999996
2025-08-01 10:28:31 AM,274.5,0,0.0,28411990.999999996
2025-08-01 10:28:31 AM,274.5,500,137250.0,28549240.999999996
2025-08-01 10:28:36 AM,274.0,0,0.0,28549240.999999996
2025-08-01 10:28:37 AM,274.0,2013,551562.0,29100802.999999996
2025-08-01 10:28:40 AM,274.45,150,41167.5,29141970.499999996
2025-08-01 10:29:05 AM,274.45,100,27445.0,29169415.499999996
2025-08-01 10:29:15 AM,274.1,0,0.0,29169415.499999996
2025-08-01 10:29:16 AM,274.1,14,3837.4000000000005,29173252.899999995
2025-08-01 10:29:37 AM,274.0,0,0.0,29173252.899999995
2025-08-01 10:29:38 AM,274.0,1,274.0,29173526.899999995
2025-08-01 10:30:12 AM,274.0,30,8220.0,29181746.899999995
2025-08-01 10:31:18 AM,274.35,0,0.0,29181746.899999995
2025-08-01 10:31:18 AM,274.35,1,274.35,29182021.249999996
2025-08-01 10:32:54 AM,274.3,26,7131.8,29189153.049999997
2025-08-01 10:34:01 AM,274.3,20,5486.0,29194639.049999997
2025-08-01 10:34:11 AM,274.2,2,548.4,29195187.449999996
2025-08-01 10:34:44 AM,274.15,0,0.0,29195187.449999996
2025-08-01 10:34:44 AM,274.15,133,36461.95,29231649.399999995
2025-08-01 10:34:46 AM,274.15,1,274.15,29231923.549999993
2025-08-01 10:34:56 AM,274.15,1,274.15,29232197.69999999
2025-08-01 10:35:03 AM,274.15,2,548.3,29232745.999999993
2025-08-01 10:35:15 AM,274.15,1,274.15,29233020.14999999
2025-08-01 10:35:18 AM,274.15,1,274.15,29233294.29999999
2025-08-01 10:35:29 AM,274.15,38,10417.699999999999,29243711.99999999
2025-08-01 10:35:31 AM,274.1,0,0.0,29243711.99999999
2025-08-01 10:35:32 AM,274.1,20,5482.0,29249193.99999999
2025-08-01 10:35:37 AM,274.15,0,0.0,29249193.99999999
2025-08-01 10:35:38 AM,274.15,1,274.15,29249468.149999987
2025-08-01 10:35:41 AM,274.15,1,274.15,29249742.299999986
2025-08-01 10:35:43 AM,274.15,3,822.4499999999999,29250564.749999985
2025-08-01 10:35:47 AM,274.15,1,274.15,29250838.899999984
2025-08-01 10:36:03 AM,274.15,1,274.15,29251113.049999982
2025-08-01 10:36:17 AM,274.15,1,274.15,29251387.19999998
2025-08-01 10:36:20 AM,274.15,20,5483.0,29256870.19999998
2025-08-01 10:36:41 AM,274.1,0,0.0,29256870.19999998
2025-08-01 10:36:42 AM,274.1,6,1644.6000000000001,29258514.799999982
2025-08-01 10:36:47 AM,274.15,0,0.0,29258514.799999982
2025-08-01 10:36:47 AM,274.15,47,12885.05,29271399.849999983
2025-08-01 10:36:55 AM,274.15,1,274.15,29271673.99999998
2025-08-01 10:37:48 AM,274.35,0,0.0,29271673.99999998
2025-08-01 10:37:48 AM,274.35,7,1920.4500000000003,29273594.44999998
2025-08-01 10:38:33 AM,274.35,20,5487.0,29279081.44999998
2025-08-01 10:39:21 AM,274.35,669,183540.15000000002,29462621.59999998
2025-08-01 10:39:57 AM,274.35,500,137175.0,29599796.59999998
2025-08-01 10:40:02 AM,274.45,0,0.0,29599796.59999998
2025-08-01 10:40:02 AM,274.45,31,8507.949999999999,29608304.54999998
2025-08-01 10:40:05 AM,274.6,100,27460.000000000004,29635764.54999998
2025-08-01 10:40:19 AM,274.6,100,27460.000000000004,29663224.54999998
2025-08-01 10:41:25 AM,274.6,200,54920.00000000001,29718144.54999998
2025-08-01 10:41:31 AM,274.65,500,137325.0,29855469.54999998
2025-08-01 10:41:57 AM,274.65,100,27464.999999999996,29882934.54999998
2025-08-01 10:42:02 AM,274.65,300,82395.0,29965329.54999998
2025-08-01 10:42:04 AM,274.65,16,4394.4,29969723.949999977
2025-08-01 10:42:12 AM,274.4,0,0.0,29969723.949999977
2025-08-01 10:42:13 AM,274.4,50,13719.999999999998,29983443.949999977
2025-08-01 10:42:19 AM,274.65,2,549.3,29983993.249999978
2025-08-01 10:42:24 AM,274.2,0,0.0,29983993.249999978
2025-08-01 10:42:25 AM,274.2,2001,548674.2,30532667.449999977
2025-08-01 10:42:28 AM,274.55,0,0.0,30532667.449999977
2025-08-01 10:42:30 AM,274.55,25,6863.75,30539531.199999977
2025-08-01 10:42:43 AM,274.4,0,0.0,30539531.199999977
2025-08-01 10:42:43 AM,274.4,2,548.8,30540079.999999978
2025-08-01 10:44:31 AM,274.65,0,0.0,30540079.999999978
2025-08-01 10:44:31 AM,274.65,100,27464.999999999996,30567544.999999978
2025-08-01 10:44:39 AM,274.65,75,20598.75,30588143.749999978
2025-08-01 10:44:47 AM,274.65,50,13732.499999999998,30601876.249999978
2025-08-01 10:45:10 AM,274.7,0,0.0,30601876.249999978
2025-08-01 10:45:12 AM,274.7,100,27470.0,30629346.249999978
2025-08-01 10:45:38 AM,274.45,0,0.0,30629346.249999978
2025-08-01 10:45:39 AM,274.45,50,13722.5,30643068.749999978
2025-08-01 10:46:01 AM,274.7,0,0.0,30643068.749999978
2025-08-01 10:46:03 AM,274.7,500,137350.0,30780418.749999978
2025-08-01 10:46:26 AM,274.5,0,0.0,30780418.749999978
2025-08-01 10:46:26 AM,274.5,65,17842.5,30798261.249999978
2025-08-01 10:48:25 AM,274.45,20,5489.0,30803750.249999978
2025-08-01 10:48:47 AM,274.5,0,0.0,30803750.249999978
2025-08-01 10:48:47 AM,274.5,55,15097.5,30818847.749999978
2025-08-01 10:48:52 AM,274.7,7,1922.8999999999999,30820770.649999976
2025-08-01 10:49:00 AM,274.5,0,0.0,30820770.649999976
2025-08-01 10:49:02 AM,274.5,11,3019.5,30823790.149999976
2025-08-01 10:49:54 AM,274.7,0,0.0,30823790.149999976
2025-08-01 10:49:55 AM,274.7,2,549.4,30824339.549999975
2025-08-01 10:50:01 AM,274.75,0,0.0,30824339.549999975
2025-08-01 10:50:01 AM,274.75,1,274.75,30824614.299999975
2025-08-01 10:50:04 AM,274.55,0,0.0,30824614.299999975
2025-08-01 10:50:07 AM,274.55,25,6863.75,30831478.049999975
2025-08-01 10:50:46 AM,274.55,8,2196.4,30833674.449999973
2025-08-01 10:51:30 AM,274.75,10,2747.5,30836421.949999973
2025-08-01 10:51:45 AM,274.55,0,0.0,30836421.949999973
2025-08-01 10:51:47 AM,274.55,10,2745.5,30839167.449999973
2025-08-01 10:51:55 AM,274.5,0,0.0,30839167.449999973
2025-08-01 10:51:58 AM,274.5,500,137250.0,30976417.449999973
2025-08-01 10:53:02 AM,274.5,30,8235.0,30984652.449999973
2025-08-01 10:53:12 AM,274.5,50,13725.0,30998377.449999973
2025-08-01 10:53:21 AM,274.75,0,0.0,30998377.449999973
2025-08-01 10:53:23 AM,274.75,100,27475.0,31025852.449999973
2025-08-01 10:53:44 AM,274.55,21,5765.55,31031617.999999974
2025-08-01 10:54:11 AM,274.75,0,0.0,31031617.999999974
2025-08-01 10:54:11 AM,274.75,15,4121.25,31035739.249999974
2025-08-01 10:54:12 AM,274.9,446,122605.4,31158344.649999972
2025-08-01 10:54:13 AM,275.0,0,0.0,31158344.649999972
2025-08-01 10:54:15 AM,275.25,0,0.0,31158344.649999972
2025-08-01 10:54:17 AM,275.25,2252,619863.0,31778207.649999972
2025-08-01 10:54:21 AM,275.0,0,0.0,31778207.649999972
2025-08-01 10:54:22 AM,275.0,101,27775.0,31805982.649999972
2025-08-01 10:54:47 AM,275.3,0,0.0,31805982.649999972
2025-08-01 10:54:48 AM,275.3,100,27530.0,31833512.649999972
2025-08-01 10:54:54 AM,275.3,75,20647.5,31854160.149999972
2025-08-01 10:54:59 AM,275.3,8,2202.4,31856362.54999997
2025-08-01 10:55:27 AM,275.4,0,0.0,31856362.54999997
2025-08-01 10:55:31 AM,275.4,5,1377.0,31857739.54999997
2025-08-01 10:55:39 AM,275.3,0,0.0,31857739.54999997
2025-08-01 10:55:43 AM,275.3,597,164354.1,32022093.649999972
2025-08-01 10:55:58 AM,275.15,1,275.15,32022368.79999997
2025-08-01 10:56:15 AM,275.35,0,0.0,32022368.79999997
2025-08-01 10:56:19 AM,275.35,100,27535.000000000004,32049903.79999997
2025-08-01 10:56:33 AM,275.0,0,0.0,32049903.79999997
2025-08-01 10:56:35 AM,275.0,141,38775.0,32088678.79999997
2025-08-01 10:56:36 AM,275.0,20,5500.0,32094178.79999997
2025-08-01 10:57:09 AM,274.55,0,0.0,32094178.79999997
2025-08-01 10:57:11 AM,274.8,0,0.0,32094178.79999997
2025-08-01 10:57:11 AM,274.8,325,89310.0,32183488.79999997
2025-08-01 10:57:15 AM,274.85,0,0.0,32183488.79999997
2025-08-01 10:57:17 AM,274.85,4,1099.4,32184588.19999997
2025-08-01 10:57:37 AM,274.95,0,0.0,32184588.19999997
2025-08-01 10:57:38 AM,274.95,6,1649.6999999999998,32186237.89999997
2025-08-01 10:57:44 AM,274.95,5,1374.75,32187612.64999997
2025-08-01 10:58:05 AM,274.95,50,13747.5,32201360.14999997
2025-08-01 10:58:47 AM,274.6,0,0.0,32201360.14999997
2025-08-01 10:58:48 AM,274.6,100,27460.000000000004,32228820.14999997
2025-08-01 10:59:11 AM,274.5,0,0.0,32228820.14999997
2025-08-01 10:59:14 AM,274.5,250,68625.0,32297445.14999997
2025-08-01 11:00:05 AM,274.55,0,0.0,32297445.14999997
2025-08-01 11:00:08 AM,274.55,25,6863.75,32304308.89999997
2025-08-01 11:03:56 AM,274.75,0,0.0,32304308.89999997
2025-08-01 11:03:56 AM,274.75,22,6044.5,32310353.39999997
2025-08-01 11:04:56 AM,274.5,0,0.0,32310353.39999997
2025-08-01 11:04:59 AM,274.5,8,2196.0,32312549.39999997
2025-08-01 11:05:14 AM,274.7,0,0.0,32312549.39999997
2025-08-01 11:05:15 AM,274.7,14,3845.7999999999997,32316395.19999997
2025-08-01 11:06:19 AM,274.7,16,4395.2,32320790.39999997
2025-08-01 11:06:32 AM,274.7,1140,313158.0,32633948.39999997
2025-08-01 11:07:01 AM,275.0,860,236500.0,32870448.39999997
2025-08-01 11:07:07 AM,275.0,15,4125.0,32874573.39999997
2025-08-01 11:07:26 AM,274.7,0,0.0,32874573.39999997
2025-08-01 11:07:28 AM,274.7,60,16482.0,32891055.39999997
2025-08-01 11:08:00 AM,274.5,0,0.0,32891055.39999997
2025-08-01 11:08:01 AM,274.5,100,27450.0,32918505.39999997
2025-08-01 11:08:20 AM,274.8,0,0.0,32918505.39999997
2025-08-01 11:08:22 AM,274.8,93,25556.4,32944061.799999967
2025-08-01 11:08:54 AM,274.5,0,0.0,32944061.799999967
2025-08-01 11:08:55 AM,274.3,1786,489899.80000000005,33433961.599999968
2025-08-01 11:10:01 AM,274.2,142,38936.4,33472897.999999966
2025-08-01 11:10:10 AM,273.05,1495,408209.75,33881107.74999997
2025-08-01 11:10:27 AM,273.25,0,0.0,33881107.74999997
2025-08-01 11:10:27 AM,273.25,41,11203.25,33892310.99999997
2025-08-01 11:10:29 AM,273.45,0,0.0,33892310.99999997
2025-08-01 11:10:31 AM,273.45,1,273.45,33892584.44999997
2025-08-01 11:10:55 AM,273.2,0,0.0,33892584.44999997
2025-08-01 11:10:59 AM,273.2,7,1912.3999999999999,33894496.84999997
2025-08-01 11:11:05 AM,273.2,2000,546400.0,34440896.84999997
2025-08-01 11:11:09 AM,273.4,0,0.0,34440896.84999997
2025-08-01 11:11:10 AM,273.4,204,55773.6,34496670.44999997
2025-08-01 11:11:37 AM,273.15,199,54356.85,34551027.299999975
2025-08-01 11:11:43 AM,273.0,0,0.0,34551027.299999975
2025-08-01 11:11:43 AM,273.0,600,163800.0,34714827.299999975
2025-08-01 11:11:59 AM,273.5,0,0.0,34714827.299999975
2025-08-01 11:12:04 AM,273.5,366,100101.0,34814928.299999975
2025-08-01 11:12:36 AM,273.35,3,820.0500000000001,34815748.34999997
2025-08-01 11:12:53 AM,273.0,0,0.0,34815748.34999997
2025-08-01 11:12:56 AM,273.0,735,200655.0,35016403.34999997
2025-08-01 11:13:13 AM,273.0,100,27300.0,35043703.34999997
2025-08-01 11:13:13 AM,272.85,0,0.0,35043703.34999997
2025-08-01 11:13:14 AM,272.85,2,545.7,35044249.049999975
2025-08-01 11:13:29 AM,272.75,0,0.0,35044249.049999975
2025-08-01 11:13:29 AM,272.75,1051,286660.25,35330909.299999975
2025-08-01 11:13:46 AM,272.75,9,2454.75,35333364.049999975
2025-08-01 11:13:51 AM,273.0,689,188097.0,35521461.049999975
2025-08-01 11:14:12 AM,272.95,0,0.0,35521461.049999975
2025-08-01 11:14:13 AM,272.95,250,68237.5,35589698.549999975
2025-08-01 11:15:44 AM,273.2,0,0.0,35589698.549999975
2025-08-01 11:15:44 AM,273.2,27,7376.4,35597074.94999997
2025-08-01 11:18:28 AM,273.2,38,10381.6,35607456.549999975
2025-08-01 11:19:03 AM,273.0,180,49140.0,35656596.549999975
2025-08-01 11:19:30 AM,272.4,0,0.0,35656596.549999975
2025-08-01 11:19:31 AM,272.4,300,81720.0,35738316.549999975
2025-08-01 11:19:52 AM,272.7,0,0.0,35738316.549999975
2025-08-01 11:19:52 AM,272.7,2,545.4,35738861.94999997
2025-08-01 11:21:43 AM,272.8,0,0.0,35738861.94999997
2025-08-01 11:21:43 AM,272.8,8,2182.4,35741044.34999997
2025-08-01 11:22:14 AM,273.0,80,21840.0,35762884.34999997
2025-08-01 11:22:30 AM,273.0,2,546.0,35763430.34999997
2025-08-01 11:22:35 AM,273.1,2,546.2,35763976.549999975
2025-08-01 11:23:48 AM,273.1,50,13655.000000000002,35777631.549999975
2025-08-01 11:26:44 AM,273.1,25,6827.500000000001,35784459.049999975
2025-08-01 11:26:59 AM,273.2,0,0.0,35784459.049999975
2025-08-01 11:26:59 AM,273.2,2,546.4,35785005.44999997
2025-08-01 11:27:16 AM,273.2,1,273.2,35785278.649999976
2025-08-01 11:27:49 AM,273.1,0,0.0,35785278.649999976
2025-08-01 11:27:51 AM,273.1,10,2731.0,35788009.649999976
2025-08-01 11:29:39 AM,273.1,10,2731.0,35790740.649999976
2025-08-01 11:30:07 AM,273.2,8,2185.6,35792926.24999998
2025-08-01 11:30:16 AM,273.2,232,63382.399999999994,35856308.649999976
2025-08-01 11:30:58 AM,273.45,0,0.0,35856308.649999976
2025-08-01 11:30:58 AM,273.45,2,546.9,35856855.549999975
2025-08-01 11:31:14 AM,273.6,50,13680.000000000002,35870535.549999975
2025-08-01 11:33:12 AM,273.5,0,0.0,35870535.549999975
2025-08-01 11:33:13 AM,273.5,72,19692.0,35890227.549999975
2025-08-01 11:33:17 AM,273.25,0,0.0,35890227.549999975
2025-08-01 11:33:18 AM,273.25,5,1366.25,35891593.799999975
2025-08-01 11:34:06 AM,273.1,0,0.0,35891593.799999975
2025-08-01 11:34:09 AM,273.1,100,27310.000000000004,35918903.799999975
2025-08-01 11:35:12 AM,273.6,0,0.0,35918903.799999975
2025-08-01 11:35:17 AM,273.6,366,100137.6,36019041.399999976
2025-08-01 11:37:22 AM,273.3,0,0.0,36019041.399999976
2025-08-01 11:37:22 AM,273.3,96,26236.800000000003,36045278.19999997
2025-08-01 11:37:54 AM,273.3,50,13665.0,36058943.19999997
2025-08-01 11:38:10 AM,273.4,0,0.0,36058943.19999997
2025-08-01 11:38:11 AM,273.3,0,0.0,36058943.19999997
2025-08-01 11:38:13 AM,273.3,24,6559.200000000001,36065502.399999976
2025-08-01 11:38:34 AM,273.3,100,27330.0,36092832.399999976
2025-08-01 11:39:14 AM,273.3,7,1913.1000000000001,36094745.49999998
2025-08-01 11:39:48 AM,273.1,485,132453.5,36227198.99999998
2025-08-01 11:39:50 AM,273.3,0,0.0,36227198.99999998
2025-08-01 11:39:51 AM,273.3,86,23503.8,36250702.799999975
2025-08-01 11:39:53 AM,273.05,20,5461.0,36256163.799999975
2025-08-01 11:40:43 AM,273.05,111,30308.550000000003,36286472.34999997
2025-08-01 11:40:48 AM,272.5,32,8720.0,36295192.34999997
2025-08-01 11:42:04 AM,273.0,0,0.0,36295192.34999997
2025-08-01 11:42:08 AM,273.0,20,5460.0,36300652.34999997
2025-08-01 11:42:18 AM,273.0,20,5460.0,36306112.34999997
2025-08-01 11:42:55 AM,273.0,1,273.0,36306385.34999997
2025-08-01 11:43:11 AM,273.0,6,1638.0,36308023.34999997
2025-08-01 11:43:40 AM,272.6,0,0.0,36308023.34999997
2025-08-01 11:43:43 AM,272.6,209,56973.4,36364996.74999997
2025-08-01 11:43:58 AM,272.6,25,6815.000000000001,36371811.74999997
2025-08-01 11:44:26 AM,272.2,0,0.0,36371811.74999997
2025-08-01 11:44:28 AM,272.2,5060,1377332.0,37749143.74999997
2025-08-01 11:44:44 AM,272.2,20,5444.0,37754587.74999997
2025-08-01 11:45:05 AM,272.45,0,0.0,37754587.74999997
2025-08-01 11:45:05 AM,272.45,5,1362.25,37755949.99999997
2025-08-01 11:45:16 AM,272.45,33,8990.85,37764940.84999997
2025-08-01 11:45:39 AM,272.75,0,0.0,37764940.84999997
2025-08-01 11:45:43 AM,272.75,1,272.75,37765213.59999997
2025-08-01 11:46:04 AM,272.75,32,8728.0,37773941.59999997
2025-08-01 11:46:06 AM,273.0,0,0.0,37773941.59999997
2025-08-01 11:46:10 AM,273.0,1600,436800.0,38210741.59999997
2025-08-01 11:46:33 AM,272.75,0,0.0,38210741.59999997
2025-08-01 11:46:36 AM,272.75,12,3273.0,38214014.59999997
2025-08-01 11:47:38 AM,272.75,10,2727.5,38216742.09999997
2025-08-01 11:48:12 AM,272.05,0,0.0,38216742.09999997
2025-08-01 11:48:14 AM,272.05,2024,550629.2000000001,38767371.299999975
2025-08-01 11:49:32 AM,272.1,0,0.0,38767371.299999975
2025-08-01 11:49:36 AM,272.1,936,254685.60000000003,39022056.899999976
2025-08-01 11:50:49 AM,272.45,0,0.0,39022056.899999976
2025-08-01 11:50:53 AM,272.45,9,2452.0499999999997,39024508.94999997
2025-08-01 11:51:22 AM,272.0,0,0.0,39024508.94999997
2025-08-01 11:51:22 AM,272.0,750,204000.0,39228508.94999997
2025-08-01 11:52:43 AM,272.1,0,0.0,39228508.94999997
2025-08-01 11:52:44 AM,272.1,1,272.1,39228781.049999975
2025-08-01 11:53:29 AM,272.5,50,13625.0,39242406.049999975
2025-08-01 11:53:32 AM,272.25,0,0.0,39242406.049999975
2025-08-01 11:53:34 AM,272.25,4,1089.0,39243495.049999975
2025-08-01 11:53:49 AM,271.85,221,60078.850000000006,39303573.899999976
2025-08-01 11:54:36 AM,271.9,0,0.0,39303573.899999976
2025-08-01 11:54:40 AM,271.9,45,12235.499999999998,39315809.399999976
2025-08-01 11:55:14 AM,272.25,0,0.0,39315809.399999976
2025-08-01 11:55:15 AM,272.25,4,1089.0,39316898.399999976
2025-08-01 11:56:08 AM,272.3,0,0.0,39316898.399999976
2025-08-01 11:56:10 AM,272.3,100,27230.0,39344128.399999976
2025-08-01 11:56:25 AM,272.35,0,0.0,39344128.399999976
2025-08-01 11:56:26 AM,272.35,100,27235.000000000004,39371363.399999976
2025-08-01 11:56:52 AM,271.95,2,543.9,39371907.299999975
2025-08-01 11:57:27 AM,272.35,0,0.0,39371907.299999975
2025-08-01 11:57:27 AM,272.35,7,1906.4500000000003,39373813.74999998
2025-08-01 11:57:59 AM,272.0,0,0.0,39373813.74999998
2025-08-01 11:58:01 AM,272.0,66,17952.0,39391765.74999998
2025-08-01 11:58:55 AM,272.0,34,9248.0,39401013.74999998
2025-08-01 11:59:01 AM,272.3,6,1633.8000000000002,39402647.549999975
2025-08-01 12:00:33 PM,272.3,181,49286.3,39451933.84999997
2025-08-01 12:02:02 PM,272.3,9,2450.7000000000003,39454384.549999975
2025-08-01 12:02:12 PM,272.35,0,0.0,39454384.549999975
2025-08-01 12:02:14 PM,272.35,4,1089.4,39455473.94999997
2025-08-01 12:02:24 PM,272.35,38,10349.300000000001,39465823.24999997
2025-08-01 12:02:35 PM,272.95,0,0.0,39465823.24999997
2025-08-01 12:02:37 PM,272.95,1179,321808.05,39787631.29999997
2025-08-01 12:03:23 PM,272.6,0,0.0,39787631.29999997
2025-08-01 12:03:24 PM,272.6,1,272.6,39787903.89999997
2025-08-01 12:04:14 PM,272.25,0,0.0,39787903.89999997
2025-08-01 12:04:15 PM,272.25,11,2994.75,39790898.64999997
2025-08-01 12:04:51 PM,272.2,1,272.2,39791170.84999997
2025-08-01 12:05:05 PM,272.2,50,13610.0,39804780.84999997
2025-08-01 12:05:15 PM,272.4,1,272.4,39805053.24999997
2025-08-01 12:05:30 PM,272.4,2,544.8,39805598.04999997
2025-08-01 12:06:16 PM,272.95,5402,1474475.9,41280073.949999966
2025-08-01 12:06:51 PM,272.3,0,0.0,41280073.949999966
2025-08-01 12:06:54 PM,272.3,225,61267.5,41341341.449999966
2025-08-01 12:07:07 PM,271.4,0,0.0,41341341.449999966
2025-08-01 12:07:09 PM,271.4,10151,2754981.4,44096322.849999964
2025-08-01 12:07:11 PM,271.45,0,0.0,44096322.849999964
2025-08-01 12:07:15 PM,271.45,1,271.45,44096594.29999997
2025-08-01 12:07:23 PM,271.7,0,0.0,44096594.29999997
2025-08-01 12:07:24 PM,271.7,19,5162.3,44101756.599999964
2025-08-01 12:07:31 PM,271.75,0,0.0,44101756.599999964
2025-08-01 12:07:35 PM,271.75,14,3804.5,44105561.099999964
2025-08-01 12:08:29 PM,271.8,0,0.0,44105561.099999964
2025-08-01 12:08:30 PM,271.8,185,50283.0,44155844.099999964
2025-08-01 12:08:40 PM,271.8,130,35334.0,44191178.099999964
2025-08-01 12:10:25 PM,271.8,240,65232.0,44256410.099999964
2025-08-01 12:10:40 PM,271.8,10,2718.0,44259128.099999964
2025-08-01 12:11:25 PM,271.45,0,0.0,44259128.099999964
2025-08-01 12:11:29 PM,271.45,250,67862.5,44326990.599999964
2025-08-01 12:12:17 PM,271.75,0,0.0,44326990.599999964
2025-08-01 12:12:18 PM,271.75,2,543.5,44327534.099999964
2025-08-01 12:12:59 PM,271.75,3,815.25,44328349.349999964
2025-08-01 12:14:24 PM,271.75,81,22011.75,44350361.099999964
2025-08-01 12:14:44 PM,271.75,1,271.75,44350632.849999964
2025-08-01 12:15:21 PM,271.0,0,0.0,44350632.849999964
2025-08-01 12:15:25 PM,271.0,1520,411920.0,44762552.849999964
2025-08-01 12:16:33 PM,271.65,0,0.0,44762552.849999964
2025-08-01 12:16:34 PM,271.65,1,271.65,44762824.49999996
2025-08-01 12:18:09 PM,271.6,0,0.0,44762824.49999996
2025-08-01 12:18:12 PM,271.6,6,1629.6000000000001,44764454.099999964
2025-08-01 12:18:37 PM,271.05,0,0.0,44764454.099999964
2025-08-01 12:18:41 PM,271.05,106,28731.300000000003,44793185.39999996
2025-08-01 12:20:14 PM,271.2,0,0.0,44793185.39999996
2025-08-01 12:20:18 PM,271.2,9,2440.7999999999997,44795626.19999996
2025-08-01 12:20:27 PM,270.65,0,0.0,44795626.19999996
2025-08-01 12:20:29 PM,270.65,200,54129.99999999999,44849756.19999996
2025-08-01 12:20:39 PM,271.05,0,0.0,44849756.19999996
2025-08-01 12:20:39 PM,271.05,1,271.05,44850027.249999955
2025-08-01 12:21:04 PM,271.1,16,4337.6,44854364.84999996
2025-08-01 12:23:24 PM,271.2,300,81360.0,44935724.84999996
2025-08-01 12:23:45 PM,270.55,0,0.0,44935724.84999996
2025-08-01 12:23:48 PM,270.55,433,117148.15000000001,45052872.999999955
2025-08-01 12:25:08 PM,270.95,0,0.0,45052872.999999955
2025-08-01 12:25:13 PM,270.95,1,270.95,45053143.94999996
2025-08-01 12:25:33 PM,270.95,22,5960.9,45059104.84999996
2025-08-01 12:27:53 PM,270.9,0,0.0,45059104.84999996
2025-08-01 12:27:54 PM,270.9,100,27089.999999999996,45086194.84999996
2025-08-01 12:28:08 PM,270.55,100,27055.0,45113249.84999996
2025-08-01 12:28:16 PM,270.5,0,0.0,45113249.84999996
2025-08-01 12:28:18 PM,270.5,200,54100.0,45167349.84999996
2025-08-01 12:29:36 PM,270.85,0,0.0,45167349.84999996
2025-08-01 12:29:38 PM,270.85,2,541.7,45167891.54999996
2025-08-01 12:29:51 PM,270.5,0,0.0,45167891.54999996
2025-08-01 12:29:52 PM,270.5,1,270.5,45168162.04999996
2025-08-01 12:30:28 PM,270.5,5,1352.5,45169514.54999996
2025-08-01 12:31:13 PM,270.85,0,0.0,45169514.54999996
2025-08-01 12:31:14 PM,270.85,1,270.85,45169785.39999996
2025-08-01 12:31:23 PM,271.0,0,0.0,45169785.39999996
2025-08-01 12:31:25 PM,271.0,200,54200.0,45223985.39999996
2025-08-01 12:31:51 PM,271.05,0,0.0,45223985.39999996
2025-08-01 12:31:51 PM,271.05,67,18160.350000000002,45242145.74999996
2025-08-01 12:32:05 PM,271.0,0,0.0,45242145.74999996
2025-08-01 12:32:08 PM,271.0,1,271.0,45242416.74999996
2025-08-01 12:32:27 PM,270.65,0,0.0,45242416.74999996
2025-08-01 12:32:29 PM,270.65,2,541.3,45242958.04999996
2025-08-01 12:34:57 PM,271.05,0,0.0,45242958.04999996
2025-08-01 12:34:59 PM,271.05,3,813.1500000000001,45243771.19999996
2025-08-01 12:35:25 PM,271.05,10,2710.5,45246481.69999996
2025-08-01 12:35:57 PM,271.05,10,2710.5,45249192.19999996
2025-08-01 12:36:02 PM,271.05,20,5421.0,45254613.19999996
2025-08-01 12:36:08 PM,271.05,1,271.05,45254884.249999955
2025-08-01 12:36:08 PM,271.05,15,4065.75,45258949.999999955
2025-08-01 12:38:00 PM,270.7,0,0.0,45258949.999999955
2025-08-01 12:38:03 PM,270.7,210,56847.0,45315796.999999955
2025-08-01 12:38:41 PM,270.5,0,0.0,45315796.999999955
2025-08-01 12:38:43 PM,270.5,1,270.5,45316067.499999955
2025-08-01 12:38:47 PM,270.35,0,0.0,45316067.499999955
2025-08-01 12:38:47 PM,270.35,720,194652.00000000003,45510719.499999955
2025-08-01 12:38:53 PM,270.05,0,0.0,45510719.499999955
2025-08-01 12:38:54 PM,270.05,201,54280.05,45564999.54999995
2025-08-01 12:39:02 PM,270.05,1,270.05,45565269.59999995
2025-08-01 12:40:41 PM,269.9,0,0.0,45565269.59999995
2025-08-01 12:40:44 PM,269.9,5789,1562451.0999999999,47127720.69999995
2025-08-01 12:40:45 PM,269.1,0,0.0,47127720.69999995
2025-08-01 12:40:49 PM,269.1,152,40903.200000000004,47168623.899999954
2025-08-01 12:40:54 PM,269.1,1,269.1,47168892.999999955
2025-08-01 12:40:55 PM,269.4,0,0.0,47168892.999999955
2025-08-01 12:40:59 PM,269.4,50,13469.999999999998,47182362.999999955
2025-08-01 12:41:04 PM,269.35,100,26935.000000000004,47209297.999999955
2025-08-01 12:41:05 PM,269.5,0,0.0,47209297.999999955
2025-08-01 12:41:09 PM,269.5,64,17248.0,47226545.999999955
2025-08-01 12:41:19 PM,269.1,0,0.0,47226545.999999955
2025-08-01 12:41:20 PM,269.1,1000,269100.0,47495645.999999955
2025-08-01 12:41:37 PM,269.15,0,0.0,47495645.999999955
2025-08-01 12:41:41 PM,269.15,1,269.15,47495915.149999954
2025-08-01 12:41:59 PM,269.1,0,0.0,47495915.149999954
2025-08-01 12:42:01 PM,269.1,1000,269100.0,47765015.149999954
2025-08-01 12:42:29 PM,269.15,0,0.0,47765015.149999954
2025-08-01 12:42:32 PM,269.15,215,57867.24999999999,47822882.399999954
2025-08-01 12:42:37 PM,269.15,100,26914.999999999996,47849797.399999954
2025-08-01 12:42:47 PM,269.15,100,26914.999999999996,47876712.399999954
2025-08-01 12:42:58 PM,269.15,100,26914.999999999996,47903627.399999954
2025-08-01 12:43:15 PM,269.15,107,28799.05,47932426.44999995
2025-08-01 12:43:31 PM,269.15,378,101738.7,48034165.149999954
2025-08-01 12:43:48 PM,269.15,117,31490.549999999996,48065655.69999995
2025-08-01 12:43:48 PM,269.0,3509,943921.0,49009576.69999995
2025-08-01 12:43:49 PM,268.9,0,0.0,49009576.69999995
2025-08-01 12:43:51 PM,268.5,0,0.0,49009576.69999995
2025-08-01 12:43:53 PM,268.7,0,0.0,49009576.69999995
2025-08-01 12:43:54 PM,268.7,56,15047.199999999999,49024623.899999954
2025-08-01 12:44:11 PM,268.55,0,0.0,49024623.899999954
2025-08-01 12:44:15 PM,268.55,1,268.55,49024892.44999995
2025-08-01 12:44:17 PM,268.9,0,0.0,49024892.44999995
2025-08-01 12:44:21 PM,268.9,97,26083.3,49050975.74999995
2025-08-01 12:44:21 PM,268.75,0,0.0,49050975.74999995
2025-08-01 12:44:23 PM,268.5,0,0.0,49050975.74999995
2025-08-01 12:44:26 PM,268.5,200,53700.0,49104675.74999995
2025-08-01 12:44:41 PM,268.8,0,0.0,49104675.74999995
2025-08-01 12:44:42 PM,268.8,100,26880.0,49131555.74999995
2025-08-01 12:45:01 PM,268.5,0,0.0,49131555.74999995
2025-08-01 12:45:02 PM,268.5,49,13156.5,49144712.24999995
2025-08-01 12:45:12 PM,268.5,951,255343.5,49400055.74999995
2025-08-01 12:45:31 PM,268.85,0,0.0,49400055.74999995
2025-08-01 12:45:33 PM,268.15,0,0.0,49400055.74999995
2025-08-01 12:45:33 PM,268.15,690,185023.49999999997,49585079.24999995
2025-08-01 12:45:38 PM,268.0,942,252456.0,49837535.24999995
2025-08-01 12:45:43 PM,268.0,651,174468.0,50012003.24999995
2025-08-01 12:45:47 PM,268.45,0,0.0,50012003.24999995
2025-08-01 12:45:49 PM,268.45,1000,268450.0,50280453.24999995
2025-08-01 12:45:59 PM,268.1,201,53888.100000000006,50334341.34999995
2025-08-01 12:46:19 PM,267.9,0,0.0,50334341.34999995
2025-08-01 12:46:19 PM,267.9,8,2143.2,50336484.54999995
2025-08-01 12:46:44 PM,267.9,56,15002.399999999998,50351486.94999995
2025-08-01 12:46:49 PM,267.5,166,44405.0,50395891.94999995
2025-08-01 12:46:55 PM,267.6,743,198826.80000000002,50594718.74999995
2025-08-01 12:46:59 PM,267.5,0,0.0,50594718.74999995
2025-08-01 12:46:59 PM,267.5,799,213732.5,50808451.24999995
2025-08-01 12:47:19 PM,267.9,0,0.0,50808451.24999995
2025-08-01 12:47:20 PM,267.9,2,535.8,50808987.049999945
2025-08-01 12:47:53 PM,267.35,0,0.0,50808987.049999945
2025-08-01 12:47:55 PM,267.35,1354,361991.9,51170978.94999994
2025-08-01 12:47:55 PM,267.2,0,0.0,51170978.94999994
2025-08-01 12:47:56 PM,267.2,1,267.2,51171246.14999995
2025-08-01 12:47:59 PM,267.45,0,0.0,51171246.14999995
2025-08-01 12:48:00 PM,267.45,610,163144.5,51334390.64999995
2025-08-01 12:48:05 PM,267.45,848,226797.59999999998,51561188.24999995
2025-08-01 12:48:06 PM,267.45,82,21930.899999999998,51583119.14999995
2025-08-01 12:48:26 PM,266.9,806,215121.4,51798240.549999945
2025-08-01 12:48:35 PM,266.9,100,26689.999999999996,51824930.549999945
2025-08-01 12:48:45 PM,266.4,0,0.0,51824930.549999945
2025-08-01 12:48:45 PM,266.4,1,266.4,51825196.94999994
2025-08-01 12:48:46 PM,266.4,101,26906.399999999998,51852103.34999994
2025-08-01 12:48:59 PM,266.8,0,0.0,51852103.34999994
2025-08-01 12:49:00 PM,266.8,100,26680.0,51878783.34999994
2025-08-01 12:49:31 PM,266.85,0,0.0,51878783.34999994
2025-08-01 12:49:34 PM,266.85,3,800.5500000000001,51879583.89999994
2025-08-01 12:49:37 PM,266.7,0,0.0,51879583.89999994
2025-08-01 12:49:39 PM,266.7,1,266.7,51879850.59999994
2025-08-01 12:49:50 PM,266.7,20,5334.0,51885184.59999994
2025-08-01 12:50:03 PM,266.65,0,0.0,51885184.59999994
2025-08-01 12:50:04 PM,266.65,95,25331.749999999996,51910516.34999994
2025-08-01 12:50:30 PM,266.65,10,2666.5,51913182.84999994
2025-08-01 12:51:16 PM,267.45,0,0.0,51913182.84999994
2025-08-01 12:51:17 PM,267.45,1500,401175.0,52314357.84999994
2025-08-01 12:51:31 PM,266.85,0,0.0,52314357.84999994
2025-08-01 12:51:32 PM,266.85,1,266.85,52314624.69999994
2025-08-01 12:51:35 PM,267.0,0,0.0,52314624.69999994
2025-08-01 12:51:37 PM,266.85,2,533.7,52315158.39999995
2025-08-01 12:51:48 PM,267.35,500,133675.0,52448833.39999995
2025-08-01 12:51:51 PM,267.2,0,0.0,52448833.39999995
2025-08-01 12:51:52 PM,267.2,1,267.2,52449100.59999995
2025-08-01 12:52:21 PM,267.0,0,0.0,52449100.59999995
2025-08-01 12:52:22 PM,267.0,500,133500.0,52582600.59999995
2025-08-01 12:53:47 PM,266.95,0,0.0,52582600.59999995
2025-08-01 12:53:47 PM,266.95,20,5339.0,52587939.59999995
2025-08-01 12:53:53 PM,266.65,0,0.0,52587939.59999995
2025-08-01 12:53:57 PM,266.65,1,266.65,52588206.24999995
2025-08-01 12:54:21 PM,266.9,0,0.0,52588206.24999995
2025-08-01 12:54:22 PM,266.9,9,2402.1,52590608.34999995
2025-08-01 12:54:57 PM,266.85,0,0.0,52590608.34999995
2025-08-01 12:54:59 PM,266.7,2,533.4,52591141.74999995
2025-08-01 12:55:35 PM,266.5,1032,275028.0,52866169.74999995
2025-08-01 12:56:59 PM,267.0,0,0.0,52866169.74999995
2025-08-01 12:57:00 PM,267.0,1000,267000.0,53133169.74999995
2025-08-01 12:57:11 PM,266.85,0,0.0,53133169.74999995
2025-08-01 12:57:14 PM,266.85,30,8005.500000000001,53141175.24999995
2025-08-01 12:58:30 PM,266.85,20,5337.0,53146512.24999995
2025-08-01 12:58:37 PM,267.0,0,0.0,53146512.24999995
2025-08-01 12:58:40 PM,267.0,1,267.0,53146779.24999995
2025-08-01 12:58:55 PM,267.0,1,267.0,53147046.24999995
2025-08-01 12:59:06 PM,267.0,1,267.0,53147313.24999995
2025-08-01 12:59:25 PM,266.95,0,0.0,53147313.24999995
2025-08-01 12:59:26 PM,266.95,82,21889.899999999998,53169203.14999995
2025-08-01 12:59:52 PM,266.95,100,26695.0,53195898.14999995
2025-08-01 12:59:57 PM,266.95,16,4271.2,53200169.34999995
2025-08-01 01:00:16 PM,267.0,0,0.0,53200169.34999995
2025-08-01 01:00:18 PM,267.0,4247,1133949.0,54334118.34999995
2025-08-01 01:00:44 PM,267.35,0,0.0,54334118.34999995
2025-08-01 01:00:44 PM,267.35,2,534.7,54334653.04999995
2025-08-01 01:01:46 PM,267.15,29,7747.349999999999,54342400.399999954
2025-08-01 01:01:47 PM,267.15,24,6411.599999999999,54348811.999999955
2025-08-01 01:02:08 PM,267.0,0,0.0,54348811.999999955
2025-08-01 01:02:10 PM,267.0,25,6675.0,54355486.999999955
2025-08-01 01:03:00 PM,266.75,0,0.0,54355486.999999955
2025-08-01 01:03:00 PM,266.85,0,0.0,54355486.999999955
2025-08-01 01:03:01 PM,266.85,116,30954.600000000002,54386441.59999996
2025-08-01 01:03:51 PM,266.85,7,1867.9500000000003,54388309.54999996
2025-08-01 01:04:34 PM,266.85,2,533.7,54388843.24999996
2025-08-01 01:05:28 PM,266.85,500,133425.0,54522268.24999996
2025-08-01 01:06:52 PM,266.85,5,1334.25,54523602.49999996
2025-08-01 01:07:32 PM,266.95,100,26695.0,54550297.49999996
2025-08-01 01:07:34 PM,266.85,1,266.85,54550564.349999964
2025-08-01 01:08:48 PM,267.0,0,0.0,54550564.349999964
2025-08-01 01:08:48 PM,267.0,30,8010.0,54558574.349999964
2025-08-01 01:08:49 PM,267.55,0,0.0,54558574.349999964
2025-08-01 01:08:50 PM,267.55,5,1337.75,54559912.099999964
2025-08-01 01:09:31 PM,267.7,1,267.7,54560179.79999997
2025-08-01 01:10:11 PM,267.95,1,267.95,54560447.74999997
2025-08-01 01:10:11 PM,268.0,0,0.0,54560447.74999997
2025-08-01 01:10:14 PM,268.0,1,268.0,54560715.74999997
2025-08-01 01:10:51 PM,268.4,0,0.0,54560715.74999997
2025-08-01 01:10:51 PM,268.15,2,536.3,54561252.04999997
2025-08-01 01:11:18 PM,268.4,0,0.0,54561252.04999997
2025-08-01 01:11:19 PM,268.4,4,1073.6,54562325.64999997
2025-08-01 01:11:35 PM,268.4,50,13419.999999999998,54575745.64999997
2025-08-01 01:11:54 PM,268.45,0,0.0,54575745.64999997
2025-08-01 01:11:54 PM,268.45,1,268.45,54576014.09999997
2025-08-01 01:12:15 PM,268.4,4,1073.6,54577087.69999997
2025-08-01 01:12:36 PM,268.75,0,0.0,54577087.69999997
2025-08-01 01:12:36 PM,268.75,375,100781.25,54677868.94999997
2025-08-01 01:13:27 PM,268.95,14,3765.2999999999997,54681634.24999997
2025-08-01 01:14:41 PM,269.0,0,0.0,54681634.24999997
2025-08-01 01:14:41 PM,269.0,2,538.0,54682172.24999997
2025-08-01 01:15:47 PM,269.15,0,0.0,54682172.24999997
2025-08-01 01:15:48 PM,269.15,1,269.15,54682441.39999997
2025-08-01 01:15:55 PM,268.65,0,0.0,54682441.39999997
2025-08-01 01:15:56 PM,268.65,100,26864.999999999996,54709306.39999997
2025-08-01 01:18:05 PM,268.9,0,0.0,54709306.39999997
2025-08-01 01:18:07 PM,268.9,1,268.9,54709575.29999997
2025-08-01 01:18:37 PM,269.1,0,0.0,54709575.29999997
2025-08-01 01:18:37 PM,269.1,16,4305.6,54713880.89999997
2025-08-01 01:18:38 PM,269.1,46,12378.6,54726259.49999997
2025-08-01 01:18:42 PM,269.1,52,13993.2,54740252.69999997
2025-08-01 01:18:47 PM,269.0,0,0.0,54740252.69999997
2025-08-01 01:18:47 PM,269.0,3,807.0,54741059.69999997
2025-08-01 01:19:13 PM,269.4,5086,1370168.4,56111228.09999997
2025-08-01 01:20:51 PM,269.65,0,0.0,56111228.09999997
2025-08-01 01:20:52 PM,269.65,6,1617.8999999999999,56112845.99999997
2025-08-01 01:21:19 PM,269.85,0,0.0,56112845.99999997
2025-08-01 01:21:21 PM,269.15,0,0.0,56112845.99999997
2025-08-01 01:21:21 PM,269.05,0,0.0,56112845.99999997
2025-08-01 01:21:22 PM,269.05,251,67531.55,56180377.54999997
2025-08-01 01:21:27 PM,269.0,0,0.0,56180377.54999997
2025-08-01 01:21:27 PM,269.0,100,26900.0,56207277.54999997
2025-08-01 01:26:48 PM,269.8,0,0.0,56207277.54999997
2025-08-01 01:26:49 PM,269.8,5529,1491724.2,57699001.74999997
2025-08-01 01:27:08 PM,269.6,171,46101.600000000006,57745103.34999997
2025-08-01 01:28:08 PM,269.5,0,0.0,57745103.34999997
2025-08-01 01:28:11 PM,269.5,1,269.5,57745372.84999997
2025-08-01 01:28:16 PM,269.5,1,269.5,57745642.34999997
2025-08-01 01:29:03 PM,269.6,0,0.0,57745642.34999997
2025-08-01 01:29:03 PM,269.6,30,8088.000000000001,57753730.34999997
2025-08-01 01:29:18 PM,269.6,1482,399547.2,58153277.549999975
2025-08-01 01:30:21 PM,270.0,0,0.0,58153277.549999975
2025-08-01 01:30:21 PM,270.0,1,270.0,58153547.549999975
2025-08-01 01:30:39 PM,270.15,0,0.0,58153547.549999975
2025-08-01 01:30:40 PM,270.15,100,27014.999999999996,58180562.549999975
2025-08-01 01:32:45 PM,269.95,45,12147.75,58192710.299999975
2025-08-01 01:32:59 PM,270.1,125,33762.5,58226472.799999975
2025-08-01 01:33:13 PM,269.6,0,0.0,58226472.799999975
2025-08-01 01:33:14 PM,269.6,170,45832.00000000001,58272304.799999975
2025-08-01 01:33:19 PM,269.6,20,5392.0,58277696.799999975
2025-08-01 01:33:33 PM,269.6,20,5392.0,58283088.799999975
2025-08-01 01:36:36 PM,269.7,0,0.0,58283088.799999975
2025-08-01 01:36:36 PM,269.7,53,14294.099999999999,58297382.899999976
2025-08-01 01:38:15 PM,269.4,0,0.0,58297382.899999976
2025-08-01 01:38:15 PM,269.4,92,24784.8,58322167.69999997
2025-08-01 01:38:16 PM,269.4,10,2694.0,58324861.69999997
2025-08-01 01:38:23 PM,269.5,0,0.0,58324861.69999997
2025-08-01 01:38:27 PM,269.5,2,539.0,58325400.69999997
2025-08-01 01:39:10 PM,268.8,1602,430617.60000000003,58756018.299999975
2025-08-01 01:39:10 PM,268.9,100,26889.999999999996,58782908.299999975
2025-08-01 01:39:13 PM,268.85,0,0.0,58782908.299999975
2025-08-01 01:39:15 PM,268.85,40,10754.0,58793662.299999975
2025-08-01 01:45:01 PM,268.7,0,0.0,58793662.299999975
2025-08-01 01:45:04 PM,268.7,19,5105.3,58798767.59999997
2025-08-01 01:45:39 PM,268.7,501,134618.69999999998,58933386.299999975
2025-08-01 01:46:28 PM,268.6,5,1343.0,58934729.299999975
2025-08-01 01:46:37 PM,268.3,0,0.0,58934729.299999975
2025-08-01 01:46:38 PM,268.55,120,32226.0,58966955.299999975
2025-08-01 01:51:53 PM,268.4,1,268.4,58967223.69999997
2025-08-01 01:52:36 PM,268.4,10,2684.0,58969907.69999997
2025-08-01 01:52:42 PM,268.4,27,7246.799999999999,58977154.49999997
2025-08-01 01:52:49 PM,268.7,0,0.0,58977154.49999997
2025-08-01 01:52:51 PM,268.7,100,26870.0,59004024.49999997
2025-08-01 01:53:24 PM,268.7,10,2687.0,59006711.49999997
2025-08-01 01:53:37 PM,268.65,0,0.0,59006711.49999997
2025-08-01 01:53:38 PM,268.65,1,268.65,59006980.14999997
2025-08-01 01:54:07 PM,268.7,20,5374.0,59012354.14999997
2025-08-01 01:55:10 PM,268.7,12,3224.3999999999996,59015578.54999997
2025-08-01 01:56:05 PM,268.7,2,537.4,59016115.949999966
2025-08-01 01:57:43 PM,268.6,30,8058.000000000001,59024173.949999966
2025-08-01 01:57:48 PM,268.65,1,268.65,59024442.599999964
2025-08-01 01:58:42 PM,268.65,80,21492.0,59045934.599999964
2025-08-01 01:58:43 PM,268.65,80,21492.0,59067426.599999964
2025-08-01 02:00:06 PM,268.45,0,0.0,59067426.599999964
2025-08-01 02:00:09 PM,268.45,20,5369.0,59072795.599999964
2025-08-01 02:00:49 PM,268.4,0,0.0,59072795.599999964
2025-08-01 02:00:52 PM,268.4,25,6709.999999999999,59079505.599999964
2025-08-01 02:01:12 PM,268.35,21,5635.35,59085140.949999966
2025-08-01 02:01:51 PM,268.65,10,2686.5,59087827.449999966
2025-08-01 02:02:04 PM,268.35,0,0.0,59087827.449999966
2025-08-01 02:02:05 PM,268.35,2,536.7,59088364.14999997
2025-08-01 02:02:25 PM,268.6,1,268.6,59088632.74999997
2025-08-01 02:02:26 PM,268.35,0,0.0,59088632.74999997
2025-08-01 02:02:30 PM,268.35,1,268.35,59088901.09999997
2025-08-01 02:02:39 PM,268.55,0,0.0,59088901.09999997
2025-08-01 02:02:40 PM,268.55,2,537.1,59089438.19999997
2025-08-01 02:02:44 PM,268.15,0,0.0,59089438.19999997
2025-08-01 02:02:45 PM,268.15,90,24133.499999999996,59113571.69999997
2025-08-01 02:02:53 PM,268.1,0,0.0,59113571.69999997
2025-08-01 02:02:55 PM,268.1,125,33512.5,59147084.19999997
2025-08-01 02:02:58 PM,268.0,0,0.0,59147084.19999997
2025-08-01 02:03:00 PM,268.0,1,268.0,59147352.19999997
2025-08-01 02:05:07 PM,268.0,4,1072.0,59148424.19999997
2025-08-01 02:05:21 PM,267.85,0,0.0,59148424.19999997
2025-08-01 02:05:22 PM,267.85,64,17142.4,59165566.59999997
2025-08-01 02:05:50 PM,267.35,0,0.0,59165566.59999997
2025-08-01 02:05:51 PM,267.35,10,2673.5,59168240.09999997
2025-08-01 02:06:31 PM,267.0,972,259524.0,59427764.09999997
2025-08-01 02:07:00 PM,267.65,0,0.0,59427764.09999997
2025-08-01 02:07:03 PM,267.65,60,16058.999999999998,59443823.09999997
2025-08-01 02:07:22 PM,267.7,0,0.0,59443823.09999997
2025-08-01 02:07:23 PM,267.7,2,535.4,59444358.49999997
2025-08-01 02:07:33 PM,267.75,17,4551.75,59448910.24999997
2025-08-01 02:08:19 PM,267.85,0,0.0,59448910.24999997
2025-08-01 02:08:19 PM,267.85,1,267.85,59449178.09999997
2025-08-01 02:09:07 PM,267.25,0,0.0,59449178.09999997
2025-08-01 02:09:11 PM,267.25,286,76433.5,59525611.59999997
2025-08-01 02:09:26 PM,267.35,50,13367.500000000002,59538979.09999997
2025-08-01 02:11:05 PM,267.5,0,0.0,59538979.09999997
2025-08-01 02:11:07 PM,267.5,10,2675.0,59541654.09999997
2025-08-01 02:12:04 PM,267.55,9,2407.9500000000003,59544062.049999975
2025-08-01 02:12:20 PM,267.4,106,28344.399999999998,59572406.44999997
2025-08-01 02:12:24 PM,267.55,0,0.0,59572406.44999997
2025-08-01 02:12:25 PM,267.55,13,3478.15,59575884.59999997
2025-08-01 02:12:45 PM,267.65,0,0.0,59575884.59999997
2025-08-01 02:12:45 PM,267.65,50,13382.499999999998,59589267.09999997
2025-08-01 02:13:15 PM,267.25,8,2138.0,59591405.09999997
2025-08-01 02:13:22 PM,267.25,1,267.25,59591672.34999997
2025-08-01 02:16:36 PM,267.4,5,1337.0,59593009.34999997
2025-08-01 02:17:46 PM,267.0,625,166875.0,59759884.34999997
2025-08-01 02:17:56 PM,267.4,3,802.1999999999999,59760686.549999975
2025-08-01 02:18:01 PM,267.4,13,3476.2,59764162.74999998
2025-08-01 02:18:17 PM,267.4,90,24065.999999999996,59788228.74999998
2025-08-01 02:18:42 PM,267.4,1,267.4,59788496.149999976
2025-08-01 02:19:11 PM,267.7,0,0.0,59788496.149999976
2025-08-01 02:19:13 PM,267.7,50,13385.0,59801881.149999976
2025-08-01 02:19:34 PM,267.75,5,1338.75,59803219.899999976
2025-08-01 02:20:01 PM,267.8,0,0.0,59803219.899999976
2025-08-01 02:20:05 PM,267.8,29,7766.200000000001,59810986.09999998
2025-08-01 02:20:41 PM,267.85,0,0.0,59810986.09999998
2025-08-01 02:20:41 PM,267.85,220,58927.00000000001,59869913.09999998
2025-08-01 02:20:45 PM,267.4,0,0.0,59869913.09999998
2025-08-01 02:20:46 PM,267.4,50,13369.999999999998,59883283.09999998
2025-08-01 02:21:40 PM,267.8,0,0.0,59883283.09999998
2025-08-01 02:21:43 PM,267.8,10,2678.0,59885961.09999998
2025-08-01 02:21:46 PM,267.55,0,0.0,59885961.09999998
2025-08-01 02:21:48 PM,267.55,70,18728.5,59904689.59999998
2025-08-01 02:22:19 PM,267.35,0,0.0,59904689.59999998
2025-08-01 02:22:20 PM,267.35,53,14169.550000000001,59918859.149999976
2025-08-01 02:23:11 PM,267.0,0,0.0,59918859.149999976
2025-08-01 02:23:14 PM,267.0,455,121485.0,60040344.149999976
2025-08-01 02:23:25 PM,267.0,536,143112.0,60183456.149999976
2025-08-01 02:23:37 PM,266.85,0,0.0,60183456.149999976
2025-08-01 02:23:41 PM,266.85,2,533.7,60183989.84999998
2025-08-01 02:24:52 PM,266.5,0,0.0,60183989.84999998
2025-08-01 02:24:54 PM,266.5,500,133250.0,60317239.84999998
2025-08-01 02:25:04 PM,267.15,0,0.0,60317239.84999998
2025-08-01 02:25:05 PM,267.15,100,26714.999999999996,60343954.84999998
2025-08-01 02:25:44 PM,267.1,0,0.0,60343954.84999998
2025-08-01 02:25:48 PM,267.1,40,10684.0,60354638.84999998
2025-08-01 02:26:20 PM,267.1,100,26710.000000000004,60381348.84999998
2025-08-01 02:26:26 PM,267.3,0,0.0,60381348.84999998
2025-08-01 02:26:30 PM,267.3,181,48381.3,60429730.149999976
2025-08-01 02:26:32 PM,267.95,0,0.0,60429730.149999976
2025-08-01 02:26:35 PM,267.95,794,212752.3,60642482.44999997
2025-08-01 02:26:55 PM,267.3,0,0.0,60642482.44999997
2025-08-01 02:26:56 PM,267.3,47,12563.1,60655045.549999975
2025-08-01 02:29:41 PM,267.0,0,0.0,60655045.549999975
2025-08-01 02:29:41 PM,267.0,60,16020.0,60671065.549999975
2025-08-01 02:30:41 PM,267.0,314,83838.0,60754903.549999975
2025-08-01 02:30:47 PM,267.0,13,3471.0,60758374.549999975
2025-08-01 02:30:58 PM,267.0,6,1602.0,60759976.549999975
2025-08-01 02:31:52 PM,267.2,0,0.0,60759976.549999975
2025-08-01 02:31:52 PM,267.2,552,147494.4,60907470.94999997
2025-08-01 02:32:35 PM,267.75,7,1874.25,60909345.19999997
2025-08-01 02:32:39 PM,267.55,0,0.0,60909345.19999997
2025-08-01 02:32:40 PM,267.55,10,2675.5,60912020.69999997
2025-08-01 02:32:42 PM,267.9,0,0.0,60912020.69999997
2025-08-01 02:32:42 PM,267.9,11,2946.8999999999996,60914967.59999997
2025-08-01 02:34:46 PM,267.85,0,0.0,60914967.59999997
2025-08-01 02:34:47 PM,267.85,10,2678.5,60917646.09999997
2025-08-01 02:35:00 PM,267.85,36,9642.6,60927288.69999997
2025-08-01 02:36:27 PM,267.85,1,267.85,60927556.549999975
2025-08-01 02:38:18 PM,267.65,0,0.0,60927556.549999975
2025-08-01 02:38:19 PM,267.65,57,15256.05,60942812.59999997
2025-08-01 02:38:48 PM,267.6,10,2676.0,60945488.59999997
2025-08-01 02:39:35 PM,267.35,0,0.0,60945488.59999997
2025-08-01 02:39:39 PM,267.35,11,2940.8500000000004,60948429.44999997
2025-08-01 02:40:06 PM,267.85,0,0.0,60948429.44999997
2025-08-01 02:40:07 PM,267.85,399,106872.15000000001,61055301.59999997
2025-08-01 02:40:32 PM,267.45,0,0.0,61055301.59999997
2025-08-01 02:40:34 PM,267.45,80,21396.0,61076697.59999997
2025-08-01 02:40:39 PM,267.8,0,0.0,61076697.59999997
2025-08-01 02:40:40 PM,267.8,2,535.6,61077233.19999997
2025-08-01 02:41:13 PM,267.9,0,0.0,61077233.19999997
2025-08-01 02:41:14 PM,267.9,369,98855.09999999999,61176088.299999975
2025-08-01 02:42:02 PM,267.85,0,0.0,61176088.299999975
2025-08-01 02:42:06 PM,267.85,1,267.85,61176356.149999976
2025-08-01 02:42:28 PM,267.6,0,0.0,61176356.149999976
2025-08-01 02:42:28 PM,267.6,10,2676.0,61179032.149999976
2025-08-01 02:43:37 PM,267.5,0,0.0,61179032.149999976
2025-08-01 02:43:37 PM,267.5,325,86937.5,61265969.649999976
2025-08-01 02:43:43 PM,266.85,200,53370.00000000001,61319339.649999976
2025-08-01 02:43:53 PM,266.95,1,266.95,61319606.59999998
2025-08-01 02:43:59 PM,267.3,100,26730.0,61346336.59999998
2025-08-01 02:44:06 PM,267.1,0,0.0,61346336.59999998
2025-08-01 02:44:11 PM,267.1,17,4540.700000000001,61350877.29999998
2025-08-01 02:44:27 PM,267.3,0,0.0,61350877.29999998
2025-08-01 02:44:27 PM,267.35,0,0.0,61350877.29999998
2025-08-01 02:44:27 PM,267.35,17,4544.950000000001,61355422.249999985
2025-08-01 02:44:30 PM,267.1,0,0.0,61355422.249999985
2025-08-01 02:44:33 PM,267.1,20,5342.0,61360764.249999985
2025-08-01 02:44:42 PM,267.55,0,0.0,61360764.249999985
2025-08-01 02:44:44 PM,267.55,90,24079.5,61384843.749999985
2025-08-01 02:45:07 PM,267.55,250,66887.5,61451731.249999985
2025-08-01 02:45:29 PM,267.3,100,26730.0,61478461.249999985
2025-08-01 02:46:25 PM,267.65,58,15523.699999999999,61493984.94999999
2025-08-01 02:46:41 PM,267.6,0,0.0,61493984.94999999
2025-08-01 02:46:41 PM,267.6,10,2676.0,61496660.94999999
2025-08-01 02:47:11 PM,267.65,0,0.0,61496660.94999999
2025-08-01 02:47:15 PM,267.65,5,1338.25,61497999.19999999
2025-08-01 02:47:20 PM,264.45,0,0.0,61497999.19999999
2025-08-01 02:47:21 PM,264.95,6515,1726149.25,63224148.44999999
2025-08-01 02:47:22 PM,264.4,0,0.0,63224148.44999999
2025-08-01 02:47:26 PM,264.45,0,0.0,63224148.44999999
2025-08-01 02:47:27 PM,264.45,41,10842.449999999999,63234990.89999999
2025-08-01 02:47:32 PM,264.45,1,264.45,63235255.349999994
2025-08-01 02:47:35 PM,264.75,0,0.0,63235255.349999994
2025-08-01 02:47:37 PM,264.45,0,0.0,63235255.349999994
2025-08-01 02:47:38 PM,264.45,131,34642.95,63269898.3
2025-08-01 02:47:42 PM,264.25,0,0.0,63269898.3
2025-08-01 02:47:43 PM,264.45,0,0.0,63269898.3
2025-08-01 02:47:43 PM,264.45,26,6875.7,63276774.0
2025-08-01 02:47:49 PM,264.25,0,0.0,63276774.0
2025-08-01 02:47:49 PM,264.25,147,38844.75,63315618.75
2025-08-01 02:47:58 PM,264.75,0,0.0,63315618.75
2025-08-01 02:48:01 PM,264.75,13,3441.75,63319060.5
2025-08-01 02:48:07 PM,264.3,1,264.3,63319324.8
2025-08-01 02:48:16 PM,264.9,0,0.0,63319324.8
2025-08-01 02:48:18 PM,264.9,70,18543.0,63337867.8
2025-08-01 02:48:36 PM,264.9,166,43973.399999999994,63381841.199999996
2025-08-01 02:48:40 PM,264.9,3,794.6999999999999,63382635.9
2025-08-01 02:48:46 PM,264.9,81,21456.899999999998,63404092.8
2025-08-01 02:48:49 PM,264.85,0,0.0,63404092.8
2025-08-01 02:48:52 PM,264.9,11,2913.8999999999996,63407006.699999996
2025-08-01 02:49:13 PM,265.15,0,0.0,63407006.699999996
2025-08-01 02:49:14 PM,265.15,44,11666.599999999999,63418673.3
2025-08-01 02:49:25 PM,265.0,50,13250.0,63431923.3
2025-08-01 02:49:45 PM,265.5,0,0.0,63431923.3
2025-08-01 02:49:47 PM,265.0,0,0.0,63431923.3
2025-08-01 02:49:47 PM,265.0,45,11925.0,63443848.3
2025-08-01 02:50:09 PM,265.6,19,5046.400000000001,63448894.699999996
2025-08-01 02:50:42 PM,265.65,200,53129.99999999999,63502024.699999996
2025-08-01 02:50:47 PM,265.5,0,0.0,63502024.699999996
2025-08-01 02:50:47 PM,265.5,427,113368.5,63615393.199999996
2025-08-01 02:50:50 PM,265.65,0,0.0,63615393.199999996
2025-08-01 02:50:53 PM,265.65,8,2125.2,63617518.4
2025-08-01 02:50:57 PM,265.5,0,0.0,63617518.4
2025-08-01 02:50:58 PM,265.5,40,10620.0,63628138.4
2025-08-01 02:51:06 PM,265.35,0,0.0,63628138.4
2025-08-01 02:51:09 PM,265.35,35,9287.25,63637425.65
2025-08-01 02:51:12 PM,265.3,0,0.0,63637425.65
2025-08-01 02:51:15 PM,265.3,4,1061.2,63638486.85
2025-08-01 02:51:21 PM,265.1,0,0.0,63638486.85
2025-08-01 02:51:25 PM,265.1,575,152432.5,63790919.35
2025-08-01 02:51:33 PM,264.9,0,0.0,63790919.35
2025-08-01 02:51:36 PM,264.9,130,34437.0,63825356.35
2025-08-01 02:51:52 PM,265.1,45,11929.500000000002,63837285.85
2025-08-01 02:51:52 PM,265.1,55,14580.500000000002,63851866.35
2025-08-01 02:52:02 PM,265.1,56,14845.600000000002,63866711.95
2025-08-01 02:52:39 PM,265.65,0,0.0,63866711.95
2025-08-01 02:52:40 PM,265.65,500,132825.0,63999536.95
2025-08-01 02:52:52 PM,265.2,6,1591.1999999999998,64001128.150000006
2025-08-01 02:53:08 PM,264.2,0,0.0,64001128.150000006
2025-08-01 02:53:09 PM,264.2,2000,528400.0,64529528.150000006
2025-08-01 02:53:28 PM,264.45,0,0.0,64529528.150000006
2025-08-01 02:53:28 PM,264.45,167,44163.15,64573691.300000004
2025-08-01 02:53:38 PM,264.15,0,0.0,64573691.300000004
2025-08-01 02:53:39 PM,264.15,1376,363470.39999999997,64937161.7
2025-08-01 02:53:55 PM,264.15,10,2641.5,64939803.2
2025-08-01 02:54:05 PM,264.5,0,0.0,64939803.2
2025-08-01 02:54:05 PM,264.5,6292,1664234.0,66604037.2
2025-08-01 02:54:23 PM,264.45,0,0.0,66604037.2
2025-08-01 02:54:24 PM,264.45,3,793.3499999999999,66604830.550000004
2025-08-01 02:54:29 PM,264.5,0,0.0,66604830.550000004
2025-08-01 02:54:29 PM,264.5,5,1322.5,66606153.050000004
2025-08-01 02:54:45 PM,264.5,232,61364.0,66667517.050000004
2025-08-01 02:55:08 PM,264.5,61,16134.5,66683651.550000004
2025-08-01 02:55:11 PM,264.4,27,7138.799999999999,66690790.35
2025-08-01 02:55:13 PM,264.5,0,0.0,66690790.35
2025-08-01 02:55:13 PM,264.5,500,132250.0,66823040.35
2025-08-01 02:55:22 PM,264.5,1,264.5,66823304.85
2025-08-01 02:55:28 PM,264.5,100,26450.0,66849754.85
2025-08-01 02:55:44 PM,264.5,25,6612.5,66856367.35
2025-08-01 02:56:12 PM,264.5,2,529.0,66856896.35
2025-08-01 02:56:23 PM,264.5,15,3967.5,66860863.85
2025-08-01 02:56:34 PM,264.3,1,264.3,66861128.15
2025-08-01 02:56:36 PM,264.0,0,0.0,66861128.15
2025-08-01 02:56:40 PM,264.0,1000,264000.0,67125128.15
2025-08-01 02:56:45 PM,264.15,0,0.0,67125128.15
2025-08-01 02:56:45 PM,264.15,2,528.3,67125656.45
2025-08-01 02:57:08 PM,264.15,38,10037.699999999999,67135694.15
2025-08-01 02:57:13 PM,264.15,44,11622.599999999999,67147316.75
2025-08-01 02:57:28 PM,263.85,0,0.0,67147316.75
2025-08-01 02:57:29 PM,263.85,503,132716.55000000002,67280033.3
2025-08-01 02:57:43 PM,263.45,0,0.0,67280033.3
2025-08-01 02:57:45 PM,263.45,1,263.45,67280296.75
2025-08-01 02:58:15 PM,263.2,0,0.0,67280296.75
2025-08-01 02:58:15 PM,263.2,2021,531927.2,67812223.95
2025-08-01 02:58:20 PM,263.0,1,263.0,67812486.95
2025-08-01 02:58:21 PM,263.05,1,263.05,67812750.0
2025-08-01 02:58:29 PM,263.35,0,0.0,67812750.0
2025-08-01 02:58:31 PM,263.35,20,5267.0,67818017.0
2025-08-01 02:58:42 PM,263.35,20,5267.0,67823284.0
2025-08-01 02:58:44 PM,263.75,378,99697.5,67922981.5
2025-08-01 02:59:07 PM,263.9,300,79170.0,68002151.5
2025-08-01 02:59:24 PM,263.85,0,0.0,68002151.5
2025-08-01 02:59:28 PM,263.85,3,791.5500000000001,68002943.05
2025-08-01 02:59:37 PM,263.75,0,0.0,68002943.05
2025-08-01 02:59:39 PM,263.75,160,42200.0,68045143.05
2025-08-01 02:59:40 PM,263.95,500,131975.0,68177118.05
2025-08-01 02:59:44 PM,263.4,1,263.4,68177381.45
2025-08-01 03:00:07 PM,263.35,1,263.35,68177644.8
2025-08-01 03:00:51 PM,263.5,0,0.0,68177644.8
2025-08-01 03:00:53 PM,263.55,0,0.0,68177644.8
2025-08-01 03:00:54 PM,263.55,2108,555563.4,68733208.2
2025-08-01 03:01:15 PM,262.9,0,0.0,68733208.2
2025-08-01 03:01:16 PM,262.9,431,113309.9,68846518.10000001
2025-08-01 03:01:27 PM,262.0,0,0.0,68846518.10000001
2025-08-01 03:01:28 PM,262.0,2400,628800.0,69475318.10000001
2025-08-01 03:01:33 PM,261.9,0,0.0,69475318.10000001
2025-08-01 03:01:34 PM,261.9,1,261.9,69475580.00000001
2025-08-01 03:01:37 PM,262.4,50,13119.999999999998,69488700.00000001
2025-08-01 03:01:39 PM,262.0,0,0.0,69488700.00000001
2025-08-01 03:01:40 PM,262.0,6,1572.0,69490272.00000001
2025-08-01 03:01:42 PM,262.3,0,0.0,69490272.00000001
2025-08-01 03:01:43 PM,262.4,32,8396.8,69498668.80000001
2025-08-01 03:01:52 PM,262.4,2,524.8,69499193.60000001
2025-08-01 03:01:55 PM,262.5,2,525.0,69499718.60000001
2025-08-01 03:02:03 PM,262.6,0,0.0,69499718.60000001
2025-08-01 03:02:05 PM,262.6,24,6302.400000000001,69506021.00000001
2025-08-01 03:02:09 PM,262.0,0,0.0,69506021.00000001
2025-08-01 03:02:11 PM,262.0,651,170562.0,69676583.00000001
2025-08-01 03:02:17 PM,261.85,574,150301.90000000002,69826884.90000002
2025-08-01 03:02:26 PM,261.9,2,523.8,69827408.70000002
2025-08-01 03:02:29 PM,261.5,10,2615.0,69830023.70000002
2025-08-01 03:02:35 PM,261.25,261,68186.25,69898209.95000002
2025-08-01 03:02:38 PM,261.4,500,130699.99999999999,70028909.95000002
2025-08-01 03:02:41 PM,261.45,100,26145.0,70055054.95000002
2025-08-01 03:02:44 PM,261.5,0,0.0,70055054.95000002
2025-08-01 03:02:44 PM,261.5,2,523.0,70055577.95000002
2025-08-01 03:02:47 PM,261.5,200,52300.0,70107877.95000002
2025-08-01 03:02:50 PM,261.5,30,7845.0,70115722.95000002
2025-08-01 03:02:51 PM,261.25,0,0.0,70115722.95000002
2025-08-01 03:02:53 PM,261.25,1,261.25,70115984.20000002
2025-08-01 03:03:02 PM,261.1,500,130550.00000000001,70246534.20000002
2025-08-01 03:03:09 PM,261.1,2,522.2,70247056.40000002
2025-08-01 03:03:24 PM,261.45,50,13072.5,70260128.90000002
2025-08-01 03:03:27 PM,261.8,0,0.0,70260128.90000002
2025-08-01 03:03:27 PM,261.8,4590,1201662.0,71461790.90000002
2025-08-01 03:03:33 PM,261.85,0,0.0,71461790.90000002
2025-08-01 03:03:33 PM,261.85,7,1832.9500000000003,71463623.85000002
2025-08-01 03:03:36 PM,261.6,318,83188.8,71546812.65000002
2025-08-01 03:03:39 PM,261.55,0,0.0,71546812.65000002
2025-08-01 03:03:39 PM,261.6,88,23020.800000000003,71569833.45000002
2025-08-01 03:04:06 PM,262.0,3293,862766.0,72432599.45000002
2025-08-01 03:04:22 PM,262.05,0,0.0,72432599.45000002
2025-08-01 03:04:22 PM,262.05,9,2358.4500000000003,72434957.90000002
2025-08-01 03:04:38 PM,262.05,20,5241.0,72440198.90000002
2025-08-01 03:04:40 PM,262.05,1,262.05,72440460.95000002
2025-08-01 03:05:09 PM,261.8,0,0.0,72440460.95000002
2025-08-01 03:05:11 PM,261.8,3263,854253.4,73294714.35000002
2025-08-01 03:05:23 PM,262.65,0,0.0,73294714.35000002
2025-08-01 03:05:24 PM,262.15,191,50070.649999999994,73344785.00000003
2025-08-01 03:05:27 PM,262.0,0,0.0,73344785.00000003
2025-08-01 03:05:28 PM,262.0,844,221128.0,73565913.00000003
2025-08-01 03:05:30 PM,262.0,60,15720.0,73581633.00000003
2025-08-01 03:05:46 PM,261.5,0,0.0,73581633.00000003
2025-08-01 03:05:46 PM,261.5,64,16736.0,73598369.00000003
2025-08-01 03:05:52 PM,261.4,1,261.4,73598630.40000004
2025-08-01 03:05:53 PM,261.05,0,0.0,73598630.40000004
2025-08-01 03:05:55 PM,261.05,180,46989.0,73645619.40000004
2025-08-01 03:06:01 PM,261.2,5,1306.0,73646925.40000004
2025-08-01 03:06:14 PM,260.2,1088,283097.6,73930023.00000003
2025-08-01 03:06:18 PM,260.85,312,81385.20000000001,74011408.20000003
2025-08-01 03:06:18 PM,260.4,0,0.0,74011408.20000003
2025-08-01 03:06:20 PM,260.4,11,2864.3999999999996,74014272.60000004
2025-08-01 03:06:23 PM,260.65,4,1042.6,74015315.20000003
2025-08-01 03:06:30 PM,260.3,100,26030.0,74041345.20000003
2025-08-01 03:06:38 PM,260.35,51,13277.85,74054623.05000003
2025-08-01 03:06:42 PM,260.45,2,520.9,74055143.95000003
2025-08-01 03:06:51 PM,260.3,119,30975.7,74086119.65000004
2025-08-01 03:06:54 PM,260.3,24,6247.200000000001,74092366.85000004
2025-08-01 03:07:00 PM,260.25,0,0.0,74092366.85000004
2025-08-01 03:07:01 PM,260.25,4,1041.0,74093407.85000004
2025-08-01 03:07:07 PM,260.3,63,16398.9,74109806.75000004
2025-08-01 03:07:09 PM,260.35,0,0.0,74109806.75000004
2025-08-01 03:07:10 PM,260.35,283,73679.05,74183485.80000004
2025-08-01 03:07:13 PM,260.6,0,0.0,74183485.80000004
2025-08-01 03:07:13 PM,260.6,2,521.2,74184007.00000004
2025-08-01 03:07:20 PM,261.8,6706,1755630.8,75939637.80000004
2025-08-01 03:07:26 PM,262.0,200,52400.0,75992037.80000004
2025-08-01 03:07:32 PM,261.45,21,5490.45,75997528.25000004
2025-08-01 03:07:33 PM,261.5,0,0.0,75997528.25000004
2025-08-01 03:07:34 PM,261.5,3,784.5,75998312.75000004
2025-08-01 03:07:47 PM,260.95,123,32096.85,76030409.60000004
2025-08-01 03:07:53 PM,260.95,2,521.9,76030931.50000004
2025-08-01 03:07:55 PM,260.75,0,0.0,76030931.50000004
2025-08-01 03:07:56 PM,260.75,1,260.75,76031192.25000004
2025-08-01 03:07:59 PM,260.75,1,260.75,76031453.00000004
2025-08-01 03:08:02 PM,260.95,0,0.0,76031453.00000004
2025-08-01 03:08:02 PM,260.95,16,4175.2,76035628.20000005
2025-08-01 03:08:09 PM,261.2,110,28732.0,76064360.20000005
2025-08-01 03:08:17 PM,260.85,31,8086.35,76072446.55000004
2025-08-01 03:08:30 PM,260.9,12,3130.7999999999997,76075577.35000004
2025-08-01 03:08:32 PM,261.8,0,0.0,76075577.35000004
2025-08-01 03:08:34 PM,261.8,1536,402124.80000000005,76477702.15000004
2025-08-01 03:09:08 PM,262.2,703,184326.6,76662028.75000003
2025-08-01 03:09:18 PM,262.05,23,6027.150000000001,76668055.90000004
2025-08-01 03:09:24 PM,261.9,0,0.0,76668055.90000004
2025-08-01 03:09:24 PM,261.9,6,1571.3999999999999,76669627.30000004
2025-08-01 03:09:30 PM,262.35,394,103365.90000000001,76772993.20000005
2025-08-01 03:10:00 PM,261.6,40,10464.0,76783457.20000005
2025-08-01 03:10:05 PM,261.45,0,0.0,76783457.20000005
2025-08-01 03:10:05 PM,261.45,257,67192.65,76850649.85000005
2025-08-01 03:10:15 PM,261.6,0,0.0,76850649.85000005
2025-08-01 03:10:15 PM,261.6,9,2354.4,76853004.25000006
2025-08-01 03:10:19 PM,261.25,50,13062.5,76866066.75000006
2025-08-01 03:10:22 PM,261.25,1,261.25,76866328.00000006
2025-08-01 03:10:24 PM,261.05,0,0.0,76866328.00000006
2025-08-01 03:10:26 PM,261.05,26,6787.3,76873115.30000006
2025-08-01 03:10:29 PM,260.85,10,2608.5,76875723.80000006
2025-08-01 03:10:30 PM,261.05,0,0.0,76875723.80000006
2025-08-01 03:10:33 PM,261.05,1,261.05,76875984.85000005
2025-08-01 03:10:35 PM,260.75,0,0.0,76875984.85000005
2025-08-01 03:10:35 PM,260.75,178,46413.5,76922398.35000005
2025-08-01 03:10:39 PM,261.05,0,0.0,76922398.35000005
2025-08-01 03:10:40 PM,261.05,56,14618.800000000001,76937017.15000005
2025-08-01 03:10:42 PM,261.1,50,13055.000000000002,76950072.15000005
2025-08-01 03:10:57 PM,260.8,0,0.0,76950072.15000005
2025-08-01 03:10:58 PM,261.0,3,783.0,76950855.15000005
2025-08-01 03:11:02 PM,261.1,0,0.0,76950855.15000005
2025-08-01 03:11:05 PM,261.1,5,1305.5,76952160.65000005
2025-08-01 03:11:13 PM,261.15,0,0.0,76952160.65000005
2025-08-01 03:11:14 PM,261.15,6,1566.8999999999999,76953727.55000006
2025-08-01 03:11:18 PM,261.45,129,33727.049999999996,76987454.60000005
2025-08-01 03:11:30 PM,261.45,200,52290.0,77039744.60000005
2025-08-01 03:11:52 PM,261.25,6,1567.5,77041312.10000005
2025-08-01 03:11:56 PM,261.55,40,10462.0,77051774.10000005
2025-08-01 03:11:58 PM,261.6,20,5232.0,77057006.10000005
2025-08-01 03:12:00 PM,261.4,0,0.0,77057006.10000005
2025-08-01 03:12:03 PM,261.4,70,18298.0,77075304.10000005
2025-08-01 03:12:16 PM,261.6,31,8109.6,77083413.70000005
2025-08-01 03:12:41 PM,261.1,1,261.1,77083674.80000004
2025-08-01 03:12:48 PM,261.1,7,1827.7000000000003,77085502.50000004
2025-08-01 03:12:59 PM,261.15,0,0.0,77085502.50000004
2025-08-01 03:13:01 PM,261.1,11,2872.1000000000004,77088374.60000004
2025-08-01 03:13:15 PM,261.1,50,13055.000000000002,77101429.60000004
2025-08-01 03:13:27 PM,261.55,60,15693.0,77117122.60000004
2025-08-01 03:13:32 PM,261.55,14,3661.7000000000003,77120784.30000004
2025-08-01 03:13:50 PM,261.55,2,523.1,77121307.40000004
2025-08-01 03:13:56 PM,261.5,44,11506.0,77132813.40000004
2025-08-01 03:13:59 PM,261.5,11,2876.5,77135689.90000004
2025-08-01 03:14:09 PM,261.5,3,784.5,77136474.40000004
2025-08-01 03:14:13 PM,261.5,35,9152.5,77145626.90000004
2025-08-01 03:14:15 PM,261.5,16,4184.0,77149810.90000004
2025-08-01 03:14:37 PM,261.5,27,7060.5,77156871.40000004
2025-08-01 03:15:01 PM,261.5,150,39225.0,77196096.40000004
2025-08-01 03:15:10 PM,261.1,0,0.0,77196096.40000004
2025-08-01 03:15:11 PM,261.1,121,31593.100000000002,77227689.50000003
2025-08-01 03:15:18 PM,261.5,0,0.0,77227689.50000003
2025-08-01 03:15:19 PM,261.5,4,1046.0,77228735.50000003
2025-08-01 03:15:23 PM,261.5,15,3922.5,77232658.00000003
2025-08-01 03:15:26 PM,261.1,1,261.1,77232919.10000002
2025-08-01 03:16:07 PM,261.5,29,7583.5,77240502.60000002
2025-08-01 03:16:28 PM,261.5,11,2876.5,77243379.10000002
2025-08-01 03:16:29 PM,261.25,20,5225.0,77248604.10000002
2025-08-01 03:16:31 PM,261.5,0,0.0,77248604.10000002
2025-08-01 03:16:35 PM,261.2,265,69218.0,77317822.10000002
2025-08-01 03:16:41 PM,261.15,0,0.0,77317822.10000002
2025-08-01 03:16:42 PM,261.15,1561,407655.14999999997,77725477.25000003
2025-08-01 03:16:46 PM,261.6,0,0.0,77725477.25000003
2025-08-01 03:16:48 PM,262.05,409,107178.45000000001,77832655.70000003
2025-08-01 03:16:55 PM,261.55,50,13077.5,77845733.20000003
2025-08-01 03:17:01 PM,261.45,0,0.0,77845733.20000003
2025-08-01 03:17:01 PM,261.45,1,261.45,77845994.65000004
2025-08-01 03:17:06 PM,262.0,0,0.0,77845994.65000004
2025-08-01 03:17:08 PM,262.0,1,262.0,77846256.65000004
2025-08-01 03:17:17 PM,262.0,2,524.0,77846780.65000004
2025-08-01 03:17:22 PM,262.0,76,19912.0,77866692.65000004
2025-08-01 03:17:28 PM,262.3,0,0.0,77866692.65000004
2025-08-01 03:17:28 PM,262.3,1128,295874.4,78162567.05000004
2025-08-01 03:17:41 PM,261.8,80,20944.0,78183511.05000004
2025-08-01 03:17:43 PM,261.75,14,3664.5,78187175.55000004
2025-08-01 03:17:48 PM,262.05,20,5241.0,78192416.55000004
2025-08-01 03:17:49 PM,261.75,10,2617.5,78195034.05000004
2025-08-01 03:17:54 PM,262.35,201,52732.350000000006,78247766.40000004
2025-08-01 03:18:02 PM,262.35,57,14953.95,78262720.35000004
2025-08-01 03:18:03 PM,261.95,0,0.0,78262720.35000004
2025-08-01 03:18:07 PM,261.95,50,13097.5,78275817.85000004
2025-08-01 03:18:09 PM,261.8,120,31416.0,78307233.85000004
2025-08-01 03:18:21 PM,262.0,10,2620.0,78309853.85000004
2025-08-01 03:18:23 PM,262.0,8,2096.0,78311949.85000004
2025-08-01 03:18:29 PM,262.4,168,44083.2,78356033.05000004
2025-08-01 03:18:34 PM,262.05,10,2620.5,78358653.55000004
2025-08-01 03:18:35 PM,262.4,0,0.0,78358653.55000004
2025-08-01 03:18:35 PM,262.4,2,524.8,78359178.35000004
2025-08-01 03:18:47 PM,262.05,8,2096.4,78361274.75000004
2025-08-01 03:18:55 PM,262.05,1,262.05,78361536.80000004
2025-08-01 03:19:06 PM,262.45,12,3149.3999999999996,78364686.20000005
2025-08-01 03:19:13 PM,262.45,12,3149.3999999999996,78367835.60000005
2025-08-01 03:19:18 PM,262.1,0,0.0,78367835.60000005
2025-08-01 03:19:20 PM,262.1,50,13105.000000000002,78380940.60000005
2025-08-01 03:19:22 PM,262.95,900,236655.0,78617595.60000005
2025-08-01 03:19:39 PM,263.05,50,13152.5,78630748.10000005
2025-08-01 03:19:54 PM,263.1,0,0.0,78630748.10000005
2025-08-01 03:19:54 PM,263.1,10,2631.0,78633379.10000005
2025-08-01 03:19:58 PM,263.7,0,0.0,78633379.10000005
2025-08-01 03:19:59 PM,263.7,100,26370.0,78659749.10000005
2025-08-01 03:20:06 PM,263.75,72,18990.0,78678739.10000005
2025-08-01 03:20:09 PM,263.75,36,9495.0,78688234.10000005
2025-08-01 03:20:14 PM,263.75,20,5275.0,78693509.10000005
2025-08-01 03:20:16 PM,263.75,10,2637.5,78696146.60000005
2025-08-01 03:20:21 PM,263.25,484,127413.0,78823559.60000005
2025-08-01 03:20:23 PM,261.9,800,209519.99999999997,79033079.60000005
2025-08-01 03:20:28 PM,262.1,1,262.1,79033341.70000005
2025-08-01 03:20:37 PM,262.3,10,2623.0,79035964.70000005
2025-08-01 03:20:42 PM,262.05,116,30397.800000000003,79066362.50000004
2025-08-01 03:20:44 PM,261.7,10,2617.0,79068979.50000004
2025-08-01 03:20:55 PM,262.1,22,5766.200000000001,79074745.70000005
2025-08-01 03:20:57 PM,261.7,0,0.0,79074745.70000005
2025-08-01 03:20:58 PM,261.7,2,523.4,79075269.10000005
2025-08-01 03:21:11 PM,261.75,0,0.0,79075269.10000005
2025-08-01 03:21:12 PM,261.75,10,2617.5,79077886.60000005
2025-08-01 03:21:19 PM,261.75,10,2617.5,79080504.10000005
2025-08-01 03:21:23 PM,262.0,100,26200.0,79106704.10000005
2025-08-01 03:21:30 PM,262.0,10,2620.0,79109324.10000005
2025-08-01 03:21:32 PM,262.0,20,5240.0,79114564.10000005
2025-08-01 03:21:37 PM,261.95,42,11001.9,79125566.00000006
2025-08-01 03:21:39 PM,261.8,8,2094.4,79127660.40000007
2025-08-01 03:21:45 PM,261.8,6,1570.8000000000002,79129231.20000006
2025-08-01 03:21:54 PM,262.0,0,0.0,79129231.20000006
2025-08-01 03:21:57 PM,262.0,100,26200.0,79155431.20000006
2025-08-01 03:22:05 PM,261.95,11,2881.45,79158312.65000007
2025-08-01 03:22:14 PM,261.75,0,0.0,79158312.65000007
2025-08-01 03:22:17 PM,261.9,64,16761.6,79175074.25000006
2025-08-01 03:22:24 PM,261.9,3,785.6999999999999,79175859.95000006
2025-08-01 03:22:26 PM,261.75,1,261.75,79176121.70000006
2025-08-01 03:22:31 PM,261.9,20,5238.0,79181359.70000006
2025-08-01 03:22:44 PM,261.9,15,3928.4999999999995,79185288.20000006
2025-08-01 03:22:46 PM,262.0,261,68382.0,79253670.20000006
2025-08-01 03:22:53 PM,262.0,10,2620.0,79256290.20000006
2025-08-01 03:23:04 PM,262.0,25,6550.0,79262840.20000006
2025-08-01 03:23:06 PM,262.0,20,5240.0,79268080.20000006
2025-08-01 03:23:17 PM,262.0,10,2620.0,79270700.20000006
2025-08-01 03:23:24 PM,262.0,90,23580.0,79294280.20000006
2025-08-01 03:23:26 PM,262.0,18,4716.0,79298996.20000006
2025-08-01 03:23:31 PM,262.0,10,2620.0,79301616.20000006
2025-08-01 03:23:37 PM,261.95,10,2619.5,79304235.70000006
2025-08-01 03:23:50 PM,261.95,9,2357.5499999999997,79306593.25000006
2025-08-01 03:23:57 PM,261.9,14,3666.5999999999995,79310259.85000005
2025-08-01 03:23:58 PM,261.95,100,26195.0,79336454.85000005
2025-08-01 03:24:10 PM,261.75,40,10470.0,79346924.85000005
2025-08-01 03:24:11 PM,261.95,0,0.0,79346924.85000005
2025-08-01 03:24:12 PM,261.95,11,2881.45,79349806.30000006
2025-08-01 03:24:24 PM,261.95,2,523.9,79350330.20000006
2025-08-01 03:24:26 PM,261.95,10,2619.5,79352949.70000006
2025-08-01 03:24:37 PM,261.8,100,26180.0,79379129.70000006
2025-08-01 03:24:39 PM,261.95,0,0.0,79379129.70000006
2025-08-01 03:24:39 PM,261.95,10,2619.5,79381749.20000006
2025-08-01 03:24:46 PM,261.95,178,46627.1,79428376.30000006
2025-08-01 03:24:51 PM,261.95,59,15455.05,79443831.35000005
2025-08-01 03:24:52 PM,261.8,10,2618.0,79446449.35000005
2025-08-01 03:25:10 PM,261.95,512,134118.4,79580567.75000006
2025-08-01 03:25:17 PM,261.95,64,16764.8,79597332.55000006
2025-08-01 03:25:18 PM,261.9,10,2619.0,79599951.55000006
2025-08-01 03:25:24 PM,261.9,35,9166.5,79609118.05000006
2025-08-01 03:25:30 PM,261.9,5,1309.5,79610427.55000006
2025-08-01 03:25:32 PM,261.95,0,0.0,79610427.55000006
2025-08-01 03:25:36 PM,261.95,11,2881.45,79613309.00000006
2025-08-01 03:25:43 PM,261.95,115,30124.25,79643433.25000006
2025-08-01 03:25:51 PM,261.95,1,261.95,79643695.20000006
2025-08-01 03:26:02 PM,261.95,310,81204.5,79724899.70000006
2025-08-01 03:26:09 PM,261.9,0,0.0,79724899.70000006
2025-08-01 03:26:09 PM,261.9,20,5238.0,79730137.70000006
2025-08-01 03:26:11 PM,261.85,10,2618.5,79732756.20000006
2025-08-01 03:26:12 PM,261.9,0,0.0,79732756.20000006
2025-08-01 03:26:16 PM,261.95,324,84871.8,79817628.00000006
2025-08-01 03:26:22 PM,262.0,0,0.0,79817628.00000006
2025-08-01 03:26:23 PM,262.0,55,14410.0,79832038.00000006
2025-08-01 03:26:24 PM,261.95,3,785.8499999999999,79832823.85000005
2025-08-01 03:26:30 PM,262.0,6,1572.0,79834395.85000005
2025-08-01 03:26:31 PM,262.0,64,16768.0,79851163.85000005
2025-08-01 03:26:36 PM,262.0,31,8122.0,79859285.85000005
2025-08-01 03:26:38 PM,262.0,349,91438.0,79950723.85000005
2025-08-01 03:26:42 PM,262.2,0,0.0,79950723.85000005
2025-08-01 03:26:43 PM,262.05,17,4454.85,79955178.70000005
2025-08-01 03:26:56 PM,262.3,10,2623.0,79957801.70000005
2025-08-01 03:27:02 PM,262.35,100,26235.000000000004,79984036.70000005
2025-08-01 03:27:09 PM,262.35,29,7608.150000000001,79991644.85000005
2025-08-01 03:27:14 PM,262.3,0,0.0,79991644.85000005
2025-08-01 03:27:16 PM,262.3,111,29115.300000000003,80020760.15000005
2025-08-01 03:27:19 PM,262.4,0,0.0,80020760.15000005
2025-08-01 03:27:23 PM,262.4,2547,668332.7999999999,80689092.95000005
2025-08-01 03:27:25 PM,262.4,29,7609.599999999999,80696702.55000004
2025-08-01 03:27:30 PM,262.4,6,1574.3999999999999,80698276.95000005
2025-08-01 03:27:38 PM,262.4,200,52479.99999999999,80750756.95000005
2025-08-01 03:27:45 PM,262.2,71,18616.2,80769373.15000005
2025-08-01 03:27:52 PM,262.2,18,4719.599999999999,80774092.75000004
2025-08-01 03:27:54 PM,262.4,2,524.8,80774617.55000004
2025-08-01 03:27:59 PM,262.05,18,4716.900000000001,80779334.45000005
2025-08-01 03:28:00 PM,262.3,8,2098.4,80781432.85000005
2025-08-01 03:28:05 PM,262.3,8,2098.4,80783531.25000006
2025-08-01 03:28:11 PM,262.0,0,0.0,80783531.25000006
2025-08-01 03:28:12 PM,262.0,797,208814.0,80992345.25000006
2025-08-01 03:28:42 PM,262.05,139,36424.950000000004,81028770.20000006
2025-08-01 03:28:59 PM,262.0,0,0.0,81028770.20000006
2025-08-01 03:29:00 PM,262.05,595,155919.75,81184689.95000006
2025-08-01 03:29:03 PM,262.0,259,67858.0,81252547.95000006
2025-08-01 03:29:08 PM,262.4,2000,524800.0,81777347.95000006
2025-08-01 03:29:10 PM,262.4,10,2624.0,81779971.95000006
2025-08-01 03:29:17 PM,262.4,492,129100.79999999999,81909072.75000006
2025-08-01 03:29:32 PM,262.0,690,180780.0,82089852.75000006
2025-08-01 03:29:49 PM,261.9,500,130949.99999999999,82220802.75000006
2025-08-01 03:29:54 PM,261.8,306,80110.8,82300913.55000006
2025-08-01 03:29:56 PM,261.8,69,18064.2,82318977.75000006
