date,price,qty,trnvr,cum_trnvr
2025-08-01 09:15:09 AM,479.85,2242,1075823.7,1075823.7
2025-08-01 09:15:11 AM,480.0,297,142560.0,1218383.7
2025-08-01 09:15:17 AM,481.2,0,0.0,1218383.7
2025-08-01 09:15:18 AM,483.4,0,0.0,1218383.7
2025-08-01 09:15:20 AM,484.7,865,419265.5,1637649.2
2025-08-01 09:15:22 AM,485.0,204,98940.0,1736589.2
2025-08-01 09:15:25 AM,485.95,0,0.0,1736589.2
2025-08-01 09:15:29 AM,485.95,1253,608895.35,2345484.55
2025-08-01 09:15:31 AM,484.5,369,178780.5,2524265.05
2025-08-01 09:15:37 AM,484.05,0,0.0,2524265.05
2025-08-01 09:15:38 AM,484.05,394,190715.7,2714980.75
2025-08-01 09:15:39 AM,484.9,72,34912.799999999996,2749893.55
2025-08-01 09:15:41 AM,485.7,0,0.0,2749893.55
2025-08-01 09:15:45 AM,485.35,0,0.0,2749893.55
2025-08-01 09:15:46 AM,485.35,126,61154.100000000006,2811047.65
2025-08-01 09:15:48 AM,486.6,89,43307.4,2854355.05
2025-08-01 09:15:50 AM,486.0,0,0.0,2854355.05
2025-08-01 09:15:53 AM,486.05,0,0.0,2854355.05
2025-08-01 09:15:54 AM,486.05,203,98668.15000000001,2953023.1999999997
2025-08-01 09:15:56 AM,487.25,400,194900.0,3147923.1999999997
2025-08-01 09:15:59 AM,486.3,0,0.0,3147923.1999999997
2025-08-01 09:16:01 AM,485.4,0,0.0,3147923.1999999997
2025-08-01 09:16:02 AM,485.4,1610,781494.0,3929417.1999999997
2025-08-01 09:16:04 AM,486.2,217,105505.4,4034922.5999999996
2025-08-01 09:16:07 AM,486.15,0,0.0,4034922.5999999996
2025-08-01 09:16:10 AM,486.15,240,116676.0,4151598.5999999996
2025-08-01 09:16:12 AM,486.2,9,4375.8,4155974.3999999994
2025-08-01 09:16:12 AM,486.6,0,0.0,4155974.3999999994
2025-08-01 09:16:18 AM,487.45,171,83353.95,4239328.35
2025-08-01 09:16:20 AM,487.5,42,20475.0,4259803.35
2025-08-01 09:16:23 AM,487.15,0,0.0,4259803.35
2025-08-01 09:16:27 AM,486.1,165,80206.5,4340009.85
2025-08-01 09:16:28 AM,487.15,79,38484.85,4378494.699999999
2025-08-01 09:16:35 AM,487.15,59,28741.85,4407236.549999999
2025-08-01 09:16:36 AM,487.15,26,12665.9,4419902.449999999
2025-08-01 09:16:43 AM,487.15,564,274752.6,4694655.049999999
2025-08-01 09:16:45 AM,487.15,287,139812.05,4834467.099999999
2025-08-01 09:16:45 AM,487.55,0,0.0,4834467.099999999
2025-08-01 09:16:52 AM,487.95,63,30740.85,4865207.949999998
2025-08-01 09:16:53 AM,487.55,503,245237.65,5110445.599999999
2025-08-01 09:17:00 AM,487.25,81,39467.25,5149912.849999999
2025-08-01 09:17:01 AM,487.55,104,50705.200000000004,5200618.049999999
2025-08-01 09:17:08 AM,486.55,102,49628.1,5250246.1499999985
2025-08-01 09:17:09 AM,487.2,226,110107.2,5360353.349999999
2025-08-01 09:17:13 AM,487.35,0,0.0,5360353.349999999
2025-08-01 09:17:16 AM,487.35,62,30215.7,5390569.049999999
2025-08-01 09:17:17 AM,487.95,178,86855.09999999999,5477424.1499999985
2025-08-01 09:17:24 AM,487.95,96,46843.2,5524267.349999999
2025-08-01 09:17:28 AM,488.4,0,0.0,5524267.349999999
2025-08-01 09:17:30 AM,488.15,0,0.0,5524267.349999999
2025-08-01 09:17:33 AM,488.15,76,37099.4,5561366.749999999
2025-08-01 09:17:36 AM,488.9,0,0.0,5561366.749999999
2025-08-01 09:17:41 AM,489.1,47,22987.7,5584354.449999999
2025-08-01 09:17:45 AM,488.3,0,0.0,5584354.449999999
2025-08-01 09:17:47 AM,487.45,0,0.0,5584354.449999999
2025-08-01 09:17:49 AM,487.45,372,181331.4,5765685.85
2025-08-01 09:17:50 AM,488.5,55,26867.5,5792553.35
2025-08-01 09:17:54 AM,487.95,0,0.0,5792553.35
2025-08-01 09:17:56 AM,487.85,0,0.0,5792553.35
2025-08-01 09:17:58 AM,487.85,124,60493.4,5853046.75
2025-08-01 09:17:59 AM,488.6,34,16612.4,5869659.15
2025-08-01 09:18:02 AM,488.4,0,0.0,5869659.15
2025-08-01 09:18:06 AM,488.4,194,94749.59999999999,5964408.75
2025-08-01 09:18:12 AM,488.55,0,0.0,5964408.75
2025-08-01 09:18:14 AM,488.8,836,408636.8,6373045.55
2025-08-01 09:18:16 AM,488.8,186,90916.8,6463962.35
2025-08-01 09:18:18 AM,489.85,0,0.0,6463962.35
2025-08-01 09:18:23 AM,489.85,1751,857727.3500000001,7321689.699999999
2025-08-01 09:18:24 AM,490.15,533,261249.94999999998,7582939.649999999
2025-08-01 09:18:26 AM,489.5,0,0.0,7582939.649999999
2025-08-01 09:18:31 AM,488.9,1258,615036.2,8197975.85
2025-08-01 09:18:32 AM,489.3,182,89052.6,8287028.449999999
2025-08-01 09:18:39 AM,489.3,308,150704.4,8437732.85
2025-08-01 09:18:40 AM,490.25,92,45103.0,8482835.85
2025-08-01 09:18:42 AM,489.8,0,0.0,8482835.85
2025-08-01 09:18:44 AM,489.0,0,0.0,8482835.85
2025-08-01 09:18:47 AM,489.0,832,406848.0,8889683.85
2025-08-01 09:18:48 AM,489.45,84,41113.799999999996,8930797.65
2025-08-01 09:18:50 AM,489.5,0,0.0,8930797.65
2025-08-01 09:18:55 AM,489.5,193,94473.5,9025271.15
2025-08-01 09:19:00 AM,489.15,0,0.0,9025271.15
2025-08-01 09:19:03 AM,489.15,155,75818.25,9101089.4
2025-08-01 09:19:05 AM,489.0,23,11247.0,9112336.4
2025-08-01 09:19:11 AM,488.8,6,2932.8,9115269.200000001
2025-08-01 09:19:20 AM,488.25,47,22947.75,9138216.950000001
2025-08-01 09:19:28 AM,488.45,141,68871.45,9207088.4
2025-08-01 09:19:29 AM,488.0,43,20984.0,9228072.4
2025-08-01 09:19:36 AM,487.5,453,220837.5,9448909.9
2025-08-01 09:19:37 AM,487.5,79,38512.5,9487422.4
2025-08-01 09:19:39 AM,487.1,0,0.0,9487422.4
2025-08-01 09:19:44 AM,487.35,161,78463.35,9565885.75
2025-08-01 09:19:45 AM,487.25,198,96475.5,9662361.25
2025-08-01 09:19:52 AM,487.25,56,27286.0,9689647.25
2025-08-01 09:19:54 AM,487.25,33,16079.25,9705726.5
2025-08-01 09:20:00 AM,486.5,1151,559961.5,10265688.0
2025-08-01 09:20:00 AM,486.6,0,0.0,10265688.0
2025-08-01 09:20:01 AM,486.9,394,191838.59999999998,10457526.6
2025-08-01 09:20:07 AM,487.6,0,0.0,10457526.6
2025-08-01 09:20:08 AM,487.6,333,162370.80000000002,10619897.4
2025-08-01 09:20:09 AM,488.1,261,127394.1,10747291.5
2025-08-01 09:20:14 AM,487.6,0,0.0,10747291.5
2025-08-01 09:20:16 AM,487.15,104,50663.6,10797955.1
2025-08-01 09:20:16 AM,487.3,0,0.0,10797955.1
2025-08-01 09:20:17 AM,487.3,52,25339.600000000002,10823294.7
2025-08-01 09:20:21 AM,486.85,0,0.0,10823294.7
2025-08-01 09:20:24 AM,486.85,49,23855.65,10847150.35
2025-08-01 09:20:28 AM,486.95,0,0.0,10847150.35
2025-08-01 09:20:31 AM,486.95,44,21425.8,10868576.15
2025-08-01 09:20:33 AM,486.95,6,2921.7,10871497.85
2025-08-01 09:20:39 AM,487.15,4,1948.6,10873446.45
2025-08-01 09:20:42 AM,487.7,0,0.0,10873446.45
2025-08-01 09:20:46 AM,487.95,0,0.0,10873446.45
2025-08-01 09:20:47 AM,487.55,87,42416.85,10915863.299999999
2025-08-01 09:20:48 AM,487.65,37,18043.05,10933906.35
2025-08-01 09:20:53 AM,488.1,0,0.0,10933906.35
2025-08-01 09:20:55 AM,488.1,27,13178.7,10947085.049999999
2025-08-01 09:20:56 AM,488.6,12,5863.200000000001,10952948.249999998
2025-08-01 09:20:56 AM,487.95,0,0.0,10952948.249999998
2025-08-01 09:21:00 AM,487.75,0,0.0,10952948.249999998
2025-08-01 09:21:02 AM,487.75,167,81454.25,11034402.499999998
2025-08-01 09:21:04 AM,487.95,22,10734.9,11045137.399999999
2025-08-01 09:21:07 AM,488.05,0,0.0,11045137.399999999
2025-08-01 09:21:10 AM,488.05,87,42460.35,11087597.749999998
2025-08-01 09:21:14 AM,487.7,0,0.0,11087597.749999998
2025-08-01 09:21:16 AM,486.85,0,0.0,11087597.749999998
2025-08-01 09:21:18 AM,486.4,817,397388.8,11484986.549999999
2025-08-01 09:21:19 AM,486.35,197,95810.95000000001,11580797.499999998
2025-08-01 09:21:21 AM,486.1,0,0.0,11580797.499999998
2025-08-01 09:21:23 AM,486.35,0,0.0,11580797.499999998
2025-08-01 09:21:26 AM,485.6,439,213178.40000000002,11793975.899999999
2025-08-01 09:21:30 AM,485.7,0,0.0,11793975.899999999
2025-08-01 09:21:34 AM,485.0,569,275965.0,12069940.899999999
2025-08-01 09:21:34 AM,485.1,0,0.0,12069940.899999999
2025-08-01 09:21:35 AM,484.95,210,101839.5,12171780.399999999
2025-08-01 09:21:37 AM,485.55,0,0.0,12171780.399999999
2025-08-01 09:21:40 AM,485.1,0,0.0,12171780.399999999
2025-08-01 09:21:42 AM,485.1,670,325017.0,12496797.399999999
2025-08-01 09:21:42 AM,485.45,181,87866.45,12584663.849999998
2025-08-01 09:21:49 AM,485.45,491,238355.94999999998,12823019.799999997
2025-08-01 09:21:50 AM,486.4,115,55936.0,12878955.799999997
2025-08-01 09:21:53 AM,486.6,0,0.0,12878955.799999997
2025-08-01 09:21:57 AM,486.6,22,10705.2,12889660.999999996
2025-08-01 09:21:58 AM,486.65,15,7299.75,12896960.749999996
2025-08-01 09:22:03 AM,486.55,0,0.0,12896960.749999996
2025-08-01 09:22:04 AM,486.55,13,6325.150000000001,12903285.899999997
2025-08-01 09:22:07 AM,486.35,0,0.0,12903285.899999997
2025-08-01 09:22:10 AM,486.1,0,0.0,12903285.899999997
2025-08-01 09:22:12 AM,486.1,174,84581.40000000001,12987867.299999997
2025-08-01 09:22:14 AM,486.7,0,0.0,12987867.299999997
2025-08-01 09:22:20 AM,486.7,25,12167.5,13000034.799999997
2025-08-01 09:22:21 AM,486.55,15,7298.25,13007333.049999997
2025-08-01 09:22:27 AM,486.5,25,12162.5,13019495.549999997
2025-08-01 09:22:31 AM,486.3,0,0.0,13019495.549999997
2025-08-01 09:22:35 AM,486.35,125,60793.75,13080289.299999997
2025-08-01 09:22:36 AM,486.35,31,15076.85,13095366.149999997
2025-08-01 09:22:36 AM,486.15,0,0.0,13095366.149999997
2025-08-01 09:22:42 AM,486.1,77,37429.700000000004,13132795.849999996
2025-08-01 09:22:44 AM,485.85,18,8745.300000000001,13141541.149999997
2025-08-01 09:22:44 AM,486.1,0,0.0,13141541.149999997
2025-08-01 09:22:50 AM,486.1,101,49096.100000000006,13190637.249999996
2025-08-01 09:22:57 AM,485.9,0,0.0,13190637.249999996
2025-08-01 09:22:58 AM,485.9,28,13605.199999999999,13204242.449999996
2025-08-01 09:22:59 AM,485.9,1,485.9,13204728.349999996
2025-08-01 09:23:02 AM,485.85,0,0.0,13204728.349999996
2025-08-01 09:23:05 AM,485.6,202,98091.20000000001,13302819.549999995
2025-08-01 09:23:07 AM,485.85,44,21377.4,13324196.949999996
2025-08-01 09:23:11 AM,485.65,0,0.0,13324196.949999996
2025-08-01 09:23:13 AM,485.65,40,19426.0,13343622.949999996
2025-08-01 09:23:15 AM,485.65,20,9713.0,13353335.949999996
2025-08-01 09:23:16 AM,485.4,0,0.0,13353335.949999996
2025-08-01 09:23:21 AM,485.65,25,12141.25,13365477.199999996
2025-08-01 09:23:23 AM,485.4,0,0.0,13365477.199999996
2025-08-01 09:23:28 AM,485.45,62,30097.899999999998,13395575.099999996
2025-08-01 09:23:30 AM,485.25,242,117430.5,13513005.599999996
2025-08-01 09:23:36 AM,484.95,0,0.0,13513005.599999996
2025-08-01 09:23:37 AM,485.3,87,42221.1,13555226.699999996
2025-08-01 09:23:43 AM,485.3,30,14559.0,13569785.699999996
2025-08-01 09:23:45 AM,485.3,37,17956.100000000002,13587741.799999995
2025-08-01 09:23:53 AM,485.3,31,15044.300000000001,13602786.099999996
2025-08-01 09:23:59 AM,485.3,17,8250.1,13611036.199999996
2025-08-01 09:24:00 AM,485.3,8,3882.4,13614918.599999996
2025-08-01 09:24:06 AM,485.1,43,20859.3,13635777.899999997
2025-08-01 09:24:09 AM,485.3,0,0.0,13635777.899999997
2025-08-01 09:24:14 AM,484.95,48,23277.6,13659055.499999996
2025-08-01 09:24:16 AM,485.0,16,7760.0,13666815.499999996
2025-08-01 09:24:22 AM,484.85,47,22787.95,13689603.449999996
2025-08-01 09:24:29 AM,484.85,18,8727.300000000001,13698330.749999996
2025-08-01 09:24:34 AM,484.65,0,0.0,13698330.749999996
2025-08-01 09:24:37 AM,484.7,55,26658.5,13724989.249999996
2025-08-01 09:24:39 AM,484.7,40,19388.0,13744377.249999996
2025-08-01 09:24:40 AM,484.55,0,0.0,13744377.249999996
2025-08-01 09:24:44 AM,484.55,15,7268.25,13751645.499999996
2025-08-01 09:24:46 AM,484.55,44,21320.2,13772965.699999996
2025-08-01 09:24:52 AM,484.55,37,17928.350000000002,13790894.049999995
2025-08-01 09:24:54 AM,484.55,16,7752.8,13798646.849999996
2025-08-01 09:24:59 AM,484.4,62,30032.8,13828679.649999997
2025-08-01 09:25:00 AM,484.6,0,0.0,13828679.649999997
2025-08-01 09:25:01 AM,484.6,135,65421.0,13894100.649999997
2025-08-01 09:25:06 AM,484.75,10,4847.5,13898948.149999997
2025-08-01 09:25:09 AM,484.85,34,16484.9,13915433.049999997
2025-08-01 09:25:16 AM,485.25,19,9219.75,13924652.799999997
2025-08-01 09:25:22 AM,484.05,1500,726075.0,14650727.799999997
2025-08-01 09:25:24 AM,485.0,149,72265.0,14722992.799999997
2025-08-01 09:25:25 AM,485.25,0,0.0,14722992.799999997
2025-08-01 09:25:29 AM,484.95,156,75652.2,14798644.999999996
2025-08-01 09:25:31 AM,485.35,46,22326.100000000002,14820971.099999996
2025-08-01 09:25:32 AM,485.45,0,0.0,14820971.099999996
2025-08-01 09:25:37 AM,485.55,114,55352.700000000004,14876323.799999995
2025-08-01 09:25:38 AM,485.2,0,0.0,14876323.799999995
2025-08-01 09:25:39 AM,485.2,29,14070.8,14890394.599999996
2025-08-01 09:25:43 AM,485.85,0,0.0,14890394.599999996
2025-08-01 09:25:44 AM,485.85,21,10202.85,14900597.449999996
2025-08-01 09:25:46 AM,486.3,13,6321.900000000001,14906919.349999996
2025-08-01 09:25:54 AM,486.0,44,21384.0,14928303.349999996
2025-08-01 09:26:00 AM,485.55,0,0.0,14928303.349999996
2025-08-01 09:26:01 AM,485.55,31,15052.050000000001,14943355.399999997
2025-08-01 09:26:09 AM,485.55,6,2913.3,14946268.699999997
2025-08-01 09:26:14 AM,485.65,0,0.0,14946268.699999997
2025-08-01 09:26:15 AM,485.65,46,22339.899999999998,14968608.599999998
2025-08-01 09:26:16 AM,485.65,59,28653.35,14997261.949999997
2025-08-01 09:26:24 AM,485.65,6,2913.8999999999996,15000175.849999998
2025-08-01 09:26:32 AM,485.5,502,243721.0,15243896.849999998
2025-08-01 09:26:32 AM,485.55,0,0.0,15243896.849999998
2025-08-01 09:26:38 AM,485.85,23,11174.550000000001,15255071.399999999
2025-08-01 09:26:39 AM,486.15,57,27710.55,15282781.95
2025-08-01 09:26:41 AM,486.05,0,0.0,15282781.95
2025-08-01 09:26:44 AM,486.55,0,0.0,15282781.95
2025-08-01 09:26:45 AM,486.55,102,49628.1,15332410.049999999
2025-08-01 09:26:47 AM,486.75,0,0.0,15332410.049999999
2025-08-01 09:26:53 AM,486.75,16,7788.0,15340198.049999999
2025-08-01 09:26:57 AM,486.55,0,0.0,15340198.049999999
2025-08-01 09:27:00 AM,486.55,18,8757.9,15348955.95
2025-08-01 09:27:08 AM,486.25,23,11183.75,15360139.7
2025-08-01 09:27:11 AM,486.3,0,0.0,15360139.7
2025-08-01 09:27:15 AM,486.3,14,6808.2,15366947.899999999
2025-08-01 09:27:20 AM,486.0,0,0.0,15366947.899999999
2025-08-01 09:27:23 AM,486.0,3,1458.0,15368405.899999999
2025-08-01 09:27:30 AM,485.5,82,39811.0,15408216.899999999
2025-08-01 09:27:30 AM,485.95,0,0.0,15408216.899999999
2025-08-01 09:27:31 AM,485.95,13,6317.349999999999,15414534.249999998
2025-08-01 09:27:39 AM,485.7,490,237993.0,15652527.249999998
2025-08-01 09:27:46 AM,485.5,149,72339.5,15724866.749999998
2025-08-01 09:27:53 AM,485.5,2,971.0,15725837.749999998
2025-08-01 09:27:54 AM,485.75,32,15544.0,15741381.749999998
2025-08-01 09:27:55 AM,485.6,0,0.0,15741381.749999998
2025-08-01 09:27:56 AM,485.85,0,0.0,15741381.749999998
2025-08-01 09:28:01 AM,485.85,31,15061.35,15756443.099999998
2025-08-01 09:28:08 AM,485.85,132,64132.200000000004,15820575.299999997
2025-08-01 09:28:10 AM,485.85,19,9231.15,15829806.449999997
2025-08-01 09:28:13 AM,485.55,0,0.0,15829806.449999997
2025-08-01 09:28:16 AM,485.65,42,20397.3,15850203.749999998
2025-08-01 09:28:17 AM,485.65,11,5342.15,15855545.899999999
2025-08-01 09:28:24 AM,485.65,25,12141.25,15867687.149999999
2025-08-01 09:28:31 AM,485.65,56,27196.399999999998,15894883.549999999
2025-08-01 09:28:36 AM,485.4,0,0.0,15894883.549999999
2025-08-01 09:28:39 AM,485.65,156,75761.4,15970644.95
2025-08-01 09:28:40 AM,485.65,36,17483.399999999998,15988128.35
2025-08-01 09:28:46 AM,485.35,0,0.0,15988128.35
2025-08-01 09:28:46 AM,485.35,41,19899.350000000002,16008027.7
2025-08-01 09:28:47 AM,485.65,0,0.0,16008027.7
2025-08-01 09:28:48 AM,485.65,8,3885.2,16011912.899999999
2025-08-01 09:28:57 AM,485.45,0,0.0,16011912.899999999
2025-08-01 09:29:02 AM,485.45,2,970.9,16012883.799999999
2025-08-01 09:29:09 AM,484.85,0,0.0,16012883.799999999
2025-08-01 09:29:09 AM,485.5,234,113607.0,16126490.799999999
2025-08-01 09:29:10 AM,485.55,0,0.0,16126490.799999999
2025-08-01 09:29:11 AM,485.55,53,25734.15,16152224.95
2025-08-01 09:29:20 AM,485.6,0,0.0,16152224.95
2025-08-01 09:29:25 AM,485.75,20,9715.0,16161939.95
2025-08-01 09:29:33 AM,485.55,5,2427.75,16164367.7
2025-08-01 09:29:45 AM,485.65,0,0.0,16164367.7
2025-08-01 09:29:47 AM,485.65,3,1456.9499999999998,16165824.649999999
2025-08-01 09:29:54 AM,485.65,5,2428.25,16168252.899999999
2025-08-01 09:30:10 AM,485.55,3,1456.65,16169709.549999999
2025-08-01 09:30:11 AM,485.55,255,123815.25,16293524.799999999
2025-08-01 09:30:17 AM,485.6,1,485.6,16294010.399999999
2025-08-01 09:30:25 AM,485.6,18,8740.800000000001,16302751.2
2025-08-01 09:30:33 AM,485.4,63,30580.199999999997,16333331.399999999
2025-08-01 09:30:36 AM,485.0,0,0.0,16333331.399999999
2025-08-01 09:30:39 AM,484.95,95,46070.25,16379401.649999999
2025-08-01 09:30:47 AM,484.95,5,2424.75,16381826.399999999
2025-08-01 09:30:50 AM,485.1,0,0.0,16381826.399999999
2025-08-01 09:30:54 AM,485.1,31,15038.1,16396864.499999998
2025-08-01 09:31:01 AM,484.95,0,0.0,16396864.499999998
2025-08-01 09:31:02 AM,484.95,1,484.95,16397349.449999997
2025-08-01 09:31:07 AM,485.0,0,0.0,16397349.449999997
2025-08-01 09:31:09 AM,485.0,43,20855.0,16418204.449999997
2025-08-01 09:31:17 AM,484.95,15,7274.25,16425478.699999997
2025-08-01 09:31:23 AM,485.0,0,0.0,16425478.699999997
2025-08-01 09:31:24 AM,485.0,15,7275.0,16432753.699999997
2025-08-01 09:31:31 AM,484.95,0,0.0,16432753.699999997
2025-08-01 09:31:38 AM,484.95,2,969.9,16433723.599999998
2025-08-01 09:31:41 AM,485.0,0,0.0,16433723.599999998
2025-08-01 09:31:43 AM,485.55,0,0.0,16433723.599999998
2025-08-01 09:31:45 AM,485.55,458,222381.9,16656105.499999998
2025-08-01 09:31:47 AM,486.0,0,0.0,16656105.499999998
2025-08-01 09:31:48 AM,486.3,0,0.0,16656105.499999998
2025-08-01 09:31:52 AM,486.05,184,89433.2,16745538.699999997
2025-08-01 09:31:59 AM,485.8,3,1457.4,16746996.099999998
2025-08-01 09:32:06 AM,485.8,33,16031.4,16763027.499999998
2025-08-01 09:32:13 AM,485.8,5,2429.0,16765456.499999998
2025-08-01 09:32:20 AM,485.75,109,52946.75,16818403.25
2025-08-01 09:32:21 AM,485.45,0,0.0,16818403.25
2025-08-01 09:32:27 AM,485.8,0,0.0,16818403.25
2025-08-01 09:32:27 AM,485.8,185,89873.0,16908276.25
2025-08-01 09:32:34 AM,485.9,4,1943.6,16910219.85
2025-08-01 09:32:41 AM,485.65,263,127725.95,17037945.8
2025-08-01 09:32:45 AM,485.9,0,0.0,17037945.8
2025-08-01 09:32:48 AM,485.9,24,11661.599999999999,17049607.400000002
2025-08-01 09:32:57 AM,485.7,0,0.0,17049607.400000002
2025-08-01 09:33:01 AM,485.7,34,16513.8,17066121.200000003
2025-08-01 09:33:09 AM,485.3,1,485.3,17066606.500000004
2025-08-01 09:33:29 AM,485.3,1,485.3,17067091.800000004
2025-08-01 09:33:29 AM,485.5,0,0.0,17067091.800000004
2025-08-01 09:33:36 AM,485.5,124,60202.0,17127293.800000004
2025-08-01 09:33:39 AM,485.35,0,0.0,17127293.800000004
2025-08-01 09:33:43 AM,485.7,277,134538.9,17261832.700000003
2025-08-01 09:33:44 AM,485.9,0,0.0,17261832.700000003
2025-08-01 09:33:47 AM,486.7,0,0.0,17261832.700000003
2025-08-01 09:33:50 AM,486.7,170,82739.0,17344571.700000003
2025-08-01 09:33:53 AM,486.75,0,0.0,17344571.700000003
2025-08-01 09:33:57 AM,486.6,575,279795.0,17624366.700000003
2025-08-01 09:33:59 AM,486.75,0,0.0,17624366.700000003
2025-08-01 09:34:04 AM,486.9,334,162624.6,17786991.300000004
2025-08-01 09:34:09 AM,487.2,0,0.0,17786991.300000004
2025-08-01 09:34:11 AM,487.2,156,76003.2,17862994.500000004
2025-08-01 09:34:17 AM,486.95,0,0.0,17862994.500000004
2025-08-01 09:34:18 AM,486.95,16,7791.2,17870785.700000003
2025-08-01 09:34:19 AM,487.0,0,0.0,17870785.700000003
2025-08-01 09:34:22 AM,486.75,0,0.0,17870785.700000003
2025-08-01 09:34:25 AM,486.75,44,21417.0,17892202.700000003
2025-08-01 09:34:29 AM,486.7,0,0.0,17892202.700000003
2025-08-01 09:34:32 AM,486.7,25,12167.5,17904370.200000003
2025-08-01 09:34:44 AM,486.55,0,0.0,17904370.200000003
2025-08-01 09:34:46 AM,486.55,76,36977.8,17941348.000000004
2025-08-01 09:34:49 AM,486.7,0,0.0,17941348.000000004
2025-08-01 09:34:53 AM,486.7,313,152337.1,18093685.100000005
2025-08-01 09:34:56 AM,486.55,0,0.0,18093685.100000005
2025-08-01 09:35:00 AM,486.55,2,973.1,18094658.200000007
2025-08-01 09:35:04 AM,487.2,0,0.0,18094658.200000007
2025-08-01 09:35:04 AM,487.55,0,0.0,18094658.200000007
2025-08-01 09:35:07 AM,487.55,2295,1118927.25,19213585.450000007
2025-08-01 09:35:09 AM,489.0,0,0.0,19213585.450000007
2025-08-01 09:35:14 AM,489.1,0,0.0,19213585.450000007
2025-08-01 09:35:14 AM,489.1,618,302263.8,19515849.250000007
2025-08-01 09:35:19 AM,489.0,0,0.0,19515849.250000007
2025-08-01 09:35:21 AM,489.0,182,88998.0,19604847.250000007
2025-08-01 09:35:24 AM,488.75,0,0.0,19604847.250000007
2025-08-01 09:35:28 AM,488.3,442,215828.6,19820675.85000001
2025-08-01 09:35:29 AM,488.5,0,0.0,19820675.85000001
2025-08-01 09:35:34 AM,488.2,0,0.0,19820675.85000001
2025-08-01 09:35:35 AM,488.2,88,42961.6,19863637.45000001
2025-08-01 09:35:39 AM,488.0,0,0.0,19863637.45000001
2025-08-01 09:35:42 AM,488.05,119,58077.950000000004,19921715.40000001
2025-08-01 09:35:48 AM,488.0,50,24400.0,19946115.40000001
2025-08-01 09:35:49 AM,488.05,0,0.0,19946115.40000001
2025-08-01 09:35:55 AM,488.05,185,90289.25,20036404.65000001
2025-08-01 09:35:59 AM,488.25,0,0.0,20036404.65000001
2025-08-01 09:36:01 AM,488.25,591,288555.75,20324960.40000001
2025-08-01 09:36:03 AM,488.9,0,0.0,20324960.40000001
2025-08-01 09:36:07 AM,489.25,0,0.0,20324960.40000001
2025-08-01 09:36:08 AM,489.25,303,148242.75,20473203.15000001
2025-08-01 09:36:15 AM,489.0,0,0.0,20473203.15000001
2025-08-01 09:36:15 AM,489.0,573,280197.0,20753400.15000001
2025-08-01 09:36:19 AM,489.45,0,0.0,20753400.15000001
2025-08-01 09:36:19 AM,489.5,0,0.0,20753400.15000001
2025-08-01 09:36:22 AM,489.5,544,266288.0,21019688.15000001
2025-08-01 09:36:23 AM,490.0,0,0.0,21019688.15000001
2025-08-01 09:36:27 AM,489.9,0,0.0,21019688.15000001
2025-08-01 09:36:28 AM,489.9,270,132273.0,21151961.15000001
2025-08-01 09:36:31 AM,490.25,0,0.0,21151961.15000001
2025-08-01 09:36:31 AM,490.0,0,0.0,21151961.15000001
2025-08-01 09:36:35 AM,489.8,319,156246.2,21308207.35000001
2025-08-01 09:36:35 AM,490.35,0,0.0,21308207.35000001
2025-08-01 09:36:41 AM,490.35,28,13729.800000000001,21321937.15000001
2025-08-01 09:36:43 AM,490.2,0,0.0,21321937.15000001
2025-08-01 09:36:47 AM,490.15,0,0.0,21321937.15000001
2025-08-01 09:36:47 AM,490.15,1361,667094.15,21989031.30000001
2025-08-01 09:36:51 AM,490.2,0,0.0,21989031.30000001
2025-08-01 09:36:51 AM,490.0,0,0.0,21989031.30000001
2025-08-01 09:36:54 AM,489.55,265,129730.75,22118762.05000001
2025-08-01 09:36:59 AM,489.5,0,0.0,22118762.05000001
2025-08-01 09:37:01 AM,489.5,88,43076.0,22161838.05000001
2025-08-01 09:37:07 AM,488.95,0,0.0,22161838.05000001
2025-08-01 09:37:08 AM,488.95,193,94367.34999999999,22256205.40000001
2025-08-01 09:37:15 AM,488.95,216,105613.2,22361818.60000001
2025-08-01 09:37:18 AM,488.7,0,0.0,22361818.60000001
2025-08-01 09:37:22 AM,488.05,0,0.0,22361818.60000001
2025-08-01 09:37:22 AM,488.05,252,122988.6,22484807.20000001
2025-08-01 09:37:23 AM,488.45,0,0.0,22484807.20000001
2025-08-01 09:37:27 AM,488.55,0,0.0,22484807.20000001
2025-08-01 09:37:28 AM,488.1,0,0.0,22484807.20000001
2025-08-01 09:37:29 AM,488.1,84,41000.4,22525807.60000001
2025-08-01 09:37:32 AM,488.35,0,0.0,22525807.60000001
2025-08-01 09:37:36 AM,488.35,27,13185.45,22538993.05000001
2025-08-01 09:37:37 AM,488.05,0,0.0,22538993.05000001
2025-08-01 09:37:43 AM,488.05,46,22450.3,22561443.35000001
2025-08-01 09:37:56 AM,487.2,150,73080.0,22634523.35000001
2025-08-01 09:38:08 AM,486.75,0,0.0,22634523.35000001
2025-08-01 09:38:09 AM,486.75,21,10221.75,22644745.10000001
2025-08-01 09:38:19 AM,486.3,0,0.0,22644745.10000001
2025-08-01 09:38:23 AM,486.3,7,3404.1,22648149.20000001
2025-08-01 09:38:30 AM,486.3,3,1458.9,22649608.10000001
2025-08-01 09:38:34 AM,486.0,0,0.0,22649608.10000001
2025-08-01 09:38:36 AM,486.0,585,284310.0,22933918.10000001
2025-08-01 09:38:39 AM,485.9,0,0.0,22933918.10000001
2025-08-01 09:38:43 AM,485.9,248,120503.2,23054421.30000001
2025-08-01 09:38:50 AM,485.9,572,277934.8,23332356.10000001
2025-08-01 09:38:56 AM,485.9,229,111271.09999999999,23443627.20000001
2025-08-01 09:38:59 AM,485.6,0,0.0,23443627.20000001
2025-08-01 09:39:00 AM,485.8,0,0.0,23443627.20000001
2025-08-01 09:39:03 AM,485.9,120,58308.0,23501935.20000001
2025-08-01 09:39:15 AM,485.5,0,0.0,23501935.20000001
2025-08-01 09:39:17 AM,485.5,6,2913.0,23504848.20000001
2025-08-01 09:39:19 AM,485.45,0,0.0,23504848.20000001
2025-08-01 09:39:23 AM,485.4,185,89799.0,23594647.20000001
2025-08-01 09:39:32 AM,485.25,0,0.0,23594647.20000001
2025-08-01 09:39:36 AM,485.25,3,1455.75,23596102.95000001
2025-08-01 09:39:48 AM,485.05,0,0.0,23596102.95000001
2025-08-01 09:39:50 AM,485.05,337,163461.85,23759564.800000012
2025-08-01 09:40:09 AM,485.05,6,2910.3,23762475.100000013
2025-08-01 09:40:16 AM,485.0,0,0.0,23762475.100000013
2025-08-01 09:40:17 AM,485.0,75,36375.0,23798850.100000013
2025-08-01 09:40:26 AM,484.6,0,0.0,23798850.100000013
2025-08-01 09:40:29 AM,484.6,2,969.2,23799819.300000012
2025-08-01 09:40:31 AM,484.85,0,0.0,23799819.300000012
2025-08-01 09:40:36 AM,484.85,34,16484.9,23816304.20000001
2025-08-01 09:40:36 AM,484.85,111,53818.350000000006,23870122.550000012
2025-08-01 09:40:39 AM,484.6,0,0.0,23870122.550000012
2025-08-01 09:40:42 AM,484.6,222,107581.20000000001,23977703.75000001
2025-08-01 09:40:47 AM,484.4,0,0.0,23977703.75000001
2025-08-01 09:40:49 AM,484.4,42,20344.8,23998048.550000012
2025-08-01 09:40:57 AM,484.25,0,0.0,23998048.550000012
2025-08-01 09:41:02 AM,484.25,46,22275.5,24020324.050000012
2025-08-01 09:41:02 AM,484.3,0,0.0,24020324.050000012
2025-08-01 09:41:02 AM,484.3,14,6780.2,24027104.25000001
2025-08-01 09:41:07 AM,484.45,0,0.0,24027104.25000001
2025-08-01 09:41:09 AM,484.45,111,53773.95,24080878.20000001
2025-08-01 09:41:11 AM,485.1,0,0.0,24080878.20000001
2025-08-01 09:41:15 AM,485.2,30,14556.0,24095434.20000001
2025-08-01 09:41:19 AM,485.15,0,0.0,24095434.20000001
2025-08-01 09:41:22 AM,485.15,48,23287.199999999997,24118721.40000001
2025-08-01 09:41:29 AM,485.15,2,970.3,24119691.70000001
2025-08-01 09:41:42 AM,485.15,2,970.3,24120662.00000001
2025-08-01 09:41:55 AM,485.15,30,14554.5,24135216.50000001
2025-08-01 09:42:08 AM,485.0,0,0.0,24135216.50000001
2025-08-01 09:42:09 AM,485.0,50,24250.0,24159466.50000001
2025-08-01 09:42:21 AM,484.7,0,0.0,24159466.50000001
2025-08-01 09:42:21 AM,484.7,7,3392.9,24162859.40000001
2025-08-01 09:42:58 AM,484.5,0,0.0,24162859.40000001
2025-08-01 09:43:00 AM,484.5,147,71221.5,24234080.90000001
2025-08-01 09:43:06 AM,484.3,0,0.0,24234080.90000001
2025-08-01 09:43:06 AM,484.3,2,968.6,24235049.50000001
2025-08-01 09:43:20 AM,484.3,5,2421.5,24237471.00000001
2025-08-01 09:43:22 AM,484.4,0,0.0,24237471.00000001
2025-08-01 09:43:26 AM,485.1,0,0.0,24237471.00000001
2025-08-01 09:43:27 AM,485.1,138,66943.8,24304414.800000012
2025-08-01 09:43:50 AM,485.0,0,0.0,24304414.800000012
2025-08-01 09:43:53 AM,485.0,5,2425.0,24306839.800000012
2025-08-01 09:44:00 AM,485.0,2,970.0,24307809.800000012
2025-08-01 09:44:06 AM,485.0,53,25705.0,24333514.800000012
2025-08-01 09:44:10 AM,485.05,0,0.0,24333514.800000012
2025-08-01 09:44:13 AM,485.05,145,70332.25,24403847.050000012
2025-08-01 09:44:18 AM,484.5,0,0.0,24403847.050000012
2025-08-01 09:44:20 AM,484.5,1958,948651.0,25352498.050000012
2025-08-01 09:44:22 AM,484.25,0,0.0,25352498.050000012
2025-08-01 09:44:24 AM,484.65,0,0.0,25352498.050000012
2025-08-01 09:44:26 AM,485.0,201,97485.0,25449983.050000012
2025-08-01 09:44:27 AM,485.0,129,62565.0,25512548.050000012
2025-08-01 09:44:30 AM,485.25,0,0.0,25512548.050000012
2025-08-01 09:44:32 AM,485.2,0,0.0,25512548.050000012
2025-08-01 09:44:32 AM,485.2,150,72780.0,25585328.050000012
2025-08-01 09:44:33 AM,485.1,4,1940.4,25587268.45000001
2025-08-01 09:44:36 AM,485.4,0,0.0,25587268.45000001
2025-08-01 09:44:38 AM,485.5,0,0.0,25587268.45000001
2025-08-01 09:44:39 AM,485.5,63,30586.5,25617854.95000001
2025-08-01 09:44:42 AM,485.25,0,0.0,25617854.95000001
2025-08-01 09:44:45 AM,485.25,20,9705.0,25627559.95000001
2025-08-01 09:44:50 AM,485.05,0,0.0,25627559.95000001
2025-08-01 09:44:52 AM,485.05,3,1455.15,25629015.10000001
2025-08-01 09:44:54 AM,485.1,0,0.0,25629015.10000001
2025-08-01 09:44:58 AM,485.15,123,59673.45,25688688.55000001
2025-08-01 09:45:02 AM,484.9,0,0.0,25688688.55000001
2025-08-01 09:45:04 AM,484.85,0,0.0,25688688.55000001
2025-08-01 09:45:05 AM,484.85,204,98909.40000000001,25787597.950000007
2025-08-01 09:45:07 AM,485.05,0,0.0,25787597.950000007
2025-08-01 09:45:11 AM,485.05,82,39774.1,25827372.05000001
2025-08-01 09:45:18 AM,484.85,95,46060.75,25873432.80000001
2025-08-01 09:45:22 AM,484.95,0,0.0,25873432.80000001
2025-08-01 09:45:24 AM,484.95,30,14548.5,25887981.30000001
2025-08-01 09:45:26 AM,484.9,0,0.0,25887981.30000001
2025-08-01 09:45:31 AM,484.9,61,29578.899999999998,25917560.200000007
2025-08-01 09:45:37 AM,484.9,162,78553.8,25996114.000000007
2025-08-01 09:45:38 AM,484.9,49,23760.1,26019874.10000001
2025-08-01 09:45:44 AM,484.9,67,32488.3,26052362.40000001
2025-08-01 09:45:50 AM,484.9,60,29094.0,26081456.40000001
2025-08-01 09:45:57 AM,484.9,15,7273.5,26088729.90000001
2025-08-01 09:46:03 AM,484.9,52,25214.8,26113944.70000001
2025-08-01 09:46:09 AM,484.8,0,0.0,26113944.70000001
2025-08-01 09:46:10 AM,484.8,2,969.6,26114914.300000012
2025-08-01 09:47:13 AM,484.8,10,4848.0,26119762.300000012
2025-08-01 09:47:16 AM,484.9,0,0.0,26119762.300000012
2025-08-01 09:47:19 AM,484.9,300,145470.0,26265232.300000012
2025-08-01 09:47:23 AM,485.15,0,0.0,26265232.300000012
2025-08-01 09:47:24 AM,484.95,0,0.0,26265232.300000012
2025-08-01 09:47:25 AM,484.95,19,9214.05,26274446.350000013
2025-08-01 09:47:45 AM,484.95,11,5334.45,26279780.800000012
2025-08-01 09:48:43 AM,484.95,1,484.95,26280265.75000001
2025-08-01 09:49:27 AM,484.95,1,484.95,26280750.70000001
2025-08-01 09:49:42 AM,484.95,8,3879.6,26284630.300000012
2025-08-01 09:49:46 AM,484.95,1,484.95,26285115.25000001
2025-08-01 09:49:55 AM,484.75,128,62048.0,26347163.25000001
2025-08-01 09:50:02 AM,484.65,0,0.0,26347163.25000001
2025-08-01 09:50:02 AM,484.65,1,484.65,26347647.90000001
2025-08-01 09:50:17 AM,484.55,0,0.0,26347647.90000001
2025-08-01 09:50:18 AM,484.3,0,0.0,26347647.90000001
2025-08-01 09:50:18 AM,484.3,285,138025.5,26485673.40000001
2025-08-01 09:50:40 AM,484.3,5,2421.5,26488094.90000001
2025-08-01 09:50:52 AM,484.6,19,9207.4,26497302.30000001
2025-08-01 09:50:55 AM,484.05,0,0.0,26497302.30000001
2025-08-01 09:50:56 AM,484.05,212,102618.6,26599920.90000001
2025-08-01 09:50:58 AM,484.2,0,0.0,26599920.90000001
2025-08-01 09:50:58 AM,484.2,14,6778.8,26606699.70000001
2025-08-01 09:51:02 AM,484.2,14,6778.8,26613478.50000001
2025-08-01 09:51:09 AM,484.2,18,8715.6,26622194.100000013
2025-08-01 09:51:13 AM,484.05,0,0.0,26622194.100000013
2025-08-01 09:51:15 AM,484.05,32,15489.6,26637683.700000014
2025-08-01 09:51:17 AM,484.2,21,10168.199999999999,26647851.900000013
2025-08-01 09:51:23 AM,484.2,14,6778.8,26654630.700000014
2025-08-01 09:51:25 AM,484.75,0,0.0,26654630.700000014
2025-08-01 09:51:27 AM,484.75,1098,532255.5,27186886.200000014
2025-08-01 09:51:31 AM,485.3,0,0.0,27186886.200000014
2025-08-01 09:51:33 AM,485.8,0,0.0,27186886.200000014
2025-08-01 09:51:33 AM,485.8,354,171973.2,27358859.400000013
2025-08-01 09:51:35 AM,485.6,0,0.0,27358859.400000013
2025-08-01 09:51:36 AM,485.6,2,971.2,27359830.600000013
2025-08-01 09:51:37 AM,486.1,0,0.0,27359830.600000013
2025-08-01 09:51:39 AM,485.75,0,0.0,27359830.600000013
2025-08-01 09:51:40 AM,485.75,256,124352.0,27484182.600000013
2025-08-01 09:51:50 AM,485.5,0,0.0,27484182.600000013
2025-08-01 09:51:52 AM,485.25,47,22806.75,27506989.350000013
2025-08-01 09:51:57 AM,485.3,0,0.0,27506989.350000013
2025-08-01 09:51:58 AM,485.3,44,21353.2,27528342.550000012
2025-08-01 09:52:03 AM,484.9,0,0.0,27528342.550000012
2025-08-01 09:52:04 AM,484.9,100,48490.0,27576832.550000012
2025-08-01 09:52:21 AM,485.3,0,0.0,27576832.550000012
2025-08-01 09:52:23 AM,485.3,62,30088.600000000002,27606921.150000013
2025-08-01 09:52:52 AM,485.15,0,0.0,27606921.150000013
2025-08-01 09:52:53 AM,485.15,9,4366.349999999999,27611287.500000015
2025-08-01 09:53:05 AM,485.15,5,2425.75,27613713.250000015
2025-08-01 09:53:24 AM,485.15,50,24257.5,27637970.750000015
2025-08-01 09:53:26 AM,485.15,1,485.15,27638455.900000013
2025-08-01 09:53:29 AM,485.05,0,0.0,27638455.900000013
2025-08-01 09:53:30 AM,485.05,205,99435.25,27737891.150000013
2025-08-01 09:53:42 AM,484.85,0,0.0,27737891.150000013
2025-08-01 09:53:43 AM,484.85,35,16969.75,27754860.900000013
2025-08-01 09:53:49 AM,484.85,17,8242.45,27763103.350000013
2025-08-01 09:53:55 AM,484.85,39,18909.15,27782012.50000001
2025-08-01 09:53:57 AM,484.85,36,17454.600000000002,27799467.100000013
2025-08-01 09:54:03 AM,484.85,49,23757.65,27823224.75000001
2025-08-01 09:54:07 AM,485.05,390,189169.5,28012394.25000001
2025-08-01 09:54:11 AM,485.8,0,0.0,28012394.25000001
2025-08-01 09:54:11 AM,486.2,0,0.0,28012394.25000001
2025-08-01 09:54:14 AM,486.3,0,0.0,28012394.25000001
2025-08-01 09:54:14 AM,486.3,136,66136.8,28078531.050000012
2025-08-01 09:54:30 AM,485.95,0,0.0,28078531.050000012
2025-08-01 09:54:33 AM,486.0,74,35964.0,28114495.050000012
2025-08-01 09:54:39 AM,485.95,0,0.0,28114495.050000012
2025-08-01 09:54:39 AM,485.95,1,485.95,28114981.00000001
2025-08-01 09:54:42 AM,485.6,0,0.0,28114981.00000001
2025-08-01 09:54:45 AM,485.6,2,971.2,28115952.20000001
2025-08-01 09:55:42 AM,486.0,0,0.0,28115952.20000001
2025-08-01 09:55:44 AM,486.0,37,17982.0,28133934.20000001
2025-08-01 09:55:48 AM,485.9,0,0.0,28133934.20000001
2025-08-01 09:55:50 AM,485.9,100,48590.0,28182524.20000001
2025-08-01 09:55:54 AM,485.65,0,0.0,28182524.20000001
2025-08-01 09:55:56 AM,486.0,0,0.0,28182524.20000001
2025-08-01 09:55:56 AM,485.9,23,11175.699999999999,28193699.90000001
2025-08-01 09:56:32 AM,486.2,0,0.0,28193699.90000001
2025-08-01 09:56:32 AM,486.2,1,486.2,28194186.10000001
2025-08-01 09:56:50 AM,486.2,15,7293.0,28201479.10000001
2025-08-01 09:57:04 AM,485.9,0,0.0,28201479.10000001
2025-08-01 09:57:08 AM,485.9,1,485.9,28201965.000000007
2025-08-01 09:57:16 AM,486.45,0,0.0,28201965.000000007
2025-08-01 09:57:16 AM,486.45,100,48645.0,28250610.000000007
2025-08-01 09:57:20 AM,486.3,0,0.0,28250610.000000007
2025-08-01 09:57:20 AM,486.3,81,39390.3,28290000.30000001
2025-08-01 09:57:21 AM,485.9,25,12147.5,28302147.80000001
2025-08-01 09:57:25 AM,485.9,1,485.9,28302633.700000007
2025-08-01 09:58:01 AM,485.9,52,25266.8,28327900.500000007
2025-08-01 09:58:25 AM,485.55,0,0.0,28327900.500000007
2025-08-01 09:58:26 AM,485.55,45,21849.75,28349750.250000007
2025-08-01 09:58:38 AM,485.55,13,6312.150000000001,28356062.400000006
2025-08-01 09:58:44 AM,485.55,20,9711.0,28365773.400000006
2025-08-01 09:59:11 AM,485.1,0,0.0,28365773.400000006
2025-08-01 09:59:11 AM,485.1,30,14553.0,28380326.400000006
2025-08-01 09:59:24 AM,485.3,170,82501.0,28462827.400000006
2025-08-01 09:59:46 AM,485.05,12,5820.6,28468648.000000007
2025-08-01 10:00:20 AM,485.05,5,2425.25,28471073.250000007
2025-08-01 10:00:30 AM,485.05,1,485.05,28471558.30000001
2025-08-01 10:00:42 AM,485.05,1,485.05,28472043.35000001
2025-08-01 10:00:58 AM,485.05,29,14066.45,28486109.80000001
2025-08-01 10:01:07 AM,485.05,11,5335.55,28491445.35000001
2025-08-01 10:01:11 AM,485.1,1,485.1,28491930.45000001
2025-08-01 10:01:23 AM,485.1,1,485.1,28492415.550000012
2025-08-01 10:01:44 AM,485.1,46,22314.600000000002,28514730.150000013
2025-08-01 10:01:48 AM,485.3,274,132972.2,28647702.350000013
2025-08-01 10:01:51 AM,485.4,0,0.0,28647702.350000013
2025-08-01 10:01:55 AM,485.4,47,22813.8,28670516.150000013
2025-08-01 10:02:08 AM,485.2,0,0.0,28670516.150000013
2025-08-01 10:02:08 AM,485.2,6,2911.2,28673427.350000013
2025-08-01 10:02:13 AM,485.3,0,0.0,28673427.350000013
2025-08-01 10:02:13 AM,485.3,19,9220.7,28682648.050000012
2025-08-01 10:02:26 AM,485.2,0,0.0,28682648.050000012
2025-08-01 10:02:26 AM,485.2,91,44153.2,28726801.25000001
2025-08-01 10:02:28 AM,485.1,56,27165.600000000002,28753966.850000013
2025-08-01 10:02:39 AM,484.7,0,0.0,28753966.850000013
2025-08-01 10:02:40 AM,484.7,18,8724.6,28762691.450000014
2025-08-01 10:02:44 AM,484.8,0,0.0,28762691.450000014
2025-08-01 10:02:45 AM,484.8,23,11150.4,28773841.850000013
2025-08-01 10:03:10 AM,484.8,18,8726.4,28782568.25000001
2025-08-01 10:03:17 AM,484.35,0,0.0,28782568.25000001
2025-08-01 10:03:17 AM,484.35,40,19374.0,28801942.25000001
2025-08-01 10:03:19 AM,483.95,471,227940.44999999998,29029882.70000001
2025-08-01 10:03:25 AM,484.8,0,0.0,29029882.70000001
2025-08-01 10:03:25 AM,484.9,0,0.0,29029882.70000001
2025-08-01 10:03:25 AM,484.9,109,52854.1,29082736.800000012
2025-08-01 10:03:30 AM,485.2,124,60164.799999999996,29142901.600000013
2025-08-01 10:03:32 AM,485.0,140,67900.0,29210801.600000013
2025-08-01 10:03:36 AM,485.2,68,32993.6,29243795.200000014
2025-08-01 10:03:38 AM,485.05,71,34438.55,29278233.750000015
2025-08-01 10:03:41 AM,485.2,0,0.0,29278233.750000015
2025-08-01 10:03:42 AM,485.2,72,34934.4,29313168.150000013
2025-08-01 10:03:44 AM,485.2,66,32023.2,29345191.350000013
2025-08-01 10:03:48 AM,485.2,59,28626.8,29373818.150000013
2025-08-01 10:03:50 AM,485.2,125,60650.0,29434468.150000013
2025-08-01 10:03:53 AM,485.0,0,0.0,29434468.150000013
2025-08-01 10:03:55 AM,485.0,4,1940.0,29436408.150000013
2025-08-01 10:03:57 AM,485.2,0,0.0,29436408.150000013
2025-08-01 10:03:57 AM,485.2,129,62590.799999999996,29498998.950000014
2025-08-01 10:04:03 AM,485.2,59,28626.8,29527625.750000015
2025-08-01 10:04:13 AM,485.2,64,31052.8,29558678.550000016
2025-08-01 10:04:15 AM,485.2,127,61620.4,29620298.950000014
2025-08-01 10:04:22 AM,485.2,21,10189.199999999999,29630488.150000013
2025-08-01 10:04:26 AM,485.2,131,63561.2,29694049.350000013
2025-08-01 10:04:28 AM,485.3,17,8250.1,29702299.450000014
2025-08-01 10:04:39 AM,485.3,2,970.6,29703270.050000016
2025-08-01 10:04:43 AM,485.8,0,0.0,29703270.050000016
2025-08-01 10:04:45 AM,485.8,100,48580.0,29751850.050000016
2025-08-01 10:04:51 AM,485.9,0,0.0,29751850.050000016
2025-08-01 10:04:51 AM,485.9,28,13605.199999999999,29765455.250000015
2025-08-01 10:05:18 AM,485.6,0,0.0,29765455.250000015
2025-08-01 10:05:18 AM,485.6,40,19424.0,29784879.250000015
2025-08-01 10:06:04 AM,485.3,4,1941.2,29786820.450000014
2025-08-01 10:06:12 AM,485.3,1,485.3,29787305.750000015
2025-08-01 10:06:22 AM,485.0,323,156655.0,29943960.750000015
2025-08-01 10:06:23 AM,485.1,0,0.0,29943960.750000015
2025-08-01 10:06:24 AM,485.1,18,8731.800000000001,29952692.550000016
2025-08-01 10:06:30 AM,485.1,29,14067.900000000001,29966760.450000014
2025-08-01 10:06:32 AM,485.15,0,0.0,29966760.450000014
2025-08-01 10:06:34 AM,485.15,116,56277.399999999994,30023037.850000013
2025-08-01 10:06:36 AM,485.25,0,0.0,30023037.850000013
2025-08-01 10:06:36 AM,485.5,40,19420.0,30042457.850000013
2025-08-01 10:06:42 AM,485.1,331,160568.1,30203025.950000014
2025-08-01 10:06:48 AM,485.1,6,2910.6000000000004,30205936.550000016
2025-08-01 10:06:50 AM,485.7,0,0.0,30205936.550000016
2025-08-01 10:06:52 AM,485.7,85,41284.5,30247221.050000016
2025-08-01 10:06:54 AM,485.7,58,28170.6,30275391.650000017
2025-08-01 10:06:58 AM,485.5,34,16507.0,30291898.650000017
2025-08-01 10:07:04 AM,485.55,25,12138.75,30304037.400000017
2025-08-01 10:07:11 AM,485.3,5,2426.5,30306463.900000017
2025-08-01 10:07:13 AM,485.1,91,44144.1,30350608.00000002
2025-08-01 10:07:15 AM,485.5,0,0.0,30350608.00000002
2025-08-01 10:07:17 AM,485.5,102,49521.0,30400129.00000002
2025-08-01 10:07:19 AM,485.5,94,45637.0,30445766.00000002
2025-08-01 10:07:23 AM,485.5,7,3398.5,30449164.50000002
2025-08-01 10:07:31 AM,485.5,2,971.0,30450135.50000002
2025-08-01 10:07:41 AM,485.55,407,197618.85,30647754.35000002
2025-08-01 10:07:43 AM,485.65,13,6313.45,30654067.80000002
2025-08-01 10:07:47 AM,485.3,0,0.0,30654067.80000002
2025-08-01 10:07:47 AM,485.3,48,23294.4,30677362.200000018
2025-08-01 10:07:49 AM,485.65,48,23311.199999999997,30700673.400000017
2025-08-01 10:07:54 AM,484.95,627,304063.64999999997,31004737.050000016
2025-08-01 10:07:56 AM,484.8,198,95990.40000000001,31100727.450000014
2025-08-01 10:07:57 AM,484.6,0,0.0,31100727.450000014
2025-08-01 10:08:00 AM,484.6,11,5330.6,31106058.050000016
2025-08-01 10:08:02 AM,484.6,12,5815.200000000001,31111873.250000015
2025-08-01 10:08:06 AM,484.25,0,0.0,31111873.250000015
2025-08-01 10:08:06 AM,484.25,72,34866.0,31146739.250000015
2025-08-01 10:08:14 AM,484.5,6,2907.0,31149646.250000015
2025-08-01 10:08:20 AM,484.7,0,0.0,31149646.250000015
2025-08-01 10:08:21 AM,484.7,31,15025.699999999999,31164671.950000014
2025-08-01 10:08:25 AM,484.7,29,14056.3,31178728.250000015
2025-08-01 10:08:27 AM,484.5,1,484.5,31179212.750000015
2025-08-01 10:08:30 AM,484.6,0,0.0,31179212.750000015
2025-08-01 10:08:31 AM,484.6,43,20837.8,31200050.550000016
2025-08-01 10:08:43 AM,484.6,13,6299.8,31206350.350000016
2025-08-01 10:08:49 AM,484.6,25,12115.0,31218465.350000016
2025-08-01 10:08:55 AM,484.6,24,11630.400000000001,31230095.750000015
2025-08-01 10:09:02 AM,484.5,0,0.0,31230095.750000015
2025-08-01 10:09:02 AM,484.5,3,1453.5,31231549.250000015
2025-08-01 10:10:12 AM,484.5,73,35368.5,31266917.750000015
2025-08-01 10:10:18 AM,484.15,0,0.0,31266917.750000015
2025-08-01 10:10:18 AM,484.15,153,74074.95,31340992.700000014
2025-08-01 10:10:22 AM,483.55,0,0.0,31340992.700000014
2025-08-01 10:10:22 AM,483.55,42,20309.100000000002,31361301.800000016
2025-08-01 10:10:26 AM,483.8,0,0.0,31361301.800000016
2025-08-01 10:10:28 AM,483.8,24,11611.2,31372913.000000015
2025-08-01 10:10:34 AM,483.8,14,6773.2,31379686.200000014
2025-08-01 10:11:23 AM,483.65,0,0.0,31379686.200000014
2025-08-01 10:11:23 AM,483.65,5,2418.25,31382104.450000014
2025-08-01 10:11:26 AM,483.8,0,0.0,31382104.450000014
2025-08-01 10:11:27 AM,483.8,48,23222.4,31405326.850000013
2025-08-01 10:11:33 AM,483.8,20,9676.0,31415002.850000013
2025-08-01 10:11:38 AM,483.9,0,0.0,31415002.850000013
2025-08-01 10:11:38 AM,483.9,151,73068.9,31488071.75000001
2025-08-01 10:11:41 AM,484.5,0,0.0,31488071.75000001
2025-08-01 10:11:44 AM,484.35,0,0.0,31488071.75000001
2025-08-01 10:11:44 AM,484.35,44,21311.4,31509383.15000001
2025-08-01 10:12:02 AM,484.35,30,14530.5,31523913.65000001
2025-08-01 10:12:23 AM,484.65,0,0.0,31523913.65000001
2025-08-01 10:12:26 AM,484.45,0,0.0,31523913.65000001
2025-08-01 10:12:26 AM,484.45,6,2906.7,31526820.35000001
2025-08-01 10:12:31 AM,484.85,100,48485.0,31575305.35000001
2025-08-01 10:12:35 AM,484.75,0,0.0,31575305.35000001
2025-08-01 10:12:37 AM,484.75,27,13088.25,31588393.60000001
2025-08-01 10:13:12 AM,484.55,51,24712.05,31613105.65000001
2025-08-01 10:13:18 AM,484.45,1,484.45,31613590.10000001
2025-08-01 10:13:36 AM,483.85,289,139832.65,31753422.750000007
2025-08-01 10:13:42 AM,483.85,50,24192.5,31777615.250000007
2025-08-01 10:13:47 AM,483.6,0,0.0,31777615.250000007
2025-08-01 10:13:47 AM,483.6,10,4836.0,31782451.250000007
2025-08-01 10:13:54 AM,483.9,100,48390.0,31830841.250000007
2025-08-01 10:14:11 AM,483.65,2,967.3,31831808.55000001
2025-08-01 10:14:17 AM,483.85,10,4838.5,31836647.05000001
2025-08-01 10:14:28 AM,483.85,32,15483.2,31852130.250000007
2025-08-01 10:14:51 AM,483.85,26,12580.1,31864710.35000001
2025-08-01 10:14:55 AM,484.4,0,0.0,31864710.35000001
2025-08-01 10:14:57 AM,484.4,11,5328.4,31870038.750000007
2025-08-01 10:15:08 AM,483.95,289,139861.55,32009900.30000001
2025-08-01 10:15:11 AM,484.5,0,0.0,32009900.30000001
2025-08-01 10:15:14 AM,484.5,20,9690.0,32019590.30000001
2025-08-01 10:15:20 AM,484.5,76,36822.0,32056412.30000001
2025-08-01 10:15:27 AM,484.5,28,13566.0,32069978.30000001
2025-08-01 10:16:08 AM,484.5,3,1453.5,32071431.80000001
2025-08-01 10:16:38 AM,484.4,7,3390.7999999999997,32074822.60000001
2025-08-01 10:16:43 AM,484.4,17,8234.8,32083057.40000001
2025-08-01 10:16:48 AM,484.4,1,484.4,32083541.80000001
2025-08-01 10:17:05 AM,484.4,17,8234.8,32091776.60000001
2025-08-01 10:17:11 AM,484.4,6,2906.3999999999996,32094683.000000007
2025-08-01 10:17:16 AM,484.45,0,0.0,32094683.000000007
2025-08-01 10:17:16 AM,484.45,12,5813.4,32100496.400000006
2025-08-01 10:17:23 AM,484.4,0,0.0,32100496.400000006
2025-08-01 10:17:28 AM,484.4,1,484.4,32100980.800000004
2025-08-01 10:17:34 AM,484.4,15,7266.0,32108246.800000004
2025-08-01 10:17:40 AM,484.4,20,9688.0,32117934.800000004
2025-08-01 10:18:32 AM,484.4,17,8234.8,32126169.600000005
2025-08-01 10:18:46 AM,483.85,0,0.0,32126169.600000005
2025-08-01 10:18:49 AM,483.85,8,3870.8,32130040.400000006
2025-08-01 10:18:54 AM,483.4,0,0.0,32130040.400000006
2025-08-01 10:18:55 AM,483.4,1,483.4,32130523.800000004
2025-08-01 10:19:21 AM,484.0,0,0.0,32130523.800000004
2025-08-01 10:19:24 AM,483.75,0,0.0,32130523.800000004
2025-08-01 10:19:24 AM,483.75,483,233651.25,32364175.050000004
2025-08-01 10:19:25 AM,483.75,1,483.75,32364658.800000004
2025-08-01 10:19:27 AM,484.0,0,0.0,32364658.800000004
2025-08-01 10:19:27 AM,483.8,0,0.0,32364658.800000004
2025-08-01 10:19:30 AM,483.8,151,73053.8,32437712.600000005
2025-08-01 10:19:33 AM,484.0,0,0.0,32437712.600000005
2025-08-01 10:19:35 AM,484.0,104,50336.0,32488048.600000005
2025-08-01 10:19:39 AM,483.95,0,0.0,32488048.600000005
2025-08-01 10:19:41 AM,483.95,21,10162.949999999999,32498211.550000004
2025-08-01 10:19:58 AM,483.95,31,15002.449999999999,32513214.000000004
2025-08-01 10:20:06 AM,484.0,0,0.0,32513214.000000004
2025-08-01 10:20:08 AM,483.95,75,36296.25,32549510.250000004
2025-08-01 10:20:12 AM,484.0,0,0.0,32549510.250000004
2025-08-01 10:20:14 AM,484.0,43,20812.0,32570322.250000004
2025-08-01 10:20:28 AM,484.0,100,48400.0,32618722.250000004
2025-08-01 10:20:32 AM,484.0,22,10648.0,32629370.250000004
2025-08-01 10:20:50 AM,484.0,11,5324.0,32634694.250000004
2025-08-01 10:22:34 AM,484.0,29,14036.0,32648730.250000004
2025-08-01 10:22:38 AM,484.0,24,11616.0,32660346.250000004
2025-08-01 10:22:41 AM,483.95,0,0.0,32660346.250000004
2025-08-01 10:22:43 AM,483.95,12,5807.4,32666153.650000002
2025-08-01 10:22:51 AM,483.95,94,45491.299999999996,32711644.950000003
2025-08-01 10:22:54 AM,483.95,46,22261.7,32733906.650000002
2025-08-01 10:22:59 AM,483.85,0,0.0,32733906.650000002
2025-08-01 10:22:59 AM,483.85,3,1451.5500000000002,32735358.200000003
2025-08-01 10:23:04 AM,483.85,5,2419.25,32737777.450000003
2025-08-01 10:23:10 AM,483.85,1,483.85,32738261.300000004
2025-08-01 10:23:13 AM,483.85,12,5806.200000000001,32744067.500000004
2025-08-01 10:23:16 AM,483.85,1,483.85,32744551.350000005
2025-08-01 10:23:53 AM,483.85,105,50804.25,32795355.600000005
2025-08-01 10:24:12 AM,483.65,0,0.0,32795355.600000005
2025-08-01 10:24:12 AM,483.65,18,8705.699999999999,32804061.300000004
2025-08-01 10:24:19 AM,483.35,0,0.0,32804061.300000004
2025-08-01 10:24:21 AM,483.35,1,483.35,32804544.650000006
2025-08-01 10:24:25 AM,483.6,0,0.0,32804544.650000006
2025-08-01 10:24:26 AM,483.6,10,4836.0,32809380.650000006
2025-08-01 10:24:48 AM,483.75,0,0.0,32809380.650000006
2025-08-01 10:24:48 AM,483.75,65,31443.75,32840824.400000006
2025-08-01 10:24:50 AM,484.0,0,0.0,32840824.400000006
2025-08-01 10:24:50 AM,484.0,16,7744.0,32848568.400000006
2025-08-01 10:25:56 AM,484.0,474,229416.0,33077984.400000006
2025-08-01 10:25:58 AM,484.0,135,65340.0,33143324.400000006
2025-08-01 10:26:03 AM,484.0,12,5808.0,33149132.400000006
2025-08-01 10:26:05 AM,484.2,0,0.0,33149132.400000006
2025-08-01 10:26:07 AM,484.3,718,347727.4,33496859.800000004
2025-08-01 10:26:08 AM,485.0,0,0.0,33496859.800000004
2025-08-01 10:26:09 AM,485.4,0,0.0,33496859.800000004
2025-08-01 10:26:09 AM,485.4,182,88342.8,33585202.6
2025-08-01 10:26:12 AM,485.4,73,35434.2,33620636.800000004
2025-08-01 10:26:15 AM,485.2,27,13100.4,33633737.2
2025-08-01 10:26:18 AM,485.15,0,0.0,33633737.2
2025-08-01 10:26:18 AM,485.15,26,12613.9,33646351.1
2025-08-01 10:26:24 AM,484.6,0,0.0,33646351.1
2025-08-01 10:26:24 AM,484.6,92,44583.200000000004,33690934.300000004
2025-08-01 10:26:26 AM,484.6,10,4846.0,33695780.300000004
2025-08-01 10:26:29 AM,484.85,0,0.0,33695780.300000004
2025-08-01 10:26:30 AM,484.85,23,11151.550000000001,33706931.85
2025-08-01 10:26:32 AM,484.6,0,0.0,33706931.85
2025-08-01 10:26:32 AM,484.6,9,4361.400000000001,33711293.25
2025-08-01 10:26:35 AM,484.6,115,55729.0,33767022.25
2025-08-01 10:26:38 AM,484.7,0,0.0,33767022.25
2025-08-01 10:26:38 AM,484.7,25,12117.5,33779139.75
2025-08-01 10:26:47 AM,484.7,14,6785.8,33785925.55
2025-08-01 10:26:49 AM,484.45,3,1453.35,33787378.9
2025-08-01 10:26:50 AM,484.7,0,0.0,33787378.9
2025-08-01 10:26:52 AM,484.7,19,9209.3,33796588.199999996
2025-08-01 10:26:55 AM,484.7,8,3877.6,33800465.8
2025-08-01 10:27:32 AM,484.45,10,4844.5,33805310.3
2025-08-01 10:28:04 AM,484.45,5,2422.25,33807732.55
2025-08-01 10:29:00 AM,484.45,2,968.9,33808701.449999996
2025-08-01 10:29:02 AM,484.45,60,29067.0,33837768.449999996
2025-08-01 10:29:12 AM,484.15,0,0.0,33837768.449999996
2025-08-01 10:29:13 AM,484.15,2,968.3,33838736.74999999
2025-08-01 10:29:41 AM,484.0,32,15488.0,33854224.74999999
2025-08-01 10:29:46 AM,483.45,0,0.0,33854224.74999999
2025-08-01 10:29:46 AM,483.45,158,76385.09999999999,33930609.849999994
2025-08-01 10:29:50 AM,483.8,0,0.0,33930609.849999994
2025-08-01 10:29:52 AM,483.8,2,967.6,33931577.449999996
2025-08-01 10:30:32 AM,483.55,1,483.55,33932060.99999999
2025-08-01 10:30:34 AM,483.4,0,0.0,33932060.99999999
2025-08-01 10:30:35 AM,483.4,1,483.4,33932544.39999999
2025-08-01 10:30:43 AM,483.7,0,0.0,33932544.39999999
2025-08-01 10:30:44 AM,483.7,358,173164.6,34105708.99999999
2025-08-01 10:30:46 AM,483.8,0,0.0,34105708.99999999
2025-08-01 10:30:46 AM,483.85,3,1451.5500000000002,34107160.54999999
2025-08-01 10:30:49 AM,484.4,66,31970.399999999998,34139130.94999999
2025-08-01 10:30:52 AM,484.7,2,969.4,34140100.34999999
2025-08-01 10:30:54 AM,485.0,0,0.0,34140100.34999999
2025-08-01 10:30:55 AM,484.85,30,14545.5,34154645.84999999
2025-08-01 10:31:01 AM,484.65,1,484.65,34155130.499999985
2025-08-01 10:31:13 AM,485.0,0,0.0,34155130.499999985
2025-08-01 10:31:13 AM,485.0,18,8730.0,34163860.499999985
2025-08-01 10:31:15 AM,485.4,0,0.0,34163860.499999985
2025-08-01 10:31:15 AM,485.4,20,9708.0,34173568.499999985
2025-08-01 10:31:23 AM,485.05,0,0.0,34173568.499999985
2025-08-01 10:31:24 AM,485.05,33,16006.65,34189575.14999998
2025-08-01 10:31:26 AM,484.8,52,25209.600000000002,34214784.749999985
2025-08-01 10:31:29 AM,484.9,0,0.0,34214784.749999985
2025-08-01 10:31:29 AM,484.9,3,1454.6999999999998,34216239.44999999
2025-08-01 10:31:33 AM,485.2,0,0.0,34216239.44999999
2025-08-01 10:31:35 AM,485.2,1,485.2,34216724.64999999
2025-08-01 10:31:45 AM,484.85,0,0.0,34216724.64999999
2025-08-01 10:31:45 AM,484.85,2,969.7,34217694.349999994
2025-08-01 10:32:18 AM,485.1,24,11642.400000000001,34229336.74999999
2025-08-01 10:32:25 AM,484.85,1,484.85,34229821.599999994
2025-08-01 10:32:37 AM,484.85,7,3393.9500000000003,34233215.55
2025-08-01 10:32:58 AM,485.4,70,33978.0,34267193.55
2025-08-01 10:33:03 AM,485.9,45,21865.5,34289059.05
2025-08-01 10:33:46 AM,485.75,0,0.0,34289059.05
2025-08-01 10:33:48 AM,485.75,5,2428.75,34291487.8
2025-08-01 10:34:44 AM,485.75,81,39345.75,34330833.55
2025-08-01 10:34:46 AM,485.75,12,5829.0,34336662.55
2025-08-01 10:34:48 AM,485.45,0,0.0,34336662.55
2025-08-01 10:34:50 AM,485.45,2,970.9,34337633.449999996
2025-08-01 10:35:47 AM,485.95,0,0.0,34337633.449999996
2025-08-01 10:35:47 AM,485.95,500,242975.0,34580608.449999996
2025-08-01 10:35:49 AM,485.9,52,25266.8,34605875.24999999
2025-08-01 10:35:51 AM,486.0,0,0.0,34605875.24999999
2025-08-01 10:35:52 AM,486.0,63,30618.0,34636493.24999999
2025-08-01 10:36:01 AM,485.65,0,0.0,34636493.24999999
2025-08-01 10:36:03 AM,485.65,21,10198.65,34646691.89999999
2025-08-01 10:36:10 AM,485.35,0,0.0,34646691.89999999
2025-08-01 10:36:11 AM,485.35,1,485.35,34647177.24999999
2025-08-01 10:37:34 AM,485.35,59,28635.65,34675812.89999999
2025-08-01 10:37:40 AM,485.0,0,0.0,34675812.89999999
2025-08-01 10:37:40 AM,485.0,1,485.0,34676297.89999999
2025-08-01 10:38:24 AM,485.35,0,0.0,34676297.89999999
2025-08-01 10:38:24 AM,485.35,117,56785.950000000004,34733083.849999994
2025-08-01 10:38:27 AM,485.35,20,9707.0,34742790.849999994
2025-08-01 10:38:30 AM,485.05,0,0.0,34742790.849999994
2025-08-01 10:38:31 AM,485.05,200,97010.0,34839800.849999994
2025-08-01 10:39:11 AM,485.25,0,0.0,34839800.849999994
2025-08-01 10:39:13 AM,485.25,12,5823.0,34845623.849999994
2025-08-01 10:39:33 AM,485.05,0,0.0,34845623.849999994
2025-08-01 10:39:35 AM,485.05,6,2910.3,34848534.14999999
2025-08-01 10:39:57 AM,485.05,25,12126.25,34860660.39999999
2025-08-01 10:40:03 AM,485.45,0,0.0,34860660.39999999
2025-08-01 10:40:03 AM,485.45,612,297095.39999999997,35157755.79999999
2025-08-01 10:40:05 AM,485.35,0,0.0,35157755.79999999
2025-08-01 10:40:06 AM,485.35,1,485.35,35158241.14999999
2025-08-01 10:40:07 AM,485.5,0,0.0,35158241.14999999
2025-08-01 10:40:08 AM,485.8,41,19917.8,35178158.94999999
2025-08-01 10:40:11 AM,485.6,0,0.0,35178158.94999999
2025-08-01 10:40:11 AM,485.6,203,98576.8,35276735.749999985
2025-08-01 10:40:14 AM,485.8,88,42750.4,35319486.14999998
2025-08-01 10:40:27 AM,485.9,0,0.0,35319486.14999998
2025-08-01 10:40:28 AM,485.9,18,8746.199999999999,35328232.34999999
2025-08-01 10:40:29 AM,485.65,0,0.0,35328232.34999999
2025-08-01 10:40:30 AM,485.65,25,12141.25,35340373.59999999
2025-08-01 10:40:56 AM,484.9,160,77584.0,35417957.59999999
2025-08-01 10:41:02 AM,484.95,0,0.0,35417957.59999999
2025-08-01 10:41:03 AM,484.95,4,1939.8,35419897.39999998
2025-08-01 10:41:12 AM,485.15,19,9217.85,35429115.249999985
2025-08-01 10:41:16 AM,484.95,0,0.0,35429115.249999985
2025-08-01 10:41:18 AM,484.95,1,484.95,35429600.19999999
2025-08-01 10:42:32 AM,485.15,250,121287.5,35550887.69999999
2025-08-01 10:42:39 AM,485.6,0,0.0,35550887.69999999
2025-08-01 10:42:41 AM,485.95,0,0.0,35550887.69999999
2025-08-01 10:42:41 AM,485.95,97,47137.15,35598024.84999999
2025-08-01 10:42:44 AM,485.55,69,33502.950000000004,35631527.79999999
2025-08-01 10:42:56 AM,485.6,0,0.0,35631527.79999999
2025-08-01 10:42:58 AM,484.95,0,0.0,35631527.79999999
2025-08-01 10:42:58 AM,484.95,208,100869.59999999999,35732397.39999999
2025-08-01 10:43:05 AM,484.7,0,0.0,35732397.39999999
2025-08-01 10:43:06 AM,484.7,5,2423.5,35734820.89999999
2025-08-01 10:43:09 AM,484.7,12,5816.4,35740637.29999999
2025-08-01 10:43:32 AM,484.9,0,0.0,35740637.29999999
2025-08-01 10:43:33 AM,484.9,2,969.8,35741607.09999999
2025-08-01 10:44:07 AM,484.9,12,5818.799999999999,35747425.89999998
2025-08-01 10:44:20 AM,484.7,0,0.0,35747425.89999998
2025-08-01 10:44:21 AM,484.7,2,969.4,35748395.29999998
2025-08-01 10:44:26 AM,484.7,1,484.7,35748879.999999985
2025-08-01 10:44:30 AM,484.9,0,0.0,35748879.999999985
2025-08-01 10:44:31 AM,484.9,12,5818.799999999999,35754698.79999998
2025-08-01 10:45:52 AM,484.85,0,0.0,35754698.79999998
2025-08-01 10:45:53 AM,484.85,10,4848.5,35759547.29999998
2025-08-01 10:46:03 AM,484.7,69,33444.299999999996,35792991.59999998
2025-08-01 10:46:34 AM,484.05,0,0.0,35792991.59999998
2025-08-01 10:46:36 AM,484.05,147,71155.35,35864146.94999998
2025-08-01 10:46:50 AM,483.85,0,0.0,35864146.94999998
2025-08-01 10:46:52 AM,483.85,4,1935.4,35866082.34999998
2025-08-01 10:46:53 AM,484.05,0,0.0,35866082.34999998
2025-08-01 10:46:53 AM,484.05,12,5808.6,35871890.94999998
2025-08-01 10:47:24 AM,483.85,0,0.0,35871890.94999998
2025-08-01 10:47:24 AM,483.85,1,483.85,35872374.79999998
2025-08-01 10:47:37 AM,483.85,4,1935.4,35874310.19999998
2025-08-01 10:47:43 AM,483.85,2,967.7,35875277.89999998
2025-08-01 10:47:51 AM,483.85,150,72577.5,35947855.39999998
2025-08-01 10:47:59 AM,483.85,5,2419.25,35950274.64999998
2025-08-01 10:48:02 AM,483.85,33,15967.050000000001,35966241.69999998
2025-08-01 10:48:10 AM,483.85,1,483.85,35966725.54999998
2025-08-01 10:48:32 AM,484.0,0,0.0,35966725.54999998
2025-08-01 10:48:34 AM,484.0,67,32428.0,35999153.54999998
2025-08-01 10:49:20 AM,484.15,5,2420.75,36001574.29999998
2025-08-01 10:49:51 AM,484.15,15,7262.25,36008836.54999998
2025-08-01 10:50:25 AM,484.15,1,484.15,36009320.69999998
2025-08-01 10:50:51 AM,484.3,0,0.0,36009320.69999998
2025-08-01 10:50:52 AM,484.3,5,2421.5,36011742.19999998
2025-08-01 10:51:03 AM,484.15,7,3389.0499999999997,36015131.24999998
2025-08-01 10:51:09 AM,484.65,401,194344.65,36209475.899999976
2025-08-01 10:51:12 AM,484.95,0,0.0,36209475.899999976
2025-08-01 10:51:15 AM,484.95,128,62073.6,36271549.49999998
2025-08-01 10:51:20 AM,484.6,0,0.0,36271549.49999998
2025-08-01 10:51:20 AM,484.6,51,24714.600000000002,36296264.09999998
2025-08-01 10:51:22 AM,485.05,0,0.0,36296264.09999998
2025-08-01 10:51:25 AM,485.05,400,194020.0,36490284.09999998
2025-08-01 10:51:28 AM,485.0,0,0.0,36490284.09999998
2025-08-01 10:51:30 AM,485.4,0,0.0,36490284.09999998
2025-08-01 10:51:30 AM,485.15,0,0.0,36490284.09999998
2025-08-01 10:51:31 AM,485.15,192,93148.79999999999,36583432.899999976
2025-08-01 10:51:38 AM,484.75,0,0.0,36583432.899999976
2025-08-01 10:51:42 AM,484.95,28,13578.6,36597011.49999998
2025-08-01 10:52:25 AM,485.35,507,246072.45,36843083.94999998
2025-08-01 10:52:28 AM,485.6,0,0.0,36843083.94999998
2025-08-01 10:52:30 AM,484.25,2177,1054212.25,37897296.19999998
2025-08-01 10:52:34 AM,485.4,0,0.0,37897296.19999998
2025-08-01 10:52:36 AM,485.1,495,240124.5,38137420.69999998
2025-08-01 10:52:38 AM,484.75,0,0.0,38137420.69999998
2025-08-01 10:52:41 AM,484.75,86,41688.5,38179109.19999998
2025-08-01 10:52:46 AM,484.75,52,25207.0,38204316.19999998
2025-08-01 10:53:07 AM,484.75,95,46051.25,38250367.44999998
2025-08-01 10:53:12 AM,484.5,0,0.0,38250367.44999998
2025-08-01 10:53:13 AM,484.5,36,17442.0,38267809.44999998
2025-08-01 10:53:16 AM,484.75,0,0.0,38267809.44999998
2025-08-01 10:53:18 AM,484.75,60,29085.0,38296894.44999998
2025-08-01 10:53:22 AM,485.15,0,0.0,38296894.44999998
2025-08-01 10:53:23 AM,484.9,556,269604.39999999997,38566498.84999998
2025-08-01 10:53:28 AM,485.5,0,0.0,38566498.84999998
2025-08-01 10:53:29 AM,485.65,64,31081.6,38597580.44999998
2025-08-01 10:53:32 AM,485.25,0,0.0,38597580.44999998
2025-08-01 10:53:34 AM,485.25,118,57259.5,38654839.94999998
2025-08-01 10:53:39 AM,485.25,1,485.25,38655325.19999998
2025-08-01 10:53:45 AM,485.25,2,970.5,38656295.69999998
2025-08-01 10:54:14 AM,485.35,0,0.0,38656295.69999998
2025-08-01 10:54:17 AM,485.35,26,12619.1,38668914.79999998
2025-08-01 10:55:08 AM,485.15,0,0.0,38668914.79999998
2025-08-01 10:55:10 AM,485.15,122,59188.299999999996,38728103.09999998
2025-08-01 10:55:22 AM,485.2,0,0.0,38728103.09999998
2025-08-01 10:55:26 AM,485.2,12,5822.4,38733925.49999998
2025-08-01 10:55:27 AM,485.2,12,5822.4,38739747.899999976
2025-08-01 10:55:30 AM,484.9,0,0.0,38739747.899999976
2025-08-01 10:55:32 AM,484.9,20,9698.0,38749445.899999976
2025-08-01 10:55:46 AM,485.0,0,0.0,38749445.899999976
2025-08-01 10:55:48 AM,485.0,20,9700.0,38759145.899999976
2025-08-01 10:56:57 AM,484.75,2,969.5,38760115.399999976
2025-08-01 10:57:39 AM,484.75,3,1454.25,38761569.649999976
2025-08-01 10:57:58 AM,484.6,0,0.0,38761569.649999976
2025-08-01 10:58:00 AM,484.6,25,12115.0,38773684.649999976
2025-08-01 10:58:28 AM,484.45,0,0.0,38773684.649999976
2025-08-01 10:58:32 AM,484.2,26,12589.199999999999,38786273.84999998
2025-08-01 10:59:35 AM,484.1,4,1936.4,38788210.24999998
2025-08-01 11:00:02 AM,484.1,2,968.2,38789178.44999998
2025-08-01 11:00:06 AM,484.0,0,0.0,38789178.44999998
2025-08-01 11:00:09 AM,484.0,6,2904.0,38792082.44999998
2025-08-01 11:00:13 AM,484.95,0,0.0,38792082.44999998
2025-08-01 11:00:14 AM,484.95,57,27642.149999999998,38819724.59999998
2025-08-01 11:00:35 AM,485.1,0,0.0,38819724.59999998
2025-08-01 11:00:36 AM,485.1,4,1940.4,38821664.99999998
2025-08-01 11:01:11 AM,485.15,0,0.0,38821664.99999998
2025-08-01 11:01:13 AM,485.15,3,1455.4499999999998,38823120.44999998
2025-08-01 11:01:37 AM,485.1,0,0.0,38823120.44999998
2025-08-01 11:01:39 AM,485.1,1,485.1,38823605.54999998
2025-08-01 11:02:03 AM,485.2,0,0.0,38823605.54999998
2025-08-01 11:02:05 AM,485.2,3,1455.6,38825061.14999998
2025-08-01 11:03:37 AM,485.05,0,0.0,38825061.14999998
2025-08-01 11:03:37 AM,485.05,1,485.05,38825546.19999998
2025-08-01 11:04:17 AM,485.15,8,3881.2,38829427.39999998
2025-08-01 11:05:58 AM,485.15,1,485.15,38829912.54999998
2025-08-01 11:06:15 AM,485.15,5,2425.75,38832338.29999998
2025-08-01 11:06:20 AM,485.1,0,0.0,38832338.29999998
2025-08-01 11:06:20 AM,485.1,31,15038.1,38847376.39999998
2025-08-01 11:07:03 AM,485.1,5,2425.5,38849801.89999998
2025-08-01 11:07:51 AM,485.0,0,0.0,38849801.89999998
2025-08-01 11:07:52 AM,485.0,108,52380.0,38902181.89999998
2025-08-01 11:09:00 AM,484.55,0,0.0,38902181.89999998
2025-08-01 11:09:02 AM,484.55,60,29073.0,38931254.89999998
2025-08-01 11:09:08 AM,484.55,13,6299.150000000001,38937554.04999998
2025-08-01 11:09:30 AM,483.85,174,84189.90000000001,39021743.94999998
2025-08-01 11:09:58 AM,483.95,0,0.0,39021743.94999998
2025-08-01 11:10:00 AM,483.95,25,12098.75,39033842.69999998
2025-08-01 11:10:44 AM,483.85,0,0.0,39033842.69999998
2025-08-01 11:10:48 AM,483.85,6,2903.1000000000004,39036745.79999998
2025-08-01 11:10:58 AM,483.75,0,0.0,39036745.79999998
2025-08-01 11:10:59 AM,483.75,50,24187.5,39060933.29999998
2025-08-01 11:11:02 AM,483.25,0,0.0,39060933.29999998
2025-08-01 11:11:05 AM,483.25,11,5315.75,39066249.04999998
2025-08-01 11:11:16 AM,483.95,0,0.0,39066249.04999998
2025-08-01 11:11:16 AM,483.95,142,68720.9,39134969.94999998
2025-08-01 11:11:27 AM,483.95,22,10646.9,39145616.84999998
2025-08-01 11:11:39 AM,484.35,331,160319.85,39305936.69999998
2025-08-01 11:11:40 AM,484.65,0,0.0,39305936.69999998
2025-08-01 11:11:43 AM,484.65,37,17932.05,39323868.74999998
2025-08-01 11:11:54 AM,484.45,55,26644.75,39350513.49999998
2025-08-01 11:11:56 AM,484.75,0,0.0,39350513.49999998
2025-08-01 11:11:59 AM,484.75,60,29085.0,39379598.49999998
2025-08-01 11:12:42 AM,484.5,10,4845.0,39384443.49999998
2025-08-01 11:12:52 AM,484.6,0,0.0,39384443.49999998
2025-08-01 11:12:52 AM,484.6,11,5330.6,39389774.09999998
2025-08-01 11:12:56 AM,484.15,0,0.0,39389774.09999998
2025-08-01 11:12:57 AM,484.15,61,29533.149999999998,39419307.24999998
2025-08-01 11:12:58 AM,484.45,25,12111.25,39431418.49999998
2025-08-01 11:13:02 AM,484.2,0,0.0,39431418.49999998
2025-08-01 11:13:02 AM,484.2,11,5326.2,39436744.69999998
2025-08-01 11:13:13 AM,484.2,5,2421.0,39439165.69999998
2025-08-01 11:13:22 AM,484.45,0,0.0,39439165.69999998
2025-08-01 11:13:24 AM,484.45,12,5813.4,39444979.09999998
2025-08-01 11:14:13 AM,485.0,0,0.0,39444979.09999998
2025-08-01 11:14:13 AM,485.0,700,339500.0,39784479.09999998
2025-08-01 11:14:17 AM,484.5,0,0.0,39784479.09999998
2025-08-01 11:14:19 AM,484.5,154,74613.0,39859092.09999998
2025-08-01 11:14:23 AM,484.25,0,0.0,39859092.09999998
2025-08-01 11:14:24 AM,484.25,59,28570.75,39887662.84999998
2025-08-01 11:14:27 AM,483.7,0,0.0,39887662.84999998
2025-08-01 11:14:29 AM,484.0,0,0.0,39887662.84999998
2025-08-01 11:14:29 AM,484.0,65,31460.0,39919122.84999998
2025-08-01 11:15:44 AM,484.0,64,30976.0,39950098.84999998
2025-08-01 11:15:59 AM,483.75,0,0.0,39950098.84999998
2025-08-01 11:15:59 AM,483.75,55,26606.25,39976705.09999998
2025-08-01 11:16:04 AM,483.9,18,8710.199999999999,39985415.29999998
2025-08-01 11:16:09 AM,483.6,0,0.0,39985415.29999998
2025-08-01 11:16:10 AM,483.6,4,1934.4,39987349.69999998
2025-08-01 11:16:21 AM,483.6,600,290160.0,40277509.69999998
2025-08-01 11:16:25 AM,484.0,0,0.0,40277509.69999998
2025-08-01 11:16:25 AM,484.7,0,0.0,40277509.69999998
2025-08-01 11:16:26 AM,484.5,839,406495.5,40684005.19999998
2025-08-01 11:16:31 AM,484.8,0,0.0,40684005.19999998
2025-08-01 11:16:31 AM,484.8,216,104716.8,40788721.99999998
2025-08-01 11:16:33 AM,484.15,0,0.0,40788721.99999998
2025-08-01 11:16:35 AM,484.4,0,0.0,40788721.99999998
2025-08-01 11:16:36 AM,484.05,731,353840.55,41142562.549999975
2025-08-01 11:16:39 AM,484.1,0,0.0,41142562.549999975
2025-08-01 11:16:41 AM,484.4,0,0.0,41142562.549999975
2025-08-01 11:16:41 AM,484.1,0,0.0,41142562.549999975
2025-08-01 11:16:41 AM,484.1,152,73583.2,41216145.74999998
2025-08-01 11:16:54 AM,484.1,51,24689.100000000002,41240834.84999998
2025-08-01 11:17:03 AM,483.9,9,4355.099999999999,41245189.94999998
2025-08-01 11:17:07 AM,484.05,0,0.0,41245189.94999998
2025-08-01 11:17:08 AM,484.05,47,22750.350000000002,41267940.29999998
2025-08-01 11:17:13 AM,484.05,41,19846.05,41287786.34999998
2025-08-01 11:17:20 AM,484.05,71,34367.55,41322153.899999976
2025-08-01 11:17:23 AM,483.9,0,0.0,41322153.899999976
2025-08-01 11:17:24 AM,483.9,8,3871.2,41326025.09999998
2025-08-01 11:17:27 AM,484.0,0,0.0,41326025.09999998
2025-08-01 11:17:29 AM,483.9,0,0.0,41326025.09999998
2025-08-01 11:17:29 AM,483.9,49,23711.1,41349736.19999998
2025-08-01 11:17:51 AM,483.9,3,1451.6999999999998,41351187.89999998
2025-08-01 11:18:07 AM,484.0,16,7744.0,41358931.89999998
2025-08-01 11:18:12 AM,484.0,11,5324.0,41364255.89999998
2025-08-01 11:18:27 AM,483.9,0,0.0,41364255.89999998
2025-08-01 11:18:29 AM,483.9,83,40163.7,41404419.59999999
2025-08-01 11:18:33 AM,483.8,0,0.0,41404419.59999999
2025-08-01 11:18:34 AM,483.8,11,5321.8,41409741.39999998
2025-08-01 11:18:37 AM,483.5,0,0.0,41409741.39999998
2025-08-01 11:18:40 AM,483.5,2,967.0,41410708.39999998
2025-08-01 11:18:52 AM,483.5,3,1450.5,41412158.89999998
2025-08-01 11:19:01 AM,483.0,0,0.0,41412158.89999998
2025-08-01 11:19:03 AM,483.0,75,36225.0,41448383.89999998
2025-08-01 11:19:04 AM,483.25,0,0.0,41448383.89999998
2025-08-01 11:19:05 AM,483.0,0,0.0,41448383.89999998
2025-08-01 11:19:08 AM,483.25,0,0.0,41448383.89999998
2025-08-01 11:19:09 AM,483.25,16,7732.0,41456115.89999998
2025-08-01 11:19:15 AM,483.25,45,21746.25,41477862.14999998
2025-08-01 11:19:18 AM,483.0,0,0.0,41477862.14999998
2025-08-01 11:19:20 AM,483.0,1,483.0,41478345.14999998
2025-08-01 11:20:28 AM,483.2,0,0.0,41478345.14999998
2025-08-01 11:20:30 AM,483.2,371,179267.19999999998,41657612.34999999
2025-08-01 11:20:31 AM,483.5,0,0.0,41657612.34999999
2025-08-01 11:20:33 AM,483.2,0,0.0,41657612.34999999
2025-08-01 11:20:35 AM,483.2,106,51219.2,41708831.54999999
2025-08-01 11:20:37 AM,483.5,0,0.0,41708831.54999999
2025-08-01 11:20:38 AM,483.6,0,0.0,41708831.54999999
2025-08-01 11:20:40 AM,483.6,34,16442.4,41725273.94999999
2025-08-01 11:20:42 AM,483.85,0,0.0,41725273.94999999
2025-08-01 11:20:45 AM,483.85,12,5806.200000000001,41731080.14999999
2025-08-01 11:21:00 AM,484.0,0,0.0,41731080.14999999
2025-08-01 11:21:01 AM,484.0,50,24200.0,41755280.14999999
2025-08-01 11:21:38 AM,484.0,19,9196.0,41764476.14999999
2025-08-01 11:22:12 AM,483.8,0,0.0,41764476.14999999
2025-08-01 11:22:13 AM,484.0,0,0.0,41764476.14999999
2025-08-01 11:22:14 AM,484.0,348,168432.0,41932908.14999999
2025-08-01 11:22:19 AM,484.15,0,0.0,41932908.14999999
2025-08-01 11:22:19 AM,484.15,12,5809.799999999999,41938717.94999999
2025-08-01 11:22:26 AM,484.05,0,0.0,41938717.94999999
2025-08-01 11:22:30 AM,484.05,134,64862.700000000004,42003580.64999999
2025-08-01 11:22:32 AM,484.5,0,0.0,42003580.64999999
2025-08-01 11:22:33 AM,484.4,0,0.0,42003580.64999999
2025-08-01 11:22:36 AM,484.4,98,47471.2,42051051.849999994
2025-08-01 11:22:38 AM,484.75,0,0.0,42051051.849999994
2025-08-01 11:22:41 AM,484.75,20,9695.0,42060746.849999994
2025-08-01 11:22:56 AM,484.75,1375,666531.25,42727278.099999994
2025-08-01 11:22:58 AM,484.9,0,0.0,42727278.099999994
2025-08-01 11:23:00 AM,484.85,0,0.0,42727278.099999994
2025-08-01 11:23:01 AM,484.85,227,110060.95000000001,42837339.05
2025-08-01 11:23:05 AM,484.5,0,0.0,42837339.05
2025-08-01 11:23:07 AM,484.8,27,13089.6,42850428.65
2025-08-01 11:23:07 AM,485.1,0,0.0,42850428.65
2025-08-01 11:23:07 AM,484.65,2,969.3,42851397.949999996
2025-08-01 11:23:13 AM,484.35,0,0.0,42851397.949999996
2025-08-01 11:23:15 AM,484.6,0,0.0,42851397.949999996
2025-08-01 11:23:18 AM,484.6,79,38283.4,42889681.349999994
2025-08-01 11:23:23 AM,484.8,36,17452.8,42907134.14999999
2025-08-01 11:23:24 AM,484.5,0,0.0,42907134.14999999
2025-08-01 11:23:28 AM,484.5,29,14050.5,42921184.64999999
2025-08-01 11:23:31 AM,484.35,0,0.0,42921184.64999999
2025-08-01 11:23:33 AM,484.35,22,10655.7,42931840.349999994
2025-08-01 11:23:38 AM,484.1,0,0.0,42931840.349999994
2025-08-01 11:23:39 AM,484.1,33,15975.300000000001,42947815.64999999
2025-08-01 11:24:24 AM,484.1,11,5325.1,42953140.74999999
2025-08-01 11:24:30 AM,484.1,34,16459.4,42969600.14999999
2025-08-01 11:24:36 AM,483.95,0,0.0,42969600.14999999
2025-08-01 11:24:40 AM,483.95,1,483.95,42970084.099999994
2025-08-01 11:24:48 AM,484.5,0,0.0,42970084.099999994
2025-08-01 11:24:51 AM,484.5,326,157947.0,43128031.099999994
2025-08-01 11:24:52 AM,484.9,0,0.0,43128031.099999994
2025-08-01 11:24:54 AM,484.65,0,0.0,43128031.099999994
2025-08-01 11:24:55 AM,485.4,0,0.0,43128031.099999994
2025-08-01 11:24:56 AM,485.15,0,0.0,43128031.099999994
2025-08-01 11:24:56 AM,485.15,193,93633.95,43221665.05
2025-08-01 11:25:11 AM,484.65,0,0.0,43221665.05
2025-08-01 11:25:12 AM,484.65,43,20839.95,43242505.0
2025-08-01 11:25:48 AM,484.65,2,969.3,43243474.3
2025-08-01 11:25:53 AM,484.65,10,4846.5,43248320.8
2025-08-01 11:26:45 AM,484.85,2,969.7,43249290.5
2025-08-01 11:26:55 AM,484.85,7,3393.9500000000003,43252684.45
2025-08-01 11:26:57 AM,484.45,0,0.0,43252684.45
2025-08-01 11:27:00 AM,484.45,37,17924.649999999998,43270609.1
2025-08-01 11:27:03 AM,484.85,0,0.0,43270609.1
2025-08-01 11:27:04 AM,484.85,593,287516.05,43558125.15
2025-08-01 11:27:09 AM,485.15,0,0.0,43558125.15
2025-08-01 11:27:09 AM,485.2,194,94128.8,43652253.949999996
2025-08-01 11:27:22 AM,485.05,96,46564.8,43698818.74999999
2025-08-01 11:27:24 AM,484.6,0,0.0,43698818.74999999
2025-08-01 11:27:25 AM,484.6,11,5330.6,43704149.349999994
2025-08-01 11:27:28 AM,484.85,0,0.0,43704149.349999994
2025-08-01 11:27:30 AM,484.85,17,8242.45,43712391.8
2025-08-01 11:27:56 AM,484.85,1,484.85,43712876.65
2025-08-01 11:29:14 AM,484.05,0,0.0,43712876.65
2025-08-01 11:29:16 AM,484.05,1000,484050.0,44196926.65
2025-08-01 11:29:17 AM,484.5,0,0.0,44196926.65
2025-08-01 11:29:18 AM,484.35,0,0.0,44196926.65
2025-08-01 11:29:19 AM,484.35,283,137071.05000000002,44333997.699999996
2025-08-01 11:29:34 AM,484.35,27,13077.45,44347075.15
2025-08-01 11:29:38 AM,484.45,0,0.0,44347075.15
2025-08-01 11:29:39 AM,483.4,346,167256.4,44514331.55
2025-08-01 11:29:50 AM,483.3,0,0.0,44514331.55
2025-08-01 11:29:50 AM,483.3,18,8699.4,44523030.949999996
2025-08-01 11:29:55 AM,483.3,26,12565.800000000001,44535596.74999999
2025-08-01 11:30:02 AM,483.3,31,14982.300000000001,44550579.04999999
2025-08-01 11:30:06 AM,483.3,29,14015.7,44564594.74999999
2025-08-01 11:30:11 AM,483.3,31,14982.300000000001,44579577.04999999
2025-08-01 11:30:16 AM,483.0,159,76797.0,44656374.04999999
2025-08-01 11:30:28 AM,483.1,5,2415.5,44658789.54999999
2025-08-01 11:30:37 AM,483.05,0,0.0,44658789.54999999
2025-08-01 11:30:39 AM,483.05,1165,562753.25,45221542.79999999
2025-08-01 11:30:39 AM,483.3,0,0.0,45221542.79999999
2025-08-01 11:30:41 AM,482.95,0,0.0,45221542.79999999
2025-08-01 11:30:41 AM,482.95,322,155509.9,45377052.69999999
2025-08-01 11:30:45 AM,482.85,0,0.0,45377052.69999999
2025-08-01 11:30:46 AM,482.55,115,55493.25,45432545.94999999
2025-08-01 11:30:47 AM,482.2,0,0.0,45432545.94999999
2025-08-01 11:30:47 AM,482.75,0,0.0,45432545.94999999
2025-08-01 11:30:48 AM,482.75,304,146756.0,45579301.94999999
2025-08-01 11:30:50 AM,482.55,58,27987.9,45607289.84999999
2025-08-01 11:30:53 AM,481.85,0,0.0,45607289.84999999
2025-08-01 11:30:53 AM,481.85,1772,853838.2000000001,46461128.04999999
2025-08-01 11:30:55 AM,481.3,0,0.0,46461128.04999999
2025-08-01 11:30:55 AM,481.3,474,228136.2,46689264.24999999
2025-08-01 11:30:57 AM,481.4,0,0.0,46689264.24999999
2025-08-01 11:30:59 AM,481.25,17,8181.25,46697445.49999999
2025-08-01 11:30:59 AM,481.2,0,0.0,46697445.49999999
2025-08-01 11:31:00 AM,481.4,0,0.0,46697445.49999999
2025-08-01 11:31:00 AM,481.4,66,31772.399999999998,46729217.89999999
2025-08-01 11:31:01 AM,481.2,0,0.0,46729217.89999999
2025-08-01 11:31:01 AM,481.2,71,34165.2,46763383.099999994
2025-08-01 11:31:04 AM,480.95,3577,1720358.15,48483741.24999999
2025-08-01 11:31:04 AM,480.85,0,0.0,48483741.24999999
2025-08-01 11:31:05 AM,480.85,687,330343.95,48814085.199999996
2025-08-01 11:31:05 AM,481.5,0,0.0,48814085.199999996
2025-08-01 11:31:06 AM,482.15,156,75215.4,48889300.599999994
2025-08-01 11:31:07 AM,481.6,0,0.0,48889300.599999994
2025-08-01 11:31:07 AM,482.0,0,0.0,48889300.599999994
2025-08-01 11:31:07 AM,482.0,58,27956.0,48917256.599999994
2025-08-01 11:31:08 AM,482.25,74,35686.5,48952943.099999994
2025-08-01 11:31:09 AM,482.2,0,0.0,48952943.099999994
2025-08-01 11:31:09 AM,482.55,0,0.0,48952943.099999994
2025-08-01 11:31:09 AM,482.55,117,56458.35,49009401.449999996
2025-08-01 11:31:13 AM,482.6,25,12065.0,49021466.449999996
2025-08-01 11:31:15 AM,482.5,44,21230.0,49042696.449999996
2025-08-01 11:31:26 AM,482.45,0,0.0,49042696.449999996
2025-08-01 11:31:27 AM,482.45,12,5789.4,49048485.849999994
2025-08-01 11:31:31 AM,482.45,107,51622.15,49100107.99999999
2025-08-01 11:31:34 AM,482.3,0,0.0,49100107.99999999
2025-08-01 11:31:34 AM,482.3,16,7716.8,49107824.79999999
2025-08-01 11:31:36 AM,482.6,0,0.0,49107824.79999999
2025-08-01 11:31:36 AM,482.6,625,301625.0,49409449.79999999
2025-08-01 11:31:37 AM,483.05,46,22220.3,49431670.09999999
2025-08-01 11:31:38 AM,483.2,0,0.0,49431670.09999999
2025-08-01 11:31:38 AM,483.2,84,40588.799999999996,49472258.89999998
2025-08-01 11:31:41 AM,483.3,1,483.3,49472742.19999998
2025-08-01 11:31:43 AM,483.7,31,14994.699999999999,49487736.89999998
2025-08-01 11:31:44 AM,483.85,0,0.0,49487736.89999998
2025-08-01 11:31:45 AM,483.85,13,6290.05,49494026.94999998
2025-08-01 11:31:46 AM,483.9,1,483.9,49494510.84999998
2025-08-01 11:31:53 AM,483.65,0,0.0,49494510.84999998
2025-08-01 11:31:53 AM,483.65,20,9673.0,49504183.84999998
2025-08-01 11:31:55 AM,484.0,29,14036.0,49518219.84999998
2025-08-01 11:31:55 AM,483.65,0,0.0,49518219.84999998
2025-08-01 11:31:55 AM,483.65,1,483.65,49518703.49999998
2025-08-01 11:31:56 AM,483.95,0,0.0,49518703.49999998
2025-08-01 11:31:56 AM,483.95,14,6775.3,49525478.799999975
2025-08-01 11:32:11 AM,483.65,1,483.65,49525962.44999997
2025-08-01 11:32:14 AM,483.65,1,483.65,49526446.09999997
2025-08-01 11:32:24 AM,483.95,0,0.0,49526446.09999997
2025-08-01 11:32:25 AM,483.95,18,8711.1,49535157.19999997
2025-08-01 11:32:29 AM,483.85,0,0.0,49535157.19999997
2025-08-01 11:32:30 AM,483.85,54,26127.9,49561285.09999997
2025-08-01 11:32:32 AM,483.5,167,80744.5,49642029.59999997
2025-08-01 11:32:33 AM,482.75,39,18827.25,49660856.84999997
2025-08-01 11:32:34 AM,482.0,89,42898.0,49703754.84999997
2025-08-01 11:32:35 AM,481.6,1,481.6,49704236.44999997
2025-08-01 11:32:36 AM,481.7,0,0.0,49704236.44999997
2025-08-01 11:32:36 AM,481.7,5,2408.5,49706644.94999997
2025-08-01 11:32:37 AM,481.65,0,0.0,49706644.94999997
2025-08-01 11:32:37 AM,481.65,1,481.65,49707126.59999997
2025-08-01 11:32:38 AM,481.45,0,0.0,49707126.59999997
2025-08-01 11:32:38 AM,481.4,5,2407.0,49709533.59999997
2025-08-01 11:32:39 AM,481.7,0,0.0,49709533.59999997
2025-08-01 11:32:39 AM,481.7,51,24566.7,49734100.299999975
2025-08-01 11:32:45 AM,481.5,0,0.0,49734100.299999975
2025-08-01 11:32:45 AM,481.5,3,1444.5,49735544.799999975
2025-08-01 11:32:46 AM,481.35,0,0.0,49735544.799999975
2025-08-01 11:32:46 AM,481.35,4,1925.4,49737470.19999997
2025-08-01 11:32:47 AM,481.25,4,1925.0,49739395.19999997
2025-08-01 11:32:47 AM,481.55,0,0.0,49739395.19999997
2025-08-01 11:32:48 AM,481.55,41,19743.55,49759138.74999997
2025-08-01 11:32:51 AM,481.35,0,0.0,49759138.74999997
2025-08-01 11:32:51 AM,481.35,8,3850.8,49762989.54999997
2025-08-01 11:32:52 AM,481.4,37,17811.8,49780801.349999964
2025-08-01 11:32:53 AM,481.35,0,0.0,49780801.349999964
2025-08-01 11:32:53 AM,481.35,1,481.35,49781282.699999966
2025-08-01 11:32:54 AM,481.35,2,962.7,49782245.39999997
2025-08-01 11:33:07 AM,481.4,0,0.0,49782245.39999997
2025-08-01 11:33:08 AM,481.4,86,41400.4,49823645.79999997
2025-08-01 11:33:10 AM,481.35,0,0.0,49823645.79999997
2025-08-01 11:33:14 AM,481.35,4,1925.4,49825571.199999966
2025-08-01 11:33:19 AM,481.35,2,962.7,49826533.89999997
2025-08-01 11:33:24 AM,481.4,312,150196.8,49976730.699999966
2025-08-01 11:33:29 AM,481.7,0,0.0,49976730.699999966
2025-08-01 11:33:29 AM,481.7,64,30828.8,50007559.49999996
2025-08-01 11:33:31 AM,481.8,0,0.0,50007559.49999996
2025-08-01 11:33:33 AM,481.8,42,20235.600000000002,50027795.099999964
2025-08-01 11:33:34 AM,481.75,7,3372.25,50031167.349999964
2025-08-01 11:33:38 AM,481.75,58,27941.5,50059108.849999964
2025-08-01 11:33:41 AM,481.4,0,0.0,50059108.849999964
2025-08-01 11:33:44 AM,481.4,2,962.8,50060071.64999996
2025-08-01 11:33:51 AM,481.7,0,0.0,50060071.64999996
2025-08-01 11:33:53 AM,481.5,0,0.0,50060071.64999996
2025-08-01 11:33:54 AM,481.5,52,25038.0,50085109.64999996
2025-08-01 11:33:59 AM,481.5,48,23112.0,50108221.64999996
2025-08-01 11:34:00 AM,481.45,2,962.9,50109184.54999996
2025-08-01 11:34:01 AM,481.5,0,0.0,50109184.54999996
2025-08-01 11:34:04 AM,481.45,0,0.0,50109184.54999996
2025-08-01 11:34:04 AM,481.45,7,3370.15,50112554.69999996
2025-08-01 11:34:05 AM,481.4,0,0.0,50112554.69999996
2025-08-01 11:34:09 AM,481.5,3,1444.5,50113999.19999996
2025-08-01 11:34:13 AM,481.4,0,0.0,50113999.19999996
2025-08-01 11:34:14 AM,481.45,0,0.0,50113999.19999996
2025-08-01 11:34:14 AM,481.45,42,20220.899999999998,50134220.09999996
2025-08-01 11:34:16 AM,481.4,0,0.0,50134220.09999996
2025-08-01 11:34:19 AM,481.45,0,0.0,50134220.09999996
2025-08-01 11:34:20 AM,481.45,9,4333.05,50138553.149999954
2025-08-01 11:34:20 AM,481.4,0,0.0,50138553.149999954
2025-08-01 11:34:25 AM,481.4,2,962.8,50139515.94999995
2025-08-01 11:34:29 AM,481.4,1,481.4,50139997.34999995
2025-08-01 11:34:30 AM,481.4,1,481.4,50140478.74999995
2025-08-01 11:34:35 AM,481.4,1,481.4,50140960.14999995
2025-08-01 11:34:38 AM,481.45,0,0.0,50140960.14999995
2025-08-01 11:34:40 AM,481.4,0,0.0,50140960.14999995
2025-08-01 11:34:40 AM,481.4,3,1444.1999999999998,50142404.34999995
2025-08-01 11:34:46 AM,481.4,1,481.4,50142885.74999995
2025-08-01 11:34:51 AM,481.4,1,481.4,50143367.14999995
2025-08-01 11:34:56 AM,481.4,1,481.4,50143848.549999945
2025-08-01 11:34:57 AM,481.45,0,0.0,50143848.549999945
2025-08-01 11:34:59 AM,481.4,0,0.0,50143848.549999945
2025-08-01 11:35:01 AM,481.4,118,56805.2,50200653.74999995
2025-08-01 11:35:03 AM,480.7,0,0.0,50200653.74999995
2025-08-01 11:35:05 AM,480.9,0,0.0,50200653.74999995
2025-08-01 11:35:06 AM,480.9,21,10098.9,50210752.64999995
2025-08-01 11:35:10 AM,480.85,0,0.0,50210752.64999995
2025-08-01 11:35:12 AM,480.85,41,19714.850000000002,50230467.49999995
2025-08-01 11:35:15 AM,480.7,0,0.0,50230467.49999995
2025-08-01 11:35:17 AM,480.8,39,18751.2,50249218.69999995
2025-08-01 11:35:20 AM,480.7,0,0.0,50249218.69999995
2025-08-01 11:35:23 AM,480.85,387,186088.95,50435307.649999954
2025-08-01 11:35:23 AM,480.75,0,0.0,50435307.649999954
2025-08-01 11:35:24 AM,481.15,0,0.0,50435307.649999954
2025-08-01 11:35:27 AM,481.2,0,0.0,50435307.649999954
2025-08-01 11:35:28 AM,481.2,135,64962.0,50500269.649999954
2025-08-01 11:35:29 AM,481.0,0,0.0,50500269.649999954
2025-08-01 11:35:31 AM,481.65,0,0.0,50500269.649999954
2025-08-01 11:35:34 AM,481.65,82,39495.299999999996,50539764.94999995
2025-08-01 11:35:37 AM,481.0,0,0.0,50539764.94999995
2025-08-01 11:35:39 AM,481.0,67,32227.0,50571991.94999995
2025-08-01 11:35:53 AM,481.2,0,0.0,50571991.94999995
2025-08-01 11:35:54 AM,481.2,12,5774.4,50577766.34999995
2025-08-01 11:35:59 AM,481.2,16,7699.2,50585465.54999995
2025-08-01 11:36:04 AM,481.2,13,6255.599999999999,50591721.149999954
2025-08-01 11:36:07 AM,481.0,0,0.0,50591721.149999954
2025-08-01 11:36:09 AM,481.0,1,481.0,50592202.149999954
2025-08-01 11:36:16 AM,481.2,0,0.0,50592202.149999954
2025-08-01 11:36:20 AM,481.2,91,43789.2,50635991.34999996
2025-08-01 11:36:21 AM,481.0,0,0.0,50635991.34999996
2025-08-01 11:36:22 AM,480.9,0,0.0,50635991.34999996
2025-08-01 11:36:25 AM,480.9,3,1442.6999999999998,50637434.04999996
2025-08-01 11:36:47 AM,481.2,0,0.0,50637434.04999996
2025-08-01 11:36:51 AM,480.95,25,12023.75,50649457.79999996
2025-08-01 11:36:56 AM,481.3,18,8663.4,50658121.19999996
2025-08-01 11:36:59 AM,481.25,0,0.0,50658121.19999996
2025-08-01 11:37:01 AM,481.25,1,481.25,50658602.44999996
2025-08-01 11:37:07 AM,481.8,31,14935.800000000001,50673538.249999955
2025-08-01 11:37:12 AM,481.8,1,481.8,50674020.04999995
2025-08-01 11:37:13 AM,481.6,0,0.0,50674020.04999995
2025-08-01 11:37:18 AM,481.6,9,4334.400000000001,50678354.44999995
2025-08-01 11:37:23 AM,481.6,1,481.6,50678836.04999995
2025-08-01 11:37:47 AM,482.2,0,0.0,50678836.04999995
2025-08-01 11:37:49 AM,482.2,40,19288.0,50698124.04999995
2025-08-01 11:37:51 AM,482.0,0,0.0,50698124.04999995
2025-08-01 11:37:54 AM,482.0,19,9158.0,50707282.04999995
2025-08-01 11:37:57 AM,481.8,0,0.0,50707282.04999995
2025-08-01 11:37:59 AM,481.8,1,481.8,50707763.84999995
2025-08-01 11:38:14 AM,481.8,2,963.6,50708727.44999995
2025-08-01 11:38:45 AM,481.7,100,48170.0,50756897.44999995
2025-08-01 11:38:51 AM,482.05,0,0.0,50756897.44999995
2025-08-01 11:38:54 AM,482.05,27,13015.35,50769912.79999995
2025-08-01 11:38:55 AM,482.2,0,0.0,50769912.79999995
2025-08-01 11:38:55 AM,482.2,28,13501.6,50783414.399999954
2025-08-01 11:39:01 AM,482.1,0,0.0,50783414.399999954
2025-08-01 11:39:02 AM,482.45,0,0.0,50783414.399999954
2025-08-01 11:39:04 AM,482.45,21,10131.449999999999,50793545.84999996
2025-08-01 11:39:15 AM,482.2,0,0.0,50793545.84999996
2025-08-01 11:39:15 AM,482.2,88,42433.6,50835979.44999996
2025-08-01 11:39:20 AM,481.8,68,32762.4,50868741.84999996
2025-08-01 11:39:21 AM,482.1,0,0.0,50868741.84999996
2025-08-01 11:39:23 AM,481.7,0,0.0,50868741.84999996
2025-08-01 11:39:24 AM,481.7,82,39499.4,50908241.249999955
2025-08-01 11:39:29 AM,481.7,8,3853.6,50912094.84999996
2025-08-01 11:39:36 AM,481.7,84,40462.799999999996,50952557.649999954
2025-08-01 11:39:40 AM,481.7,1,481.7,50953039.34999996
2025-08-01 11:39:42 AM,481.75,11,5299.25,50958338.59999996
2025-08-01 11:39:43 AM,481.7,0,0.0,50958338.59999996
2025-08-01 11:39:46 AM,481.7,1,481.7,50958820.29999996
2025-08-01 11:40:50 AM,481.75,0,0.0,50958820.29999996
2025-08-01 11:40:52 AM,481.75,1,481.75,50959302.04999996
2025-08-01 11:40:58 AM,481.75,111,53474.25,51012776.29999996
2025-08-01 11:40:58 AM,482.4,24,11577.599999999999,51024353.89999996
2025-08-01 11:41:03 AM,482.35,1,482.35,51024836.24999996
2025-08-01 11:41:05 AM,482.15,0,0.0,51024836.24999996
2025-08-01 11:41:08 AM,482.15,103,49661.45,51074497.699999966
2025-08-01 11:41:11 AM,481.85,0,0.0,51074497.699999966
2025-08-01 11:41:13 AM,481.85,4,1927.4,51076425.099999964
2025-08-01 11:41:33 AM,481.85,7,3372.9500000000003,51079798.04999997
2025-08-01 11:43:22 AM,481.85,1,481.85,51080279.89999997
2025-08-01 11:43:43 AM,481.85,46,22165.100000000002,51102444.99999997
2025-08-01 11:43:48 AM,481.7,2,963.4,51103408.39999997
2025-08-01 11:43:49 AM,481.85,0,0.0,51103408.39999997
2025-08-01 11:43:53 AM,481.75,0,0.0,51103408.39999997
2025-08-01 11:43:53 AM,481.75,13,6262.75,51109671.14999997
2025-08-01 11:43:59 AM,481.75,1,481.75,51110152.89999997
2025-08-01 11:44:07 AM,481.7,0,0.0,51110152.89999997
2025-08-01 11:44:10 AM,481.7,179,86224.3,51196377.199999966
2025-08-01 11:44:12 AM,481.8,0,0.0,51196377.199999966
2025-08-01 11:44:12 AM,482.25,0,0.0,51196377.199999966
2025-08-01 11:44:16 AM,482.25,95,45813.75,51242190.949999966
2025-08-01 11:44:17 AM,481.95,3,1445.85,51243636.79999997
2025-08-01 11:44:17 AM,481.5,0,0.0,51243636.79999997
2025-08-01 11:44:22 AM,481.5,2,963.0,51244599.79999997
2025-08-01 11:45:06 AM,482.55,106,51150.3,51295750.099999964
2025-08-01 11:45:11 AM,482.25,0,0.0,51295750.099999964
2025-08-01 11:45:11 AM,482.25,4,1929.0,51297679.099999964
2025-08-01 11:45:25 AM,482.65,0,0.0,51297679.099999964
2025-08-01 11:45:27 AM,482.35,0,0.0,51297679.099999964
2025-08-01 11:45:27 AM,482.35,2,964.7,51298643.79999997
2025-08-01 11:45:33 AM,482.35,1,482.35,51299126.14999997
2025-08-01 11:46:25 AM,481.8,0,0.0,51299126.14999997
2025-08-01 11:46:26 AM,481.8,200,96360.0,51395486.14999997
2025-08-01 11:46:43 AM,481.9,4,1927.6,51397413.74999997
2025-08-01 11:46:45 AM,482.0,0,0.0,51397413.74999997
2025-08-01 11:46:47 AM,481.9,0,0.0,51397413.74999997
2025-08-01 11:46:47 AM,481.9,8,3855.2,51401268.94999997
2025-08-01 11:46:57 AM,484.35,0,0.0,51401268.94999997
2025-08-01 11:46:58 AM,484.35,4714,2283225.9,53684494.84999997
2025-08-01 11:46:59 AM,484.75,1168,566188.0,54250682.84999997
2025-08-01 11:47:03 AM,484.75,52,25207.0,54275889.84999997
2025-08-01 11:47:04 AM,484.75,298,144455.5,54420345.34999997
2025-08-01 11:47:05 AM,484.65,0,0.0,54420345.34999997
2025-08-01 11:47:07 AM,484.75,0,0.0,54420345.34999997
2025-08-01 11:47:08 AM,484.75,61,29569.75,54449915.09999997
2025-08-01 11:47:11 AM,484.65,0,0.0,54449915.09999997
2025-08-01 11:47:13 AM,484.05,203,98262.15000000001,54548177.24999997
2025-08-01 11:47:14 AM,484.0,524,253616.0,54801793.24999997
2025-08-01 11:47:19 AM,483.95,178,86143.09999999999,54887936.34999997
2025-08-01 11:47:24 AM,483.95,21,10162.949999999999,54898099.299999975
2025-08-01 11:47:28 AM,483.95,49,23713.55,54921812.84999997
2025-08-01 11:47:30 AM,483.9,0,0.0,54921812.84999997
2025-08-01 11:47:33 AM,483.9,19,9194.1,54931006.94999997
2025-08-01 11:47:38 AM,483.9,45,21775.5,54952782.44999997
2025-08-01 11:47:42 AM,483.85,0,0.0,54952782.44999997
2025-08-01 11:47:43 AM,483.85,223,107898.55,55060680.99999997
2025-08-01 11:47:44 AM,483.9,30,14517.0,55075197.99999997
2025-08-01 11:47:45 AM,483.5,0,0.0,55075197.99999997
2025-08-01 11:47:49 AM,483.5,112,54152.0,55129349.99999997
2025-08-01 11:47:59 AM,483.8,0,0.0,55129349.99999997
2025-08-01 11:47:59 AM,483.8,1,483.8,55129833.79999997
2025-08-01 11:48:00 AM,483.4,0,0.0,55129833.79999997
2025-08-01 11:48:04 AM,483.4,3,1450.1999999999998,55131283.99999997
2025-08-01 11:48:07 AM,483.55,0,0.0,55131283.99999997
2025-08-01 11:48:10 AM,483.55,9,4351.95,55135635.94999997
2025-08-01 11:49:21 AM,483.55,3,1450.65,55137086.59999997
2025-08-01 11:49:26 AM,483.55,9,4351.95,55141438.549999975
2025-08-01 11:49:31 AM,483.55,71,34332.05,55175770.59999997
2025-08-01 11:49:33 AM,483.45,0,0.0,55175770.59999997
2025-08-01 11:49:37 AM,483.45,51,24655.95,55200426.549999975
2025-08-01 11:49:37 AM,483.5,0,0.0,55200426.549999975
2025-08-01 11:49:39 AM,483.3,0,0.0,55200426.549999975
2025-08-01 11:49:42 AM,483.3,67,32381.100000000002,55232807.649999976
2025-08-01 11:49:45 AM,483.45,0,0.0,55232807.649999976
2025-08-01 11:49:47 AM,483.45,42,20304.899999999998,55253112.549999975
2025-08-01 11:49:50 AM,483.3,0,0.0,55253112.549999975
2025-08-01 11:49:52 AM,483.3,15,7249.5,55260362.049999975
2025-08-01 11:49:53 AM,483.4,0,0.0,55260362.049999975
2025-08-01 11:49:57 AM,483.4,10,4834.0,55265196.049999975
2025-08-01 11:50:24 AM,483.3,1,483.3,55265679.34999997
2025-08-01 11:51:17 AM,483.35,0,0.0,55265679.34999997
2025-08-01 11:51:18 AM,483.05,81,39127.05,55304806.39999997
2025-08-01 11:51:22 AM,483.05,15,7245.75,55312052.14999997
2025-08-01 11:51:36 AM,483.7,0,0.0,55312052.14999997
2025-08-01 11:51:37 AM,483.7,58,28054.6,55340106.74999997
2025-08-01 11:53:48 AM,484.25,0,0.0,55340106.74999997
2025-08-01 11:53:49 AM,484.25,1,484.25,55340590.99999997
2025-08-01 11:54:06 AM,484.65,0,0.0,55340590.99999997
2025-08-01 11:54:07 AM,484.45,0,0.0,55340590.99999997
2025-08-01 11:54:09 AM,484.45,125,60556.25,55401147.24999997
2025-08-01 11:54:19 AM,484.45,2,968.9,55402116.14999997
2025-08-01 11:54:31 AM,484.45,10,4844.5,55406960.64999997
2025-08-01 11:54:37 AM,484.4,0,0.0,55406960.64999997
2025-08-01 11:54:40 AM,484.4,46,22282.399999999998,55429243.04999997
2025-08-01 11:54:42 AM,484.1,0,0.0,55429243.04999997
2025-08-01 11:54:45 AM,484.1,83,40180.3,55469423.349999964
2025-08-01 11:54:51 AM,483.7,0,0.0,55469423.349999964
2025-08-01 11:54:55 AM,483.7,5,2418.5,55471841.849999964
2025-08-01 11:55:31 AM,483.85,0,0.0,55471841.849999964
2025-08-01 11:55:32 AM,483.85,1,483.85,55472325.699999966
2025-08-01 11:55:42 AM,483.7,0,0.0,55472325.699999966
2025-08-01 11:55:43 AM,483.85,0,0.0,55472325.699999966
2025-08-01 11:55:45 AM,483.85,80,38708.0,55511033.699999966
2025-08-01 11:56:56 AM,483.85,100,48385.0,55559418.699999966
2025-08-01 11:57:01 AM,483.85,12,5806.200000000001,55565224.89999997
2025-08-01 11:57:41 AM,483.85,10,4838.5,55570063.39999997
2025-08-01 11:57:55 AM,483.75,0,0.0,55570063.39999997
2025-08-01 11:57:56 AM,483.75,2,967.5,55571030.89999997
2025-08-01 11:59:36 AM,484.4,0,0.0,55571030.89999997
2025-08-01 11:59:38 AM,484.7,3368,1632469.5999999999,57203500.49999997
2025-08-01 11:59:38 AM,484.75,0,0.0,57203500.49999997
2025-08-01 11:59:38 AM,484.65,0,0.0,57203500.49999997
2025-08-01 11:59:40 AM,484.8,0,0.0,57203500.49999997
2025-08-01 11:59:41 AM,484.8,572,277305.60000000003,57480806.09999997
2025-08-01 11:59:42 AM,484.75,0,0.0,57480806.09999997
2025-08-01 11:59:43 AM,484.8,170,82416.0,57563222.09999997
2025-08-01 11:59:46 AM,484.9,0,0.0,57563222.09999997
2025-08-01 11:59:47 AM,484.9,342,165835.8,57729057.89999997
2025-08-01 11:59:48 AM,485.25,0,0.0,57729057.89999997
2025-08-01 11:59:49 AM,485.25,1532,743403.0,58472460.89999997
2025-08-01 11:59:50 AM,485.6,0,0.0,58472460.89999997
2025-08-01 11:59:52 AM,485.6,280,135968.0,58608428.89999997
2025-08-01 11:59:54 AM,485.6,31,15053.6,58623482.49999997
2025-08-01 11:59:59 AM,485.6,12,5827.200000000001,58629309.69999997
2025-08-01 12:00:05 PM,485.55,26,12624.300000000001,58641933.99999997
2025-08-01 12:00:08 PM,485.2,50,24260.0,58666193.99999997
2025-08-01 12:00:10 PM,485.45,30,14563.5,58680757.49999997
2025-08-01 12:00:12 PM,485.25,21,10190.25,58690947.74999997
2025-08-01 12:00:15 PM,485.4,0,0.0,58690947.74999997
2025-08-01 12:00:15 PM,485.4,23,11164.199999999999,58702111.94999997
2025-08-01 12:00:20 PM,485.4,15,7281.0,58709392.94999997
2025-08-01 12:00:25 PM,485.35,22,10677.7,58720070.649999976
2025-08-01 12:00:28 PM,485.25,1,485.25,58720555.899999976
2025-08-01 12:00:31 PM,485.35,13,6309.55,58726865.44999997
2025-08-01 12:00:35 PM,485.3,18,8735.4,58735600.84999997
2025-08-01 12:00:40 PM,485.25,8,3882.0,58739482.84999997
2025-08-01 12:00:40 PM,485.25,14,6793.5,58746276.34999997
2025-08-01 12:00:40 PM,485.25,157,76184.25,58822460.59999997
2025-08-01 12:00:41 PM,485.25,15,7278.75,58829739.34999997
2025-08-01 12:00:43 PM,485.2,14,6792.8,58836532.14999997
2025-08-01 12:00:44 PM,485.2,20,9704.0,58846236.14999997
2025-08-01 12:02:17 PM,485.2,19,9218.8,58855454.949999966
2025-08-01 12:02:19 PM,485.25,0,0.0,58855454.949999966
2025-08-01 12:02:19 PM,485.25,30,14557.5,58870012.449999966
2025-08-01 12:02:51 PM,485.2,0,0.0,58870012.449999966
2025-08-01 12:02:52 PM,485.2,11,5337.2,58875349.64999997
2025-08-01 12:02:55 PM,485.2,1,485.2,58875834.84999997
2025-08-01 12:03:00 PM,485.05,71,34438.55,58910273.39999997
2025-08-01 12:03:02 PM,485.1,0,0.0,58910273.39999997
2025-08-01 12:03:05 PM,485.1,2,970.2,58911243.59999997
2025-08-01 12:03:55 PM,485.1,35,16978.5,58928222.09999997
2025-08-01 12:05:30 PM,485.1,1,485.1,58928707.19999997
2025-08-01 12:05:32 PM,485.15,0,0.0,58928707.19999997
2025-08-01 12:05:35 PM,485.15,47,22802.05,58951509.24999997
2025-08-01 12:05:38 PM,485.0,0,0.0,58951509.24999997
2025-08-01 12:05:40 PM,485.0,36,17460.0,58968969.24999997
2025-08-01 12:05:45 PM,485.0,129,62565.0,59031534.24999997
2025-08-01 12:05:50 PM,485.0,66,32010.0,59063544.24999997
2025-08-01 12:05:55 PM,485.0,9,4365.0,59067909.24999997
2025-08-01 12:06:00 PM,484.9,0,0.0,59067909.24999997
2025-08-01 12:06:01 PM,484.9,2682,1300501.8,60368411.04999997
2025-08-01 12:06:02 PM,484.95,0,0.0,60368411.04999997
2025-08-01 12:06:06 PM,484.95,1105,535869.75,60904280.79999997
2025-08-01 12:06:08 PM,485.1,0,0.0,60904280.79999997
2025-08-01 12:06:08 PM,485.05,0,0.0,60904280.79999997
2025-08-01 12:06:10 PM,485.1,0,0.0,60904280.79999997
2025-08-01 12:06:11 PM,485.1,238,115453.8,61019734.599999964
2025-08-01 12:06:12 PM,485.05,0,0.0,61019734.599999964
2025-08-01 12:06:15 PM,485.05,14,6790.7,61026525.29999997
2025-08-01 12:06:42 PM,484.9,0,0.0,61026525.29999997
2025-08-01 12:06:44 PM,484.9,5603,2716894.6999999997,63743419.99999997
2025-08-01 12:06:45 PM,484.35,400,193740.0,63937159.99999997
2025-08-01 12:06:48 PM,484.75,0,0.0,63937159.99999997
2025-08-01 12:06:50 PM,484.75,28,13573.0,63950732.99999997
2025-08-01 12:06:52 PM,485.0,0,0.0,63950732.99999997
2025-08-01 12:06:54 PM,485.05,0,0.0,63950732.99999997
2025-08-01 12:06:55 PM,485.05,132,64026.6,64014759.59999997
2025-08-01 12:06:55 PM,485.05,1,485.05,64015244.64999997
2025-08-01 12:07:00 PM,485.05,3,1455.15,64016699.79999997
2025-08-01 12:07:00 PM,485.0,1,485.0,64017184.79999997
2025-08-01 12:07:00 PM,485.05,0,0.0,64017184.79999997
2025-08-01 12:07:02 PM,484.75,0,0.0,64017184.79999997
2025-08-01 12:07:04 PM,484.75,131,63502.25,64080687.04999997
2025-08-01 12:07:08 PM,485.05,0,0.0,64080687.04999997
2025-08-01 12:07:09 PM,485.05,42,20372.100000000002,64101059.14999997
2025-08-01 12:07:10 PM,485.0,20,9700.0,64110759.14999997
2025-08-01 12:07:16 PM,485.05,0,0.0,64110759.14999997
2025-08-01 12:07:20 PM,485.05,5,2425.25,64113184.39999997
2025-08-01 12:07:24 PM,485.55,0,0.0,64113184.39999997
2025-08-01 12:07:25 PM,485.55,82,39815.1,64152999.49999997
2025-08-01 12:08:05 PM,485.2,1,485.2,64153484.69999997
2025-08-01 12:08:15 PM,484.95,704,341404.8,64494889.49999997
2025-08-01 12:08:16 PM,485.4,4,1941.6,64496831.09999997
2025-08-01 12:08:16 PM,485.05,0,0.0,64496831.09999997
2025-08-01 12:08:20 PM,485.05,209,101375.45,64598206.549999975
2025-08-01 12:08:24 PM,485.7,0,0.0,64598206.549999975
2025-08-01 12:08:26 PM,485.7,725,352132.5,64950339.049999975
2025-08-01 12:08:34 PM,484.6,0,0.0,64950339.049999975
2025-08-01 12:08:34 PM,485.0,0,0.0,64950339.049999975
2025-08-01 12:08:35 PM,485.05,170,82458.5,65032797.549999975
2025-08-01 12:10:02 PM,485.2,0,0.0,65032797.549999975
2025-08-01 12:10:05 PM,485.2,3,1455.6,65034253.149999976
2025-08-01 12:10:10 PM,485.05,0,0.0,65034253.149999976
2025-08-01 12:10:10 PM,485.05,49,23767.45,65058020.59999998
2025-08-01 12:10:12 PM,484.9,0,0.0,65058020.59999998
2025-08-01 12:10:15 PM,484.9,1,484.9,65058505.49999998
2025-08-01 12:10:20 PM,485.05,0,0.0,65058505.49999998
2025-08-01 12:10:21 PM,485.05,50,24252.5,65082757.99999998
2025-08-01 12:10:35 PM,485.0,18,8730.0,65091487.99999998
2025-08-01 12:11:05 PM,485.0,15,7275.0,65098762.99999998
2025-08-01 12:11:26 PM,485.05,0,0.0,65098762.99999998
2025-08-01 12:11:30 PM,485.05,20,9701.0,65108463.99999998
2025-08-01 12:11:35 PM,485.05,4,1940.2,65110404.19999998
2025-08-01 12:11:35 PM,485.0,13,6305.0,65116709.19999998
2025-08-01 12:11:40 PM,485.0,6,2910.0,65119619.19999998
2025-08-01 12:12:04 PM,485.15,0,0.0,65119619.19999998
2025-08-01 12:12:06 PM,485.05,0,0.0,65119619.19999998
2025-08-01 12:12:09 PM,485.05,13,6305.650000000001,65125924.84999998
2025-08-01 12:12:12 PM,485.0,0,0.0,65125924.84999998
2025-08-01 12:12:14 PM,485.0,3,1455.0,65127379.84999998
2025-08-01 12:12:34 PM,485.0,2,970.0,65128349.84999998
2025-08-01 12:12:36 PM,484.85,0,0.0,65128349.84999998
2025-08-01 12:12:38 PM,485.05,0,0.0,65128349.84999998
2025-08-01 12:12:39 PM,485.05,25,12126.25,65140476.09999998
2025-08-01 12:12:48 PM,484.95,0,0.0,65140476.09999998
2025-08-01 12:12:49 PM,484.95,7,3394.65,65143870.74999998
2025-08-01 12:13:05 PM,485.0,2,970.0,65144840.74999998
2025-08-01 12:13:10 PM,485.0,1,485.0,65145325.74999998
2025-08-01 12:13:15 PM,484.75,5,2423.75,65147749.49999998
2025-08-01 12:13:22 PM,485.05,0,0.0,65147749.49999998
2025-08-01 12:13:24 PM,485.05,2,970.1,65148719.59999998
2025-08-01 12:13:29 PM,485.05,15,7275.75,65155995.34999998
2025-08-01 12:13:32 PM,484.85,0,0.0,65155995.34999998
2025-08-01 12:13:34 PM,484.85,4,1939.4,65157934.74999998
2025-08-01 12:13:40 PM,484.65,4,1938.6,65159873.34999998
2025-08-01 12:13:50 PM,484.65,1,484.65,65160357.99999998
2025-08-01 12:15:20 PM,484.65,25,12116.25,65172474.24999998
2025-08-01 12:15:25 PM,484.65,7,3392.5499999999997,65175866.799999975
2025-08-01 12:15:30 PM,484.65,9,4361.849999999999,65180228.649999976
2025-08-01 12:15:35 PM,484.65,7,3392.5499999999997,65183621.19999997
2025-08-01 12:15:46 PM,484.25,2,968.5,65184589.69999997
2025-08-01 12:16:04 PM,484.65,0,0.0,65184589.69999997
2025-08-01 12:16:06 PM,484.45,118,57165.1,65241754.799999975
2025-08-01 12:16:14 PM,484.15,0,0.0,65241754.799999975
2025-08-01 12:16:15 PM,484.15,502,243043.3,65484798.09999997
2025-08-01 12:16:18 PM,484.35,0,0.0,65484798.09999997
2025-08-01 12:16:20 PM,484.35,60,29061.0,65513859.09999997
2025-08-01 12:16:25 PM,484.35,12,5812.200000000001,65519671.299999975
2025-08-01 12:16:28 PM,484.1,0,0.0,65519671.299999975
2025-08-01 12:16:30 PM,484.1,8,3872.8,65523544.09999997
2025-08-01 12:16:34 PM,484.05,0,0.0,65523544.09999997
2025-08-01 12:16:35 PM,484.05,9,4356.45,65527900.549999975
2025-08-01 12:16:40 PM,484.05,19,9196.95,65537097.49999998
2025-08-01 12:16:48 PM,483.6,0,0.0,65537097.49999998
2025-08-01 12:16:49 PM,483.6,4,1934.4,65539031.899999976
2025-08-01 12:16:50 PM,483.25,0,0.0,65539031.899999976
2025-08-01 12:16:54 PM,483.25,47,22712.75,65561744.649999976
2025-08-01 12:16:55 PM,483.2,15,7248.0,65568992.649999976
2025-08-01 12:16:59 PM,483.2,3,1449.6,65570442.24999998
2025-08-01 12:17:14 PM,483.2,3,1449.6,65571891.84999998
2025-08-01 12:17:52 PM,483.45,0,0.0,65571891.84999998
2025-08-01 12:17:52 PM,483.45,5,2417.25,65574309.09999998
2025-08-01 12:18:06 PM,483.3,0,0.0,65574309.09999998
2025-08-01 12:18:07 PM,483.3,1,483.3,65574792.399999976
2025-08-01 12:18:42 PM,483.45,0,0.0,65574792.399999976
2025-08-01 12:18:46 PM,483.6,0,0.0,65574792.399999976
2025-08-01 12:18:46 PM,483.6,3,1450.8000000000002,65576243.19999997
2025-08-01 12:18:47 PM,483.6,1,483.6,65576726.799999975
2025-08-01 12:18:48 PM,483.85,0,0.0,65576726.799999975
2025-08-01 12:18:50 PM,484.2,0,0.0,65576726.799999975
2025-08-01 12:18:52 PM,484.2,11,5326.2,65582052.99999998
2025-08-01 12:18:52 PM,484.35,5,2421.75,65584474.74999998
2025-08-01 12:18:52 PM,484.05,0,0.0,65584474.74999998
2025-08-01 12:18:54 PM,484.5,0,0.0,65584474.74999998
2025-08-01 12:18:54 PM,484.75,0,0.0,65584474.74999998
2025-08-01 12:18:56 PM,484.8,0,0.0,65584474.74999998
2025-08-01 12:18:56 PM,485.05,0,0.0,65584474.74999998
2025-08-01 12:18:56 PM,485.05,64,31043.2,65615517.94999998
2025-08-01 12:18:57 PM,485.1,6,2910.6000000000004,65618428.54999998
2025-08-01 12:18:58 PM,485.15,0,0.0,65618428.54999998
2025-08-01 12:19:00 PM,484.9,0,0.0,65618428.54999998
2025-08-01 12:19:02 PM,484.8,86,41692.8,65660121.34999998
2025-08-01 12:19:02 PM,485.35,17,8250.95,65668372.29999998
2025-08-01 12:19:02 PM,485.5,0,0.0,65668372.29999998
2025-08-01 12:19:04 PM,485.15,0,0.0,65668372.29999998
2025-08-01 12:19:04 PM,485.05,0,0.0,65668372.29999998
2025-08-01 12:19:07 PM,485.05,69,33468.450000000004,65701840.749999985
2025-08-01 12:19:07 PM,485.05,2,970.1,65702810.84999999
2025-08-01 12:19:10 PM,485.35,0,0.0,65702810.84999999
2025-08-01 12:19:12 PM,485.35,18,8736.300000000001,65711547.14999998
2025-08-01 12:19:12 PM,485.35,12,5824.200000000001,65717371.34999999
2025-08-01 12:19:16 PM,485.6,0,0.0,65717371.34999999
2025-08-01 12:19:17 PM,485.75,34,16515.5,65733886.84999999
2025-08-01 12:19:17 PM,485.85,1,485.85,65734372.69999999
2025-08-01 12:19:18 PM,485.35,0,0.0,65734372.69999999
2025-08-01 12:19:20 PM,485.65,0,0.0,65734372.69999999
2025-08-01 12:19:22 PM,485.7,32,15542.4,65749915.09999999
2025-08-01 12:19:22 PM,485.8,0,0.0,65749915.09999999
2025-08-01 12:19:22 PM,485.8,1,485.8,65750400.89999998
2025-08-01 12:19:22 PM,485.7,0,0.0,65750400.89999998
2025-08-01 12:19:24 PM,485.8,0,0.0,65750400.89999998
2025-08-01 12:19:26 PM,485.85,0,0.0,65750400.89999998
2025-08-01 12:19:27 PM,485.6,104,50502.4,65800903.29999998
2025-08-01 12:19:27 PM,485.4,1,485.4,65801388.69999998
2025-08-01 12:19:27 PM,485.5,0,0.0,65801388.69999998
2025-08-01 12:19:28 PM,485.6,0,0.0,65801388.69999998
2025-08-01 12:19:30 PM,485.5,0,0.0,65801388.69999998
2025-08-01 12:19:32 PM,485.5,26,12623.0,65814011.69999998
2025-08-01 12:19:32 PM,485.5,3,1456.5,65815468.19999998
2025-08-01 12:19:36 PM,485.65,0,0.0,65815468.19999998
2025-08-01 12:19:37 PM,485.65,51,24768.149999999998,65840236.34999998
2025-08-01 12:19:37 PM,485.65,1,485.65,65840721.99999998
2025-08-01 12:19:38 PM,485.7,0,0.0,65840721.99999998
2025-08-01 12:19:42 PM,485.7,16,7771.2,65848493.19999998
2025-08-01 12:19:42 PM,485.7,1,485.7,65848978.89999998
2025-08-01 12:19:44 PM,485.45,0,0.0,65848978.89999998
2025-08-01 12:19:45 PM,485.4,0,0.0,65848978.89999998
2025-08-01 12:19:46 PM,485.6,0,0.0,65848978.89999998
2025-08-01 12:19:47 PM,485.8,53,25747.4,65874726.29999998
2025-08-01 12:19:47 PM,485.8,1,485.8,65875212.09999998
2025-08-01 12:19:52 PM,485.8,23,11173.4,65886385.49999998
2025-08-01 12:19:52 PM,485.8,5,2429.0,65888814.49999998
2025-08-01 12:19:55 PM,485.85,0,0.0,65888814.49999998
2025-08-01 12:19:56 PM,485.9,0,0.0,65888814.49999998
2025-08-01 12:19:57 PM,485.9,91,44216.9,65933031.399999976
2025-08-01 12:19:57 PM,485.9,3,1457.6999999999998,65934489.09999998
2025-08-01 12:20:00 PM,485.6,0,0.0,65934489.09999998
2025-08-01 12:20:00 PM,485.9,0,0.0,65934489.09999998
