date,price,qty,trnvr,cum_trnvr
2025-08-01 09:15:00 AM,105.05,2545,267352.25,267352.25
2025-08-01 09:15:01 AM,104.73,0,0.0,267352.25
2025-08-01 09:15:09 AM,105.16,0,0.0,267352.25
2025-08-01 09:15:10 AM,105.15,4689,493048.35000000003,760400.6000000001
2025-08-01 09:15:18 AM,105.13,0,0.0,760400.6000000001
2025-08-01 09:15:21 AM,105.13,2558,268922.54,1029323.1400000001
2025-08-01 09:15:23 AM,105.15,7,736.0500000000001,1030059.1900000002
2025-08-01 09:15:26 AM,105.28,0,0.0,1030059.1900000002
2025-08-01 09:15:30 AM,105.28,2000,210560.0,1240619.1900000002
2025-08-01 09:15:32 AM,105.1,730,76723.0,1317342.1900000002
2025-08-01 09:15:38 AM,105.35,958,100925.29999999999,1418267.4900000002
2025-08-01 09:15:40 AM,105.2,2631,276781.2,1695048.6900000002
2025-08-01 09:15:42 AM,105.25,0,0.0,1695048.6900000002
2025-08-01 09:15:46 AM,105.16,0,0.0,1695048.6900000002
2025-08-01 09:15:47 AM,105.16,413,43431.08,1738479.7700000003
2025-08-01 09:15:49 AM,105.03,50,5251.5,1743731.2700000003
2025-08-01 09:15:57 AM,105.16,1000,105160.0,1848891.2700000003
2025-08-01 09:16:00 AM,104.91,0,0.0,1848891.2700000003
2025-08-01 09:16:02 AM,104.94,0,0.0,1848891.2700000003
2025-08-01 09:16:03 AM,104.94,9544,1001547.36,2850438.6300000004
2025-08-01 09:16:05 AM,104.57,8972,938202.0399999999,3788640.6700000004
2025-08-01 09:16:08 AM,104.51,0,0.0,3788640.6700000004
2025-08-01 09:16:11 AM,104.46,1021,106653.65999999999,3895294.3300000005
2025-08-01 09:16:19 AM,104.51,210,21947.100000000002,3917241.4300000006
2025-08-01 09:16:21 AM,104.52,380,39717.6,3956959.0300000007
2025-08-01 09:16:28 AM,104.52,50,5226.0,3962185.0300000007
2025-08-01 09:16:34 AM,104.65,0,0.0,3962185.0300000007
2025-08-01 09:16:36 AM,104.65,1000,104650.0,4066835.0300000007
2025-08-01 09:16:44 AM,104.64,110,11510.4,4078345.4300000006
2025-08-01 09:16:46 AM,104.72,1000,104720.0,4183065.4300000006
2025-08-01 09:16:52 AM,104.74,1007,105473.18,4288538.61
2025-08-01 09:17:01 AM,104.6,306,32007.6,4320546.21
2025-08-01 09:17:02 AM,104.86,500,52430.0,4372976.21
2025-08-01 09:17:05 AM,104.89,0,0.0,4372976.21
2025-08-01 09:17:09 AM,104.89,501,52549.89,4425526.1
2025-08-01 09:17:17 AM,104.87,250,26217.5,4451743.6
2025-08-01 09:17:18 AM,105.01,1264,132732.64,4584476.239999999
2025-08-01 09:17:34 AM,104.95,1137,119328.15000000001,4703804.39
2025-08-01 09:17:39 AM,104.97,0,0.0,4703804.39
2025-08-01 09:17:42 AM,104.8,373,39090.4,4742894.79
2025-08-01 09:17:43 AM,104.71,100,10471.0,4753365.79
2025-08-01 09:17:46 AM,104.66,0,0.0,4753365.79
2025-08-01 09:17:48 AM,104.84,0,0.0,4753365.79
2025-08-01 09:17:50 AM,104.83,1279,134077.57,4887443.36
2025-08-01 09:18:24 AM,105.09,11882,1248679.3800000001,6136122.74
2025-08-01 09:18:27 AM,105.1,0,0.0,6136122.74
2025-08-01 09:18:32 AM,105.1,46,4834.599999999999,6140957.34
2025-08-01 09:18:41 AM,105.06,527,55366.62,6196323.96
2025-08-01 09:18:43 AM,105.09,0,0.0,6196323.96
2025-08-01 09:18:48 AM,105.09,5036,529233.24,6725557.2
2025-08-01 09:18:56 AM,105.09,20,2101.8,6727659.0
2025-08-01 09:18:57 AM,104.94,594,62334.36,6789993.36
2025-08-01 09:18:59 AM,104.99,0,0.0,6789993.36
2025-08-01 09:19:04 AM,104.99,50,5249.5,6795242.86
2025-08-01 09:19:12 AM,105.02,201,21109.02,6816351.88
2025-08-01 09:19:14 AM,105.12,1000,105120.0,6921471.88
2025-08-01 09:19:21 AM,105.09,10,1050.9,6922522.78
2025-08-01 09:19:29 AM,105.09,25,2627.25,6925150.03
2025-08-01 09:19:37 AM,104.99,70,7349.299999999999,6932499.33
2025-08-01 09:19:45 AM,105.06,3,315.18,6932814.51
2025-08-01 09:19:53 AM,105.0,37,3885.0,6936699.51
2025-08-01 09:20:00 AM,104.94,436,45753.84,6982453.35
2025-08-01 09:20:02 AM,104.99,85,8924.15,6991377.5
2025-08-01 09:20:09 AM,104.99,131,13753.689999999999,7005131.19
2025-08-01 09:20:16 AM,105.01,1,105.01,7005236.2
2025-08-01 09:20:22 AM,104.92,0,0.0,7005236.2
2025-08-01 09:20:25 AM,104.92,742,77850.64,7083086.84
2025-08-01 09:20:40 AM,104.92,5,524.6,7083611.4399999995
2025-08-01 09:20:46 AM,104.86,0,0.0,7083611.4399999995
2025-08-01 09:20:48 AM,104.86,485,50857.1,7134468.539999999
2025-08-01 09:20:57 AM,104.98,2,209.96,7134678.499999999
2025-08-01 09:21:11 AM,104.98,61,6403.780000000001,7141082.279999999
2025-08-01 09:21:19 AM,104.97,11115,1166741.55,8307823.829999999
2025-08-01 09:21:22 AM,104.91,0,0.0,8307823.829999999
2025-08-01 09:21:27 AM,104.97,4,419.88,8308243.709999999
2025-08-01 09:21:49 AM,105.13,0,0.0,8308243.709999999
2025-08-01 09:21:50 AM,105.13,2000,210260.0,8518503.709999999
2025-08-01 09:21:56 AM,105.0,0,0.0,8518503.709999999
2025-08-01 09:21:57 AM,105.0,31,3255.0,8521758.709999999
2025-08-01 09:22:04 AM,104.99,0,0.0,8521758.709999999
2025-08-01 09:22:05 AM,104.99,173,18163.27,8539921.979999999
2025-08-01 09:22:07 AM,105.0,0,0.0,8539921.979999999
2025-08-01 09:22:13 AM,105.0,1,105.0,8540026.979999999
2025-08-01 09:22:18 AM,105.08,0,0.0,8540026.979999999
2025-08-01 09:22:20 AM,105.08,485,50963.799999999996,8590990.78
2025-08-01 09:22:21 AM,105.01,0,0.0,8590990.78
2025-08-01 09:22:22 AM,105.01,100,10501.0,8601491.78
2025-08-01 09:22:24 AM,105.11,0,0.0,8601491.78
2025-08-01 09:22:28 AM,104.97,1363,143074.11,8744565.889999999
2025-08-01 09:22:29 AM,105.02,100,10502.0,8755067.889999999
2025-08-01 09:22:32 AM,104.98,0,0.0,8755067.889999999
2025-08-01 09:22:36 AM,104.98,63,6613.740000000001,8761681.629999999
2025-08-01 09:22:37 AM,104.89,410,43004.9,8804686.53
2025-08-01 09:22:37 AM,104.97,0,0.0,8804686.53
2025-08-01 09:22:43 AM,104.98,1500,157470.0,8962156.53
2025-08-01 09:23:06 AM,104.98,541,56794.18,9018950.709999999
2025-08-01 09:23:14 AM,104.8,9681,1014568.7999999999,10033519.51
2025-08-01 09:23:21 AM,104.86,48,5033.28,10038552.79
2025-08-01 09:23:23 AM,104.91,100,10491.0,10049043.79
2025-08-01 09:23:29 AM,104.95,264,27706.8,10076750.59
2025-08-01 09:23:37 AM,104.95,1,104.95,10076855.54
2025-08-01 09:23:43 AM,105.0,0,0.0,10076855.54
2025-08-01 09:23:44 AM,105.0,286,30030.0,10106885.54
2025-08-01 09:23:53 AM,104.95,6,629.7,10107515.239999998
2025-08-01 09:24:07 AM,104.87,76,7970.120000000001,10115485.359999998
2025-08-01 09:24:16 AM,104.89,0,0.0,10115485.359999998
2025-08-01 09:24:16 AM,104.89,38,3985.82,10119471.179999998
2025-08-01 09:24:22 AM,105.04,0,0.0,10119471.179999998
2025-08-01 09:24:23 AM,105.04,1000,105040.0,10224511.179999998
2025-08-01 09:24:32 AM,105.04,1000,105040.0,10329551.179999998
2025-08-01 09:24:45 AM,104.96,566,59407.35999999999,10388958.539999997
2025-08-01 09:25:07 AM,105.1,96,10089.599999999999,10399048.139999997
2025-08-01 09:25:08 AM,105.0,0,0.0,10399048.139999997
2025-08-01 09:25:10 AM,105.08,101,10613.08,10409661.219999997
2025-08-01 09:25:45 AM,105.0,200,21000.0,10430661.219999997
2025-08-01 09:25:53 AM,105.0,1,105.0,10430766.219999997
2025-08-01 09:26:00 AM,105.1,478,50237.799999999996,10481004.019999998
2025-08-01 09:26:20 AM,105.0,0,0.0,10481004.019999998
2025-08-01 09:26:23 AM,105.0,165,17325.0,10498329.019999998
2025-08-01 09:26:35 AM,105.1,0,0.0,10498329.019999998
2025-08-01 09:26:38 AM,105.13,0,0.0,10498329.019999998
2025-08-01 09:26:39 AM,105.13,789,82947.56999999999,10581276.589999998
2025-08-01 09:26:50 AM,105.07,0,0.0,10581276.589999998
2025-08-01 09:26:53 AM,105.25,0,0.0,10581276.589999998
2025-08-01 09:26:54 AM,105.25,1223,128720.75,10709997.339999998
2025-08-01 09:27:02 AM,105.19,2,210.38,10710207.719999999
2025-08-01 09:27:09 AM,105.25,100,10525.0,10720732.719999999
2025-08-01 09:27:16 AM,105.25,4400,463100.0,11183832.719999999
2025-08-01 09:27:17 AM,105.25,18,1894.5,11185727.219999999
2025-08-01 09:27:25 AM,105.25,1,105.25,11185832.469999999
2025-08-01 09:27:30 AM,105.18,0,0.0,11185832.469999999
2025-08-01 09:27:31 AM,105.18,210,22087.800000000003,11207920.27
2025-08-01 09:27:40 AM,105.2,0,0.0,11207920.27
2025-08-01 09:27:46 AM,105.2,1,105.2,11208025.469999999
2025-08-01 09:28:03 AM,105.25,2,210.5,11208235.969999999
2025-08-01 09:28:07 AM,105.3,0,0.0,11208235.969999999
2025-08-01 09:28:09 AM,105.3,251,26430.3,11234666.27
2025-08-01 09:28:24 AM,105.3,100,10530.0,11245196.27
2025-08-01 09:28:25 AM,105.41,0,0.0,11245196.27
2025-08-01 09:28:26 AM,105.41,5051,532425.91,11777622.18
2025-08-01 09:28:30 AM,105.47,0,0.0,11777622.18
2025-08-01 09:28:32 AM,105.47,1100,116017.0,11893639.18
2025-08-01 09:28:51 AM,105.44,0,0.0,11893639.18
2025-08-01 09:28:55 AM,105.44,2508,264443.52,12158082.7
2025-08-01 09:28:56 AM,105.41,400,42164.0,12200246.7
2025-08-01 09:29:02 AM,105.47,2503,263991.41,12464238.11
2025-08-01 09:29:15 AM,105.37,0,0.0,12464238.11
2025-08-01 09:29:18 AM,105.37,700,73759.0,12537997.11
2025-08-01 09:29:25 AM,105.33,600,63198.0,12601195.11
2025-08-01 09:29:40 AM,105.43,250,26357.5,12627552.61
2025-08-01 09:29:48 AM,105.35,1,105.35,12627657.959999999
2025-08-01 09:29:49 AM,105.4,50,5270.0,12632927.959999999
2025-08-01 09:29:55 AM,105.45,1030,108613.5,12741541.459999999
2025-08-01 09:30:10 AM,105.4,2000,210800.0,12952341.459999999
2025-08-01 09:30:15 AM,105.31,0,0.0,12952341.459999999
2025-08-01 09:30:18 AM,105.31,960,101097.6,13053439.059999999
2025-08-01 09:30:29 AM,105.3,0,0.0,13053439.059999999
2025-08-01 09:30:33 AM,105.3,25,2632.5,13056071.559999999
2025-08-01 09:30:36 AM,105.19,0,0.0,13056071.559999999
2025-08-01 09:30:40 AM,105.19,61,6416.59,13062488.149999999
2025-08-01 09:30:47 AM,105.27,2,210.54,13062698.689999998
2025-08-01 09:30:48 AM,105.27,16,1684.32,13064383.009999998
2025-08-01 09:31:03 AM,105.2,50,5260.0,13069643.009999998
2025-08-01 09:31:10 AM,105.27,144,15158.88,13084801.889999999
2025-08-01 09:31:17 AM,105.2,0,0.0,13084801.889999999
2025-08-01 09:31:17 AM,105.2,50,5260.0,13090061.889999999
2025-08-01 09:31:24 AM,105.19,2161,227315.59,13317377.479999999
2025-08-01 09:31:32 AM,105.19,100,10519.0,13327896.479999999
2025-08-01 09:31:35 AM,105.1,0,0.0,13327896.479999999
2025-08-01 09:31:39 AM,105.1,182,19128.2,13347024.679999998
2025-08-01 09:31:46 AM,105.1,930,97743.0,13444767.679999998
2025-08-01 09:31:53 AM,105.01,0,0.0,13444767.679999998
2025-08-01 09:31:53 AM,105.01,119,12496.19,13457263.869999997
2025-08-01 09:31:59 AM,105.09,15,1576.3500000000001,13458840.219999997
2025-08-01 09:32:14 AM,104.92,8275,868213.0,14327053.219999997
2025-08-01 09:32:15 AM,104.99,0,0.0,14327053.219999997
2025-08-01 09:32:21 AM,104.86,0,0.0,14327053.219999997
2025-08-01 09:32:21 AM,104.86,519,54422.34,14381475.559999997
2025-08-01 09:32:27 AM,104.73,0,0.0,14381475.559999997
2025-08-01 09:32:28 AM,104.73,1066,111642.18000000001,14493117.739999996
2025-08-01 09:32:34 AM,104.8,1082,113393.59999999999,14606511.339999996
2025-08-01 09:32:39 AM,104.79,0,0.0,14606511.339999996
2025-08-01 09:32:41 AM,104.79,1,104.79,14606616.129999995
2025-08-01 09:32:48 AM,104.79,800,83832.0,14690448.129999995
2025-08-01 09:32:55 AM,104.81,29,3039.4900000000002,14693487.619999995
2025-08-01 09:33:29 AM,104.9,0,0.0,14693487.619999995
2025-08-01 09:33:30 AM,104.9,100,10490.0,14703977.619999995
2025-08-01 09:33:30 AM,104.9,200,20980.0,14724957.619999995
2025-08-01 09:33:51 AM,104.9,51,5349.900000000001,14730307.519999996
2025-08-01 09:33:54 AM,104.93,0,0.0,14730307.519999996
2025-08-01 09:33:58 AM,104.96,65,6822.4,14737129.919999996
2025-08-01 09:34:11 AM,104.98,0,0.0,14737129.919999996
2025-08-01 09:34:12 AM,104.98,217,22780.66,14759910.579999996
2025-08-01 09:34:19 AM,105.03,229,24051.87,14783962.449999996
2025-08-01 09:34:22 AM,104.99,0,0.0,14783962.449999996
2025-08-01 09:34:24 AM,105.0,0,0.0,14783962.449999996
2025-08-01 09:34:26 AM,105.0,75,7875.0,14791837.449999996
2025-08-01 09:34:29 AM,104.98,0,0.0,14791837.449999996
2025-08-01 09:34:32 AM,104.92,0,0.0,14791837.449999996
2025-08-01 09:34:33 AM,104.97,272,28551.84,14820389.289999995
2025-08-01 09:34:40 AM,104.96,100,10496.0,14830885.289999995
2025-08-01 09:34:49 AM,104.87,0,0.0,14830885.289999995
2025-08-01 09:34:53 AM,104.87,120,12584.400000000001,14843469.689999996
2025-08-01 09:35:22 AM,104.85,266,27890.1,14871359.789999995
2025-08-01 09:35:24 AM,104.8,0,0.0,14871359.789999995
2025-08-01 09:35:29 AM,104.8,578,60574.4,14931934.189999996
2025-08-01 09:35:29 AM,104.79,0,0.0,14931934.189999996
2025-08-01 09:35:35 AM,104.79,101,10583.79,14942517.979999995
2025-08-01 09:35:54 AM,104.78,0,0.0,14942517.979999995
2025-08-01 09:35:56 AM,104.78,52,5448.56,14947966.539999995
2025-08-01 09:36:02 AM,104.71,40,4188.4,14952154.939999996
2025-08-01 09:36:03 AM,104.69,0,0.0,14952154.939999996
2025-08-01 09:36:09 AM,104.69,200,20938.0,14973092.939999996
2025-08-01 09:36:09 AM,104.7,71,7433.7,14980526.639999995
2025-08-01 09:36:22 AM,104.76,1,104.76,14980631.399999995
2025-08-01 09:36:27 AM,104.78,0,0.0,14980631.399999995
2025-08-01 09:36:29 AM,104.72,210,21991.2,15002622.599999994
2025-08-01 09:36:35 AM,104.83,0,0.0,15002622.599999994
2025-08-01 09:36:35 AM,104.83,339,35537.37,15038159.969999993
2025-08-01 09:36:39 AM,104.89,0,0.0,15038159.969999993
2025-08-01 09:36:42 AM,104.89,191,20033.99,15058193.959999993
2025-08-01 09:36:43 AM,104.77,0,0.0,15058193.959999993
2025-08-01 09:36:47 AM,104.83,0,0.0,15058193.959999993
2025-08-01 09:36:48 AM,104.83,275,28828.25,15087022.209999993
2025-08-01 09:36:55 AM,104.74,0,0.0,15087022.209999993
2025-08-01 09:36:55 AM,104.74,1,104.74,15087126.949999994
2025-08-01 09:37:13 AM,104.7,0,0.0,15087126.949999994
2025-08-01 09:37:16 AM,104.7,1519,159039.30000000002,15246166.249999994
2025-08-01 09:37:16 AM,104.7,19,1989.3,15248155.549999995
2025-08-01 09:37:27 AM,104.73,0,0.0,15248155.549999995
2025-08-01 09:37:30 AM,104.7,1496,156631.2,15404786.749999994
2025-08-01 09:37:32 AM,104.58,0,0.0,15404786.749999994
2025-08-01 09:37:37 AM,104.58,1254,131143.32,15535930.069999995
2025-08-01 09:37:41 AM,104.61,0,0.0,15535930.069999995
2025-08-01 09:37:43 AM,104.61,5,523.05,15536453.119999995
2025-08-01 09:37:45 AM,104.7,0,0.0,15536453.119999995
2025-08-01 09:37:50 AM,104.7,9,942.3000000000001,15537395.419999996
2025-08-01 09:37:56 AM,104.7,181,18950.7,15556346.119999995
2025-08-01 09:38:03 AM,104.66,1,104.66,15556450.779999996
2025-08-01 09:38:08 AM,104.58,0,0.0,15556450.779999996
2025-08-01 09:38:10 AM,104.58,468,48943.44,15605394.219999995
2025-08-01 09:38:29 AM,104.5,0,0.0,15605394.219999995
2025-08-01 09:38:30 AM,104.5,389,40650.5,15646044.719999995
2025-08-01 09:38:50 AM,104.57,1292,135104.44,15781149.159999995
2025-08-01 09:38:55 AM,104.58,0,0.0,15781149.159999995
2025-08-01 09:38:57 AM,104.48,980,102390.40000000001,15883539.559999995
2025-08-01 09:39:19 AM,104.45,0,0.0,15883539.559999995
2025-08-01 09:39:24 AM,104.41,1044,109004.04,15992543.599999994
2025-08-01 09:39:28 AM,104.39,0,0.0,15992543.599999994
2025-08-01 09:39:31 AM,104.3,3127,326146.1,16318689.699999994
2025-08-01 09:39:36 AM,104.33,0,0.0,16318689.699999994
2025-08-01 09:39:37 AM,104.33,52,5425.16,16324114.859999994
2025-08-01 09:39:38 AM,104.25,39,4065.75,16328180.609999994
2025-08-01 09:39:44 AM,104.23,381,39711.630000000005,16367892.239999995
2025-08-01 09:39:48 AM,104.31,0,0.0,16367892.239999995
2025-08-01 09:39:50 AM,104.31,20,2086.2,16369978.439999994
2025-08-01 09:39:52 AM,104.25,0,0.0,16369978.439999994
2025-08-01 09:39:56 AM,104.21,0,0.0,16369978.439999994
2025-08-01 09:39:57 AM,104.25,0,0.0,16369978.439999994
2025-08-01 09:39:57 AM,104.25,483,50352.75,16420331.189999994
2025-08-01 09:40:00 AM,104.2,0,0.0,16420331.189999994
2025-08-01 09:40:03 AM,104.2,62,6460.400000000001,16426791.589999994
2025-08-01 09:40:08 AM,104.18,0,0.0,16426791.589999994
2025-08-01 09:40:10 AM,104.18,2336,243364.48,16670156.069999995
2025-08-01 09:40:12 AM,104.12,0,0.0,16670156.069999995
2025-08-01 09:40:16 AM,104.12,934,97248.08,16767404.149999995
2025-08-01 09:40:21 AM,104.13,0,0.0,16767404.149999995
2025-08-01 09:40:23 AM,104.12,0,0.0,16767404.149999995
2025-08-01 09:40:23 AM,104.12,258,26862.960000000003,16794267.109999996
2025-08-01 09:40:24 AM,104.18,25,2604.5,16796871.609999996
2025-08-01 09:40:30 AM,104.15,95,9894.25,16806765.859999996
2025-08-01 09:40:30 AM,104.34,5000,521700.0,17328465.859999996
2025-08-01 09:40:31 AM,104.32,0,0.0,17328465.859999996
2025-08-01 09:40:36 AM,104.32,13,1356.1599999999999,17329822.019999996
2025-08-01 09:40:37 AM,104.21,89,9274.689999999999,17339096.709999997
2025-08-01 09:40:43 AM,104.21,212,22092.52,17361189.229999997
2025-08-01 09:40:47 AM,104.26,0,0.0,17361189.229999997
2025-08-01 09:40:49 AM,104.26,5,521.3000000000001,17361710.529999997
2025-08-01 09:40:50 AM,104.29,102,10637.58,17372348.109999996
2025-08-01 09:40:52 AM,104.5,0,0.0,17372348.109999996
2025-08-01 09:40:56 AM,104.52,4995,522077.39999999997,17894425.509999994
2025-08-01 09:40:58 AM,104.44,0,0.0,17894425.509999994
2025-08-01 09:41:02 AM,104.43,0,0.0,17894425.509999994
2025-08-01 09:41:03 AM,104.43,263,27465.09,17921890.599999994
2025-08-01 09:41:09 AM,104.43,408,42607.44,17964498.039999995
2025-08-01 09:41:15 AM,104.34,0,0.0,17964498.039999995
2025-08-01 09:41:16 AM,104.34,585,61038.9,18025536.939999994
2025-08-01 09:41:17 AM,104.28,225,23463.0,18048999.939999994
2025-08-01 09:41:23 AM,104.34,534,55717.560000000005,18104717.499999993
2025-08-01 09:41:27 AM,104.23,0,0.0,18104717.499999993
2025-08-01 09:41:29 AM,104.23,260,27099.8,18131817.299999993
2025-08-01 09:41:30 AM,104.21,10,1042.1,18132859.399999995
2025-08-01 09:41:31 AM,104.31,0,0.0,18132859.399999995
2025-08-01 09:41:36 AM,104.31,95,9909.45,18142768.849999994
2025-08-01 09:41:39 AM,104.16,0,0.0,18142768.849999994
2025-08-01 09:41:42 AM,104.16,20194,2103407.04,20246175.889999993
2025-08-01 09:41:49 AM,104.13,42,4373.46,20250549.349999994
2025-08-01 09:41:51 AM,104.02,0,0.0,20250549.349999994
2025-08-01 09:41:55 AM,104.11,537,55907.07,20306456.419999994
2025-08-01 09:41:56 AM,104.11,52,5413.72,20311870.139999993
2025-08-01 09:41:59 AM,104.05,0,0.0,20311870.139999993
2025-08-01 09:42:01 AM,104.05,80,8324.0,20320194.139999993
2025-08-01 09:42:03 AM,104.11,0,0.0,20320194.139999993
2025-08-01 09:42:08 AM,104.11,1,104.11,20320298.249999993
2025-08-01 09:42:09 AM,104.11,350,36438.5,20356736.749999993
2025-08-01 09:42:15 AM,104.11,7,728.77,20357465.519999992
2025-08-01 09:42:20 AM,104.02,0,0.0,20357465.519999992
2025-08-01 09:42:22 AM,104.02,259,26941.18,20384406.69999999
2025-08-01 09:42:23 AM,104.09,25,2602.25,20387008.94999999
2025-08-01 09:42:28 AM,104.01,472,49092.72,20436101.66999999
2025-08-01 09:42:34 AM,104.1,0,0.0,20436101.66999999
2025-08-01 09:42:34 AM,104.01,0,0.0,20436101.66999999
2025-08-01 09:42:35 AM,104.01,1487,154662.87,20590764.53999999
2025-08-01 09:42:36 AM,104.01,77,8008.77,20598773.30999999
2025-08-01 09:42:38 AM,104.13,0,0.0,20598773.30999999
2025-08-01 09:42:41 AM,104.13,524,54564.119999999995,20653337.429999992
2025-08-01 09:42:54 AM,104.17,0,0.0,20653337.429999992
2025-08-01 09:42:54 AM,104.17,60,6250.2,20659587.62999999
2025-08-01 09:42:55 AM,104.17,70,7291.900000000001,20666879.52999999
2025-08-01 09:43:08 AM,104.13,57,5935.41,20672814.93999999
2025-08-01 09:43:18 AM,104.24,0,0.0,20672814.93999999
2025-08-01 09:43:21 AM,104.24,5529,576342.96,21249157.89999999
2025-08-01 09:43:26 AM,104.14,0,0.0,21249157.89999999
2025-08-01 09:43:27 AM,104.14,418,43530.52,21292688.41999999
2025-08-01 09:43:30 AM,104.3,0,0.0,21292688.41999999
2025-08-01 09:43:30 AM,104.14,0,0.0,21292688.41999999
2025-08-01 09:43:34 AM,104.21,0,0.0,21292688.41999999
2025-08-01 09:43:34 AM,104.21,4933,514067.93,21806756.34999999
2025-08-01 09:43:40 AM,104.2,500,52100.0,21858856.34999999
2025-08-01 09:43:41 AM,104.14,381,39677.340000000004,21898533.68999999
2025-08-01 09:43:42 AM,104.2,0,0.0,21898533.68999999
2025-08-01 09:43:42 AM,104.25,0,0.0,21898533.68999999
2025-08-01 09:43:46 AM,104.14,0,0.0,21898533.68999999
2025-08-01 09:43:47 AM,104.14,1987,206926.18,22105459.86999999
2025-08-01 09:43:50 AM,104.19,0,0.0,22105459.86999999
2025-08-01 09:43:50 AM,104.22,0,0.0,22105459.86999999
2025-08-01 09:43:53 AM,104.18,1419,147831.42,22253291.28999999
2025-08-01 09:43:54 AM,104.14,157,16349.98,22269641.269999992
2025-08-01 09:44:00 AM,104.11,2486,258817.46,22528458.729999993
2025-08-01 09:44:06 AM,104.14,0,0.0,22528458.729999993
2025-08-01 09:44:06 AM,104.03,0,0.0,22528458.729999993
2025-08-01 09:44:07 AM,104.03,750,78022.5,22606481.229999993
2025-08-01 09:44:08 AM,104.11,2,208.22,22606689.44999999
2025-08-01 09:44:10 AM,104.02,0,0.0,22606689.44999999
2025-08-01 09:44:14 AM,104.02,70,7281.4,22613970.84999999
2025-08-01 09:44:14 AM,104.15,0,0.0,22613970.84999999
2025-08-01 09:44:15 AM,104.15,480,49992.0,22663962.84999999
2025-08-01 09:44:16 AM,104.03,0,0.0,22663962.84999999
2025-08-01 09:44:18 AM,104.09,0,0.0,22663962.84999999
2025-08-01 09:44:20 AM,104.09,72,7494.4800000000005,22671457.32999999
2025-08-01 09:44:27 AM,104.09,2,208.18,22671665.50999999
2025-08-01 09:44:33 AM,104.09,212,22067.08,22693732.58999999
2025-08-01 09:44:40 AM,104.09,33,3434.9700000000003,22697167.559999987
2025-08-01 09:44:46 AM,104.12,1261,131295.32,22828462.879999988
2025-08-01 09:44:47 AM,104.04,120,12484.800000000001,22840947.67999999
2025-08-01 09:44:48 AM,104.11,0,0.0,22840947.67999999
2025-08-01 09:44:52 AM,104.11,65,6767.15,22847714.829999987
2025-08-01 09:44:59 AM,104.11,100,10411.0,22858125.829999987
2025-08-01 09:45:00 AM,104.13,2,208.26,22858334.08999999
2025-08-01 09:45:05 AM,104.13,248,25824.239999999998,22884158.329999987
2025-08-01 09:45:12 AM,104.13,48,4998.24,22889156.569999985
2025-08-01 09:45:13 AM,104.1,0,0.0,22889156.569999985
2025-08-01 09:45:14 AM,104.1,2,208.2,22889364.769999985
2025-08-01 09:45:18 AM,104.04,0,0.0,22889364.769999985
2025-08-01 09:45:19 AM,104.04,163,16958.52,22906323.289999984
2025-08-01 09:45:22 AM,104.02,0,0.0,22906323.289999984
2025-08-01 09:45:25 AM,104.02,653,67925.06,22974248.349999983
2025-08-01 09:45:30 AM,104.07,0,0.0,22974248.349999983
2025-08-01 09:45:31 AM,104.07,4947,514834.29,23489082.639999982
2025-08-01 09:45:34 AM,104.0,0,0.0,23489082.639999982
2025-08-01 09:45:38 AM,104.01,1306,135837.06,23624919.69999998
2025-08-01 09:45:39 AM,104.01,235,24442.350000000002,23649362.049999982
2025-08-01 09:45:42 AM,104.07,0,0.0,23649362.049999982
2025-08-01 09:45:44 AM,104.07,1,104.07,23649466.119999982
2025-08-01 09:45:52 AM,104.02,89,9257.779999999999,23658723.899999984
2025-08-01 09:45:57 AM,104.02,521,54194.42,23712918.319999985
2025-08-01 09:45:59 AM,104.02,13,1352.26,23714270.579999987
2025-08-01 09:46:04 AM,104.02,47,4888.94,23719159.51999999
2025-08-01 09:46:10 AM,104.02,129,13418.58,23732578.099999987
2025-08-01 09:46:17 AM,104.02,575,59811.5,23792389.599999987
2025-08-01 09:46:23 AM,104.02,670,69693.4,23862082.999999985
2025-08-01 09:46:30 AM,104.02,473,49201.46,23911284.459999986
2025-08-01 09:46:36 AM,104.02,122,12690.439999999999,23923974.899999987
2025-08-01 09:46:42 AM,104.02,218,22676.36,23946651.259999987
2025-08-01 09:46:44 AM,104.02,20,2080.4,23948731.659999985
2025-08-01 09:46:50 AM,104.0,1000,104000.0,24052731.659999985
2025-08-01 09:46:57 AM,104.0,1,104.0,24052835.659999985
2025-08-01 09:47:01 AM,104.0,82,8528.0,24061363.659999985
2025-08-01 09:47:03 AM,104.0,148,15392.0,24076755.659999985
2025-08-01 09:47:08 AM,104.03,0,0.0,24076755.659999985
2025-08-01 09:47:09 AM,104.02,360,37447.2,24114202.859999985
2025-08-01 09:47:15 AM,104.02,30,3120.6,24117323.459999986
2025-08-01 09:47:19 AM,104.02,1634,169968.68,24287292.139999986
2025-08-01 09:47:22 AM,104.02,514,53466.28,24340758.419999987
2025-08-01 09:47:27 AM,104.03,0,0.0,24340758.419999987
2025-08-01 09:47:28 AM,104.03,38,3953.14,24344711.559999987
2025-08-01 09:47:43 AM,104.0,0,0.0,24344711.559999987
2025-08-01 09:47:46 AM,104.0,491,51064.0,24395775.559999987
2025-08-01 09:47:48 AM,104.0,106,11024.0,24406799.559999987
2025-08-01 09:47:52 AM,104.0,262,27248.0,24434047.559999987
2025-08-01 09:47:55 AM,104.0,215,22360.0,24456407.559999987
2025-08-01 09:47:59 AM,104.0,71,7384.0,24463791.559999987
2025-08-01 09:48:05 AM,103.95,7164,744697.8,25208489.35999999
2025-08-01 09:48:08 AM,103.95,23,2390.85,25210880.20999999
2025-08-01 09:48:12 AM,103.9,198,20572.2,25231452.40999999
2025-08-01 09:48:14 AM,103.95,0,0.0,25231452.40999999
2025-08-01 09:48:14 AM,103.95,50,5197.5,25236649.90999999
2025-08-01 09:48:18 AM,103.89,0,0.0,25236649.90999999
2025-08-01 09:48:18 AM,103.89,614,63788.46,25300438.36999999
2025-08-01 09:48:21 AM,103.77,6138,636940.26,25937378.62999999
2025-08-01 09:48:22 AM,103.78,0,0.0,25937378.62999999
2025-08-01 09:48:22 AM,103.87,0,0.0,25937378.62999999
2025-08-01 09:48:25 AM,103.87,10,1038.7,25938417.32999999
2025-08-01 09:48:26 AM,103.77,0,0.0,25938417.32999999
2025-08-01 09:48:27 AM,103.85,482,50055.7,25988473.02999999
2025-08-01 09:48:31 AM,103.85,107,11111.949999999999,25999584.97999999
2025-08-01 09:48:38 AM,103.7,0,0.0,25999584.97999999
2025-08-01 09:48:38 AM,103.7,7315,758565.5,26758150.47999999
2025-08-01 09:48:44 AM,103.7,11,1140.7,26759291.17999999
2025-08-01 09:48:50 AM,103.75,0,0.0,26759291.17999999
2025-08-01 09:48:50 AM,103.66,982,101794.12,26861085.29999999
2025-08-01 09:49:06 AM,103.7,91,9436.7,26870521.99999999
2025-08-01 09:49:09 AM,103.7,79,8192.300000000001,26878714.29999999
2025-08-01 09:49:10 AM,103.75,0,0.0,26878714.29999999
2025-08-01 09:49:12 AM,103.75,74,7677.5,26886391.79999999
2025-08-01 09:49:14 AM,103.77,0,0.0,26886391.79999999
2025-08-01 09:49:16 AM,103.77,105,10895.85,26897287.64999999
2025-08-01 09:49:24 AM,103.67,2432,252125.44,27149413.089999992
2025-08-01 09:49:27 AM,103.73,0,0.0,27149413.089999992
2025-08-01 09:49:28 AM,103.73,50,5186.5,27154599.589999992
2025-08-01 09:49:33 AM,103.66,0,0.0,27154599.589999992
2025-08-01 09:49:34 AM,103.66,6,621.96,27155221.549999993
2025-08-01 09:49:39 AM,103.61,0,0.0,27155221.549999993
2025-08-01 09:49:40 AM,103.61,279,28907.19,27184128.739999995
2025-08-01 09:49:43 AM,103.6,166,17197.6,27201326.339999996
2025-08-01 09:49:47 AM,103.6,7,725.1999999999999,27202051.539999995
2025-08-01 09:49:53 AM,103.66,50,5183.0,27207234.539999995
2025-08-01 09:50:00 AM,103.66,2,207.32,27207441.859999996
2025-08-01 09:50:02 AM,103.69,0,0.0,27207441.859999996
2025-08-01 09:50:03 AM,103.69,1100,114059.0,27321500.859999996
2025-08-01 09:50:08 AM,103.6,0,0.0,27321500.859999996
2025-08-01 09:50:09 AM,103.6,100,10360.0,27331860.859999996
2025-08-01 09:50:11 AM,103.83,0,0.0,27331860.859999996
2025-08-01 09:50:12 AM,103.92,2089,217088.88,27548949.739999995
2025-08-01 09:50:14 AM,104.05,0,0.0,27548949.739999995
2025-08-01 09:50:16 AM,104.05,503,52337.15,27601286.889999993
2025-08-01 09:50:25 AM,104.13,1214,126413.81999999999,27727700.709999993
2025-08-01 09:50:31 AM,103.77,5329,552990.33,28280691.03999999
2025-08-01 09:50:40 AM,103.84,0,0.0,28280691.03999999
2025-08-01 09:50:40 AM,103.84,1000,103840.0,28384531.03999999
2025-08-01 09:50:44 AM,103.77,0,0.0,28384531.03999999
2025-08-01 09:50:46 AM,103.77,5097,528915.69,28913446.729999993
2025-08-01 09:50:49 AM,103.8,0,0.0,28913446.729999993
2025-08-01 09:50:50 AM,103.8,10,1038.0,28914484.729999993
2025-08-01 09:50:52 AM,103.81,0,0.0,28914484.729999993
2025-08-01 09:50:53 AM,103.81,100,10381.0,28924865.729999993
2025-08-01 09:50:55 AM,103.74,0,0.0,28924865.729999993
2025-08-01 09:50:56 AM,103.68,0,0.0,28924865.729999993
2025-08-01 09:50:57 AM,103.68,635,65836.8,28990702.529999994
2025-08-01 09:50:59 AM,103.71,54,5600.339999999999,28996302.869999994
2025-08-01 09:51:02 AM,103.76,0,0.0,28996302.869999994
2025-08-01 09:51:03 AM,103.76,50,5188.0,29001490.869999994
2025-08-01 09:51:05 AM,103.8,77,7992.599999999999,29009483.469999995
2025-08-01 09:51:09 AM,103.81,88,9135.28,29018618.749999996
2025-08-01 09:51:16 AM,103.71,1970,204308.69999999998,29222927.449999996
2025-08-01 09:51:20 AM,103.66,0,0.0,29222927.449999996
2025-08-01 09:51:21 AM,103.74,0,0.0,29222927.449999996
2025-08-01 09:51:22 AM,103.74,775,80398.5,29303325.949999996
2025-08-01 09:51:24 AM,103.8,0,0.0,29303325.949999996
2025-08-01 09:51:24 AM,103.8,623,64667.4,29367993.349999994
2025-08-01 09:51:28 AM,103.9,25,2597.5,29370590.849999994
2025-08-01 09:51:30 AM,103.82,0,0.0,29370590.849999994
2025-08-01 09:51:30 AM,103.82,256,26577.92,29397168.769999996
2025-08-01 09:51:34 AM,103.8,911,94561.8,29491730.569999997
2025-08-01 09:51:42 AM,103.85,0,0.0,29491730.569999997
2025-08-01 09:51:43 AM,103.85,240,24924.0,29516654.569999997
2025-08-01 09:51:44 AM,103.8,0,0.0,29516654.569999997
2025-08-01 09:51:47 AM,103.8,964,100063.2,29616717.769999996
2025-08-01 09:51:48 AM,103.72,0,0.0,29616717.769999996
2025-08-01 09:51:49 AM,103.7,1180,122366.0,29739083.769999996
2025-08-01 09:51:53 AM,103.75,279,28946.25,29768030.019999996
2025-08-01 09:52:02 AM,103.7,141,14621.7,29782651.719999995
2025-08-01 09:52:05 AM,103.7,67,6947.900000000001,29789599.619999994
2025-08-01 09:52:07 AM,103.68,0,0.0,29789599.619999994
2025-08-01 09:52:08 AM,103.68,77,7983.360000000001,29797582.979999993
2025-08-01 09:52:11 AM,103.68,48,4976.64,29802559.619999994
2025-08-01 09:52:16 AM,103.73,0,0.0,29802559.619999994
2025-08-01 09:52:17 AM,103.73,96,9958.08,29812517.69999999
2025-08-01 09:52:19 AM,103.71,0,0.0,29812517.69999999
2025-08-01 09:52:20 AM,103.71,97,10059.869999999999,29822577.569999993
2025-08-01 09:52:25 AM,103.75,0,0.0,29822577.569999993
2025-08-01 09:52:26 AM,103.75,6,622.5,29823200.069999993
2025-08-01 09:52:31 AM,103.8,0,0.0,29823200.069999993
2025-08-01 09:52:31 AM,103.71,0,0.0,29823200.069999993
2025-08-01 09:52:32 AM,103.71,197,20430.87,29843630.939999994
2025-08-01 09:52:36 AM,103.78,10,1037.8,29844668.739999995
2025-08-01 09:52:42 AM,103.89,4798,498464.22000000003,30343132.959999993
2025-08-01 09:52:43 AM,103.85,0,0.0,30343132.959999993
2025-08-01 09:52:44 AM,103.85,62,6438.7,30349571.659999993
2025-08-01 09:52:56 AM,103.89,501,52048.89,30401620.549999993
2025-08-01 09:53:01 AM,103.85,0,0.0,30401620.549999993
2025-08-01 09:53:02 AM,103.85,457,47459.45,30449079.999999993
2025-08-01 09:53:06 AM,103.91,275,28575.25,30477655.249999993
2025-08-01 09:53:07 AM,103.86,0,0.0,30477655.249999993
2025-08-01 09:53:08 AM,103.86,1,103.86,30477759.109999992
2025-08-01 09:53:33 AM,103.86,254,26380.44,30504139.549999993
2025-08-01 09:53:44 AM,103.86,61,6335.46,30510475.009999994
2025-08-01 09:53:50 AM,103.85,0,0.0,30510475.009999994
2025-08-01 09:53:50 AM,103.85,274,28454.899999999998,30538929.909999993
2025-08-01 09:53:51 AM,103.85,30,3115.5,30542045.409999993
2025-08-01 09:54:11 AM,103.91,0,0.0,30542045.409999993
2025-08-01 09:54:14 AM,103.91,48,4987.68,30547033.089999992
2025-08-01 09:54:20 AM,103.85,0,0.0,30547033.089999992
2025-08-01 09:54:21 AM,103.85,161,16719.85,30563752.939999994
2025-08-01 09:54:27 AM,103.85,8,830.8,30564583.739999995
2025-08-01 09:54:30 AM,103.72,0,0.0,30564583.739999995
2025-08-01 09:54:33 AM,103.72,689,71463.08,30636046.819999993
2025-08-01 09:54:36 AM,103.71,0,0.0,30636046.819999993
2025-08-01 09:54:39 AM,103.77,242,25112.34,30661159.159999993
2025-08-01 09:54:45 AM,103.77,5,518.85,30661678.009999994
2025-08-01 09:54:46 AM,103.77,70,7263.9,30668941.909999993
2025-08-01 09:54:48 AM,103.8,0,0.0,30668941.909999993
2025-08-01 09:54:51 AM,103.94,4000,415760.0,31084701.909999993
2025-08-01 09:55:00 AM,103.77,0,0.0,31084701.909999993
2025-08-01 09:55:02 AM,103.73,41,4252.93,31088954.839999992
2025-08-01 09:55:14 AM,103.85,5,519.25,31089474.089999992
2025-08-01 09:55:19 AM,103.75,0,0.0,31089474.089999992
2025-08-01 09:55:20 AM,103.75,47,4876.25,31094350.339999992
2025-08-01 09:55:25 AM,103.85,0,0.0,31094350.339999992
2025-08-01 09:55:26 AM,103.85,481,49951.85,31144302.189999994
2025-08-01 09:55:28 AM,103.72,1200,124464.0,31268766.189999994
2025-08-01 09:55:32 AM,103.71,100,10371.0,31279137.189999994
2025-08-01 09:55:37 AM,103.7,0,0.0,31279137.189999994
2025-08-01 09:55:38 AM,103.75,0,0.0,31279137.189999994
2025-08-01 09:55:38 AM,103.75,85,8818.75,31287955.939999994
2025-08-01 09:55:41 AM,103.86,0,0.0,31287955.939999994
2025-08-01 09:55:44 AM,103.8,2137,221820.6,31509776.539999995
2025-08-01 09:55:51 AM,103.85,0,0.0,31509776.539999995
2025-08-01 09:55:51 AM,103.85,67,6957.95,31516734.489999995
2025-08-01 09:56:02 AM,103.71,0,0.0,31516734.489999995
2025-08-01 09:56:03 AM,103.71,383,39720.93,31556455.419999994
2025-08-01 09:56:20 AM,103.7,0,0.0,31556455.419999994
2025-08-01 09:56:21 AM,103.7,33,3422.1,31559877.519999996
2025-08-01 09:56:22 AM,103.7,76,7881.2,31567758.719999995
2025-08-01 09:56:30 AM,103.74,0,0.0,31567758.719999995
2025-08-01 09:56:32 AM,103.74,420,43570.799999999996,31611329.519999996
2025-08-01 09:56:43 AM,103.84,0,0.0,31611329.519999996
2025-08-01 09:56:44 AM,103.71,0,0.0,31611329.519999996
2025-08-01 09:56:45 AM,103.74,18624,1932053.76,33543383.279999997
2025-08-01 09:56:46 AM,103.83,143,14847.69,33558230.97
2025-08-01 09:56:48 AM,103.76,0,0.0,33558230.97
2025-08-01 09:56:51 AM,103.76,75,7782.0,33566012.97
2025-08-01 09:56:52 AM,103.72,88,9127.36,33575140.33
2025-08-01 09:56:56 AM,103.71,0,0.0,33575140.33
2025-08-01 09:56:57 AM,103.71,1,103.71,33575244.04
2025-08-01 09:57:03 AM,103.7,22,2281.4,33577525.44
2025-08-01 09:57:08 AM,103.78,0,0.0,33577525.44
2025-08-01 09:57:09 AM,103.78,150,15567.0,33593092.44
2025-08-01 09:57:16 AM,103.82,0,0.0,33593092.44
2025-08-01 09:57:16 AM,103.82,670,69559.4,33662651.839999996
2025-08-01 09:57:24 AM,103.79,0,0.0,33662651.839999996
2025-08-01 09:57:26 AM,103.79,4,415.16,33663066.99999999
2025-08-01 09:57:36 AM,103.76,0,0.0,33663066.99999999
2025-08-01 09:57:37 AM,103.76,440,45654.4,33708721.39999999
2025-08-01 09:57:48 AM,103.71,0,0.0,33708721.39999999
2025-08-01 09:57:50 AM,103.71,279,28935.089999999997,33737656.489999995
2025-08-01 09:58:00 AM,103.79,0,0.0,33737656.489999995
2025-08-01 09:58:02 AM,103.76,3010,312317.60000000003,34049974.089999996
2025-08-01 09:58:04 AM,103.7,0,0.0,34049974.089999996
2025-08-01 09:58:05 AM,103.7,80,8296.0,34058270.089999996
2025-08-01 09:58:11 AM,103.7,2000,207400.0,34265670.089999996
2025-08-01 09:58:14 AM,103.7,194,20117.8,34285787.88999999
2025-08-01 09:58:20 AM,103.77,10,1037.7,34286825.589999996
2025-08-01 09:58:32 AM,103.75,21,2178.75,34289004.339999996
2025-08-01 09:58:35 AM,103.81,1,103.81,34289108.15
2025-08-01 09:58:41 AM,103.75,0,0.0,34289108.15
2025-08-01 09:58:41 AM,103.75,36,3735.0,34292843.15
2025-08-01 09:58:44 AM,103.85,250,25962.5,34318805.65
2025-08-01 09:58:47 AM,103.76,114,11828.640000000001,34330634.29
2025-08-01 09:58:50 AM,103.72,52,5393.44,34336027.73
2025-08-01 09:58:57 AM,103.83,0,0.0,34336027.73
2025-08-01 09:58:59 AM,103.83,20,2076.6,34338104.33
2025-08-01 09:59:01 AM,103.75,0,0.0,34338104.33
2025-08-01 09:59:03 AM,103.75,25,2593.75,34340698.08
2025-08-01 09:59:05 AM,103.81,30,3114.3,34343812.379999995
2025-08-01 09:59:15 AM,103.7,0,0.0,34343812.379999995
2025-08-01 09:59:15 AM,103.7,282,29243.4,34373055.779999994
2025-08-01 09:59:21 AM,103.7,4417,458042.9,34831098.67999999
2025-08-01 09:59:24 AM,103.7,55,5703.5,34836802.17999999
2025-08-01 09:59:28 AM,103.7,174,18043.8,34854845.97999999
2025-08-01 09:59:34 AM,103.65,0,0.0,34854845.97999999
2025-08-01 09:59:34 AM,103.65,51787,5367722.550000001,40222568.52999999
2025-08-01 09:59:40 AM,103.6,0,0.0,40222568.52999999
2025-08-01 09:59:40 AM,103.6,124,12846.4,40235414.929999985
2025-08-01 09:59:43 AM,103.65,2,207.3,40235622.22999998
2025-08-01 10:00:01 AM,103.65,5,518.25,40236140.47999998
2025-08-01 10:00:05 AM,103.65,890,92248.5,40328388.97999998
2025-08-01 10:00:11 AM,103.58,8,828.64,40329217.61999998
2025-08-01 10:00:14 AM,103.5,0,0.0,40329217.61999998
2025-08-01 10:00:14 AM,103.5,5310,549585.0,40878802.61999998
2025-08-01 10:00:18 AM,103.5,129,13351.5,40892154.11999998
2025-08-01 10:00:21 AM,103.5,258,26703.0,40918857.11999998
2025-08-01 10:00:24 AM,103.4,2081,215175.40000000002,41134032.51999998
2025-08-01 10:00:26 AM,103.5,0,0.0,41134032.51999998
2025-08-01 10:00:27 AM,103.41,140,14477.4,41148509.91999998
2025-08-01 10:00:30 AM,103.47,5117,529455.99,41677965.90999998
2025-08-01 10:00:33 AM,103.47,26,2690.22,41680656.12999998
2025-08-01 10:00:37 AM,103.47,316,32696.52,41713352.64999998
2025-08-01 10:00:40 AM,103.33,4315,445868.95,42159221.59999999
2025-08-01 10:00:43 AM,103.38,0,0.0,42159221.59999999
2025-08-01 10:00:43 AM,103.38,563,58202.939999999995,42217424.539999984
2025-08-01 10:00:55 AM,103.28,1010,104312.8,42321737.33999998
2025-08-01 10:01:02 AM,103.31,116,11983.960000000001,42333721.29999998
2025-08-01 10:01:05 AM,103.36,1,103.36,42333824.65999998
2025-08-01 10:01:07 AM,103.35,0,0.0,42333824.65999998
2025-08-01 10:01:08 AM,103.35,771,79682.84999999999,42413507.50999998
2025-08-01 10:01:15 AM,103.38,53,5479.139999999999,42418986.64999998
2025-08-01 10:01:18 AM,103.3,0,0.0,42418986.64999998
2025-08-01 10:01:18 AM,103.3,2050,211765.0,42630751.64999998
2025-08-01 10:01:29 AM,103.38,0,0.0,42630751.64999998
2025-08-01 10:01:30 AM,103.38,1,103.38,42630855.02999999
2025-08-01 10:01:42 AM,103.42,0,0.0,42630855.02999999
2025-08-01 10:01:43 AM,103.42,1158,119760.36,42750615.389999986
2025-08-01 10:01:45 AM,103.4,101,10443.400000000001,42761058.789999984
2025-08-01 10:01:58 AM,103.47,0,0.0,42761058.789999984
2025-08-01 10:02:01 AM,103.47,195,20176.65,42781235.43999998
2025-08-01 10:02:06 AM,103.5,0,0.0,42781235.43999998
2025-08-01 10:02:07 AM,103.44,48,4965.12,42786200.55999998
2025-08-01 10:02:13 AM,103.48,0,0.0,42786200.55999998
2025-08-01 10:02:14 AM,103.48,1001,103583.48000000001,42889784.03999998
2025-08-01 10:02:18 AM,103.55,0,0.0,42889784.03999998
2025-08-01 10:02:20 AM,103.55,50,5177.5,42894961.53999998
2025-08-01 10:02:26 AM,103.55,213,22056.149999999998,42917017.689999975
2025-08-01 10:02:33 AM,103.55,45,4659.75,42921677.439999975
2025-08-01 10:02:39 AM,103.55,18,1863.8999999999999,42923541.339999974
2025-08-01 10:02:44 AM,103.59,0,0.0,42923541.339999974
2025-08-01 10:02:46 AM,103.59,63,6526.17,42930067.509999976
2025-08-01 10:02:47 AM,103.6,40,4144.0,42934211.509999976
2025-08-01 10:02:52 AM,103.53,111,11491.83,42945703.339999974
2025-08-01 10:02:58 AM,103.53,92,9524.76,42955228.09999997
2025-08-01 10:03:04 AM,103.57,39,4039.2299999999996,42959267.32999997
2025-08-01 10:03:06 AM,103.46,1008,104287.68,43063555.00999997
2025-08-01 10:03:09 AM,103.49,0,0.0,43063555.00999997
2025-08-01 10:03:11 AM,103.5,53,5485.5,43069040.50999997
2025-08-01 10:03:13 AM,103.44,0,0.0,43069040.50999997
2025-08-01 10:03:13 AM,103.44,2,206.88,43069247.38999997
2025-08-01 10:03:17 AM,103.43,0,0.0,43069247.38999997
2025-08-01 10:03:17 AM,103.43,401,41475.43,43110722.81999997
2025-08-01 10:03:20 AM,103.43,416,43026.880000000005,43153749.69999997
2025-08-01 10:03:24 AM,103.5,20,2070.0,43155819.69999997
2025-08-01 10:03:25 AM,103.72,0,0.0,43155819.69999997
2025-08-01 10:03:26 AM,103.72,4198,435416.56,43591236.259999976
2025-08-01 10:03:37 AM,103.65,0,0.0,43591236.259999976
2025-08-01 10:03:37 AM,103.65,27,2798.55,43594034.80999997
2025-08-01 10:03:39 AM,103.71,1,103.71,43594138.51999997
2025-08-01 10:03:43 AM,103.75,1219,126471.25,43720609.76999997
2025-08-01 10:03:49 AM,103.84,0,0.0,43720609.76999997
2025-08-01 10:03:49 AM,103.84,1145,118896.8,43839506.56999997
2025-08-01 10:04:01 AM,103.82,0,0.0,43839506.56999997
2025-08-01 10:04:01 AM,103.82,272,28239.039999999997,43867745.60999997
2025-08-01 10:04:05 AM,103.81,0,0.0,43867745.60999997
2025-08-01 10:04:08 AM,103.72,4034,418406.48,44286152.08999997
2025-08-01 10:04:27 AM,103.72,23,2385.56,44288537.64999997
2025-08-01 10:04:29 AM,103.75,0,0.0,44288537.64999997
2025-08-01 10:04:29 AM,103.75,50,5187.5,44293725.14999997
2025-08-01 10:04:33 AM,103.65,0,0.0,44293725.14999997
2025-08-01 10:04:33 AM,103.65,1001,103753.65000000001,44397478.79999997
2025-08-01 10:04:38 AM,103.7,0,0.0,44397478.79999997
2025-08-01 10:04:39 AM,103.7,16,1659.2,44399137.99999997
2025-08-01 10:04:41 AM,103.79,50,5189.5,44404327.49999997
2025-08-01 10:04:47 AM,103.78,49,5085.22,44409412.71999997
2025-08-01 10:04:54 AM,103.65,217,22492.050000000003,44431904.769999966
2025-08-01 10:04:58 AM,103.71,7,725.9699999999999,44432630.739999965
2025-08-01 10:05:02 AM,103.65,0,0.0,44432630.739999965
2025-08-01 10:05:04 AM,103.65,23,2383.9500000000003,44435014.68999997
2025-08-01 10:05:16 AM,103.65,104,10779.6,44445794.28999997
2025-08-01 10:05:26 AM,103.6,0,0.0,44445794.28999997
2025-08-01 10:05:29 AM,103.6,1030,106708.0,44552502.28999997
2025-08-01 10:05:30 AM,103.53,0,0.0,44552502.28999997
2025-08-01 10:05:31 AM,103.53,145,15011.85,44567514.13999997
2025-08-01 10:05:47 AM,103.68,1553,161015.04,44728529.17999997
2025-08-01 10:05:59 AM,103.74,47,4875.78,44733404.95999997
2025-08-01 10:06:13 AM,103.73,218,22613.14,44756018.09999997
2025-08-01 10:06:16 AM,103.74,495,51351.299999999996,44807369.39999997
2025-08-01 10:06:22 AM,103.68,40,4147.200000000001,44811516.59999997
2025-08-01 10:06:30 AM,103.65,155,16065.75,44827582.34999997
2025-08-01 10:06:40 AM,103.65,90,9328.5,44836910.84999997
2025-08-01 10:06:43 AM,103.71,220,22816.199999999997,44859727.049999975
2025-08-01 10:06:46 AM,103.71,269,27897.989999999998,44887625.03999998
2025-08-01 10:06:48 AM,103.7,1000,103700.0,44991325.03999998
2025-08-01 10:06:53 AM,103.65,17,1762.0500000000002,44993087.089999974
2025-08-01 10:06:55 AM,103.65,185,19175.25,45012262.339999974
2025-08-01 10:06:59 AM,103.65,267,27674.550000000003,45039936.88999997
2025-08-01 10:07:01 AM,103.65,200,20730.0,45060666.88999997
2025-08-01 10:07:05 AM,103.65,6,621.9000000000001,45061288.78999997
2025-08-01 10:07:11 AM,103.65,922,95565.3,45156854.08999997
2025-08-01 10:07:24 AM,103.65,249,25808.850000000002,45182662.93999997
2025-08-01 10:07:26 AM,103.65,128,13267.2,45195930.13999997
2025-08-01 10:07:32 AM,103.65,160,16584.0,45212514.13999997
2025-08-01 10:07:36 AM,103.65,7561,783697.65,45996211.78999997
2025-08-01 10:07:42 AM,103.64,0,0.0,45996211.78999997
2025-08-01 10:07:42 AM,103.64,100,10364.0,46006575.78999997
2025-08-01 10:07:44 AM,103.63,100,10363.0,46016938.78999997
2025-08-01 10:07:55 AM,103.5,349,36121.5,46053060.28999997
2025-08-01 10:07:56 AM,103.54,31,3209.7400000000002,46056270.02999997
2025-08-01 10:08:01 AM,103.45,1699,175761.55000000002,46232031.57999997
2025-08-01 10:08:02 AM,103.39,0,0.0,46232031.57999997
2025-08-01 10:08:02 AM,103.39,278,28742.420000000002,46260773.99999997
2025-08-01 10:08:06 AM,103.48,0,0.0,46260773.99999997
2025-08-01 10:08:07 AM,103.43,0,0.0,46260773.99999997
2025-08-01 10:08:07 AM,103.43,374,38682.82,46299456.81999997
2025-08-01 10:08:09 AM,103.55,368,38106.4,46337563.21999997
2025-08-01 10:08:11 AM,103.44,0,0.0,46337563.21999997
2025-08-01 10:08:13 AM,103.44,32,3310.08,46340873.29999997
2025-08-01 10:08:15 AM,103.49,50,5174.5,46346047.79999997
2025-08-01 10:08:19 AM,103.33,3017,311746.61,46657794.40999997
2025-08-01 10:08:25 AM,103.59,2415,250169.85,46907964.25999997
2025-08-01 10:08:30 AM,103.54,0,0.0,46907964.25999997
2025-08-01 10:08:31 AM,103.54,1,103.54,46908067.79999997
2025-08-01 10:08:41 AM,103.63,0,0.0,46908067.79999997
2025-08-01 10:08:43 AM,103.57,27,2796.39,46910864.18999997
2025-08-01 10:08:47 AM,103.65,0,0.0,46910864.18999997
2025-08-01 10:08:49 AM,103.65,20,2073.0,46912937.18999997
2025-08-01 10:08:54 AM,103.62,0,0.0,46912937.18999997
2025-08-01 10:08:55 AM,103.62,151,15646.62,46928583.809999965
2025-08-01 10:09:00 AM,103.59,0,0.0,46928583.809999965
2025-08-01 10:09:01 AM,103.65,86,8913.9,46937497.70999996
2025-08-01 10:09:08 AM,103.69,0,0.0,46937497.70999996
2025-08-01 10:09:09 AM,103.69,10,1036.9,46938534.60999996
2025-08-01 10:09:11 AM,103.65,0,0.0,46938534.60999996
2025-08-01 10:09:13 AM,103.65,14,1451.1000000000001,46939985.70999996
2025-08-01 10:09:19 AM,103.65,1600,165840.0,47105825.70999996
2025-08-01 10:09:25 AM,103.61,334,34605.74,47140431.449999966
2025-08-01 10:09:29 AM,103.63,0,0.0,47140431.449999966
2025-08-01 10:09:31 AM,103.63,10,1036.3,47141467.74999996
2025-08-01 10:09:38 AM,103.47,0,0.0,47141467.74999996
2025-08-01 10:09:38 AM,103.47,3000,310410.0,47451877.74999996
2025-08-01 10:09:41 AM,103.46,0,0.0,47451877.74999996
2025-08-01 10:09:42 AM,103.46,119,12311.74,47464189.489999965
2025-08-01 10:09:48 AM,103.42,210,21718.2,47485907.68999997
2025-08-01 10:09:50 AM,103.58,0,0.0,47485907.68999997
2025-08-01 10:09:50 AM,103.58,2027,209956.66,47695864.349999964
2025-08-01 10:09:57 AM,103.6,0,0.0,47695864.349999964
2025-08-01 10:09:59 AM,103.6,23,2382.7999999999997,47698247.14999996
2025-08-01 10:10:11 AM,103.66,0,0.0,47698247.14999996
2025-08-01 10:10:11 AM,103.66,15,1554.8999999999999,47699802.04999996
2025-08-01 10:10:17 AM,103.67,312,32345.04,47732147.08999996
2025-08-01 10:10:18 AM,103.55,0,0.0,47732147.08999996
2025-08-01 10:10:19 AM,103.55,97,10044.35,47742191.43999996
2025-08-01 10:10:25 AM,103.63,801,83007.62999999999,47825199.06999996
2025-08-01 10:10:28 AM,103.54,10,1035.4,47826234.46999996
2025-08-01 10:10:30 AM,103.59,100,10359.0,47836593.46999996
2025-08-01 10:10:32 AM,103.5,0,0.0,47836593.46999996
2025-08-01 10:10:35 AM,103.5,19,1966.5,47838559.96999996
2025-08-01 10:10:38 AM,103.52,0,0.0,47838559.96999996
2025-08-01 10:10:41 AM,103.52,25,2588.0,47841147.96999996
2025-08-01 10:10:53 AM,103.57,0,0.0,47841147.96999996
2025-08-01 10:10:53 AM,103.64,115,11918.6,47853066.56999996
2025-08-01 10:10:56 AM,103.69,0,0.0,47853066.56999996
2025-08-01 10:10:58 AM,103.69,1001,103793.69,47956860.25999996
2025-08-01 10:11:05 AM,103.78,0,0.0,47956860.25999996
2025-08-01 10:11:06 AM,103.78,4,415.12,47957275.37999996
2025-08-01 10:11:10 AM,103.7,1,103.7,47957379.07999996
2025-08-01 10:11:23 AM,103.72,5200,539344.0,48496723.07999996
2025-08-01 10:11:26 AM,103.9,0,0.0,48496723.07999996
2025-08-01 10:11:28 AM,103.9,2316,240632.40000000002,48737355.47999996
2025-08-01 10:11:32 AM,103.99,0,0.0,48737355.47999996
2025-08-01 10:11:33 AM,103.99,61,6343.389999999999,48743698.86999996
2025-08-01 10:11:38 AM,104.0,0,0.0,48743698.86999996
2025-08-01 10:11:39 AM,104.0,200,20800.0,48764498.86999996
2025-08-01 10:11:52 AM,103.99,102,10606.98,48775105.84999996
2025-08-01 10:12:03 AM,103.95,290,30145.5,48805251.34999996
2025-08-01 10:12:09 AM,103.95,156,16216.2,48821467.54999996
2025-08-01 10:12:14 AM,103.93,0,0.0,48821467.54999996
2025-08-01 10:12:15 AM,103.93,74,7690.820000000001,48829158.36999996
2025-08-01 10:12:15 AM,103.91,78,8104.98,48837263.34999996
2025-08-01 10:12:23 AM,103.89,0,0.0,48837263.34999996
2025-08-01 10:12:26 AM,103.89,200,20778.0,48858041.34999996
2025-08-01 10:12:29 AM,103.78,0,0.0,48858041.34999996
2025-08-01 10:12:32 AM,103.76,113,11724.880000000001,48869766.22999996
2025-08-01 10:12:33 AM,103.74,116,12033.84,48881800.06999996
2025-08-01 10:12:35 AM,103.84,0,0.0,48881800.06999996
2025-08-01 10:12:38 AM,103.75,2505,259893.75,49141693.81999996
2025-08-01 10:12:43 AM,103.87,500,51935.0,49193628.81999996
2025-08-01 10:12:55 AM,103.88,100,10388.0,49204016.81999996
2025-08-01 10:12:59 AM,103.78,0,0.0,49204016.81999996
2025-08-01 10:13:01 AM,103.78,50,5189.0,49209205.81999996
2025-08-01 10:13:17 AM,103.87,0,0.0,49209205.81999996
2025-08-01 10:13:18 AM,103.87,300,31161.0,49240366.81999996
2025-08-01 10:13:23 AM,103.8,0,0.0,49240366.81999996
2025-08-01 10:13:24 AM,103.8,95,9861.0,49250227.81999996
2025-08-01 10:13:30 AM,103.86,8,830.88,49251058.699999966
2025-08-01 10:13:31 AM,103.8,10,1038.0,49252096.699999966
2025-08-01 10:13:38 AM,103.75,0,0.0,49252096.699999966
2025-08-01 10:13:41 AM,103.8,0,0.0,49252096.699999966
2025-08-01 10:13:42 AM,103.8,301,31243.8,49283340.49999996
2025-08-01 10:13:48 AM,103.7,37,3836.9,49287177.39999996
2025-08-01 10:14:06 AM,103.8,595,61761.0,49348938.39999996
2025-08-01 10:14:11 AM,103.92,0,0.0,49348938.39999996
2025-08-01 10:14:11 AM,103.92,5404,561583.68,49910522.07999996
2025-08-01 10:14:23 AM,104.0,0,0.0,49910522.07999996
2025-08-01 10:14:23 AM,104.0,100,10400.0,49920922.07999996
2025-08-01 10:14:26 AM,103.9,0,0.0,49920922.07999996
2025-08-01 10:14:29 AM,103.85,0,0.0,49920922.07999996
2025-08-01 10:14:29 AM,103.85,1441,149647.85,50070569.92999996
2025-08-01 10:14:32 AM,103.89,0,0.0,50070569.92999996
2025-08-01 10:14:34 AM,103.89,82,8518.98,50079088.90999996
2025-08-01 10:14:38 AM,103.85,0,0.0,50079088.90999996
2025-08-01 10:14:40 AM,103.85,17,1765.4499999999998,50080854.35999996
2025-08-01 10:14:46 AM,103.81,134,13910.54,50094764.89999996
2025-08-01 10:15:01 AM,103.85,0,0.0,50094764.89999996
2025-08-01 10:15:03 AM,103.82,0,0.0,50094764.89999996
2025-08-01 10:15:03 AM,103.82,132,13704.24,50108469.13999996
2025-08-01 10:15:09 AM,103.81,0,0.0,50108469.13999996
2025-08-01 10:15:09 AM,103.81,119,12353.39,50120822.529999964
2025-08-01 10:15:14 AM,103.72,0,0.0,50120822.529999964
2025-08-01 10:15:15 AM,103.72,500,51860.0,50172682.529999964
2025-08-01 10:15:16 AM,103.83,0,0.0,50172682.529999964
2025-08-01 10:15:16 AM,103.83,5003,519461.49,50692144.019999966
2025-08-01 10:15:27 AM,103.83,644,66866.52,50759010.53999997
2025-08-01 10:15:33 AM,103.78,5,518.9,50759529.43999997
2025-08-01 10:15:56 AM,103.76,0,0.0,50759529.43999997
2025-08-01 10:15:57 AM,103.76,24,2490.2400000000002,50762019.67999997
2025-08-01 10:15:59 AM,103.72,0,0.0,50762019.67999997
2025-08-01 10:16:03 AM,103.78,225,23350.5,50785370.17999997
2025-08-01 10:16:04 AM,103.7,0,0.0,50785370.17999997
2025-08-01 10:16:08 AM,103.7,203,21051.100000000002,50806421.27999997
2025-08-01 10:16:14 AM,103.7,1,103.7,50806524.979999974
2025-08-01 10:16:23 AM,103.74,0,0.0,50806524.979999974
2025-08-01 10:16:26 AM,103.74,412,42740.88,50849265.85999998
2025-08-01 10:16:32 AM,103.82,5,519.0999999999999,50849784.95999998
2025-08-01 10:16:37 AM,103.83,0,0.0,50849784.95999998
2025-08-01 10:16:38 AM,103.83,2,207.66,50849992.619999975
2025-08-01 10:16:44 AM,103.83,34,3530.22,50853522.839999974
2025-08-01 10:16:46 AM,103.86,0,0.0,50853522.839999974
2025-08-01 10:16:49 AM,103.86,15,1557.9,50855080.73999997
2025-08-01 10:16:53 AM,103.79,0,0.0,50855080.73999997
2025-08-01 10:16:55 AM,103.79,46,4774.34,50859855.079999976
2025-08-01 10:16:58 AM,103.7,0,0.0,50859855.079999976
2025-08-01 10:17:00 AM,103.7,186,19288.2,50879143.27999998
2025-08-01 10:17:06 AM,103.7,274,28413.8,50907557.079999976
2025-08-01 10:17:13 AM,103.75,0,0.0,50907557.079999976
2025-08-01 10:17:17 AM,103.7,0,0.0,50907557.079999976
2025-08-01 10:17:17 AM,103.7,376,38991.200000000004,50946548.27999998
2025-08-01 10:17:23 AM,103.7,28,2903.6,50949451.87999998
2025-08-01 10:17:40 AM,103.75,0,0.0,50949451.87999998
2025-08-01 10:17:40 AM,103.75,67,6951.25,50956403.12999998
2025-08-01 10:17:44 AM,103.78,0,0.0,50956403.12999998
2025-08-01 10:17:46 AM,103.78,1023,106166.94,51062570.06999998
2025-08-01 10:17:49 AM,103.87,0,0.0,51062570.06999998
2025-08-01 10:17:52 AM,103.75,799,82896.25,51145466.31999998
2025-08-01 10:18:01 AM,103.81,0,0.0,51145466.31999998
2025-08-01 10:18:04 AM,103.81,10,1038.1,51146504.41999998
2025-08-01 10:18:11 AM,103.74,0,0.0,51146504.41999998
2025-08-01 10:18:15 AM,103.74,165,17117.1,51163621.51999998
2025-08-01 10:18:37 AM,103.75,0,0.0,51163621.51999998
2025-08-01 10:18:39 AM,103.75,50,5187.5,51168809.01999998
2025-08-01 10:18:46 AM,103.8,0,0.0,51168809.01999998
2025-08-01 10:18:48 AM,103.81,0,0.0,51168809.01999998
2025-08-01 10:18:50 AM,103.81,19,1972.39,51170781.40999998
2025-08-01 10:18:56 AM,103.81,1,103.81,51170885.219999984
2025-08-01 10:19:03 AM,103.75,0,0.0,51170885.219999984
2025-08-01 10:19:07 AM,103.75,1311,136016.25,51306901.469999984
2025-08-01 10:19:13 AM,103.75,55,5706.25,51312607.719999984
2025-08-01 10:19:18 AM,103.68,0,0.0,51312607.719999984
2025-08-01 10:19:19 AM,103.68,2860,296524.80000000005,51609132.51999998
2025-08-01 10:19:25 AM,103.7,31,3214.7000000000003,51612347.219999984
2025-08-01 10:19:31 AM,103.62,80,8289.6,51620636.819999985
2025-08-01 10:19:45 AM,103.67,0,0.0,51620636.819999985
2025-08-01 10:19:47 AM,103.67,1,103.67,51620740.48999999
2025-08-01 10:19:53 AM,103.75,248,25730.0,51646470.48999999
2025-08-01 10:19:58 AM,103.75,30,3112.5,51649582.98999999
2025-08-01 10:20:04 AM,103.75,149,15458.75,51665041.73999999
2025-08-01 10:20:06 AM,103.65,0,0.0,51665041.73999999
2025-08-01 10:20:09 AM,103.7,0,0.0,51665041.73999999
2025-08-01 10:20:09 AM,103.7,153,15866.1,51680907.83999999
2025-08-01 10:20:26 AM,103.75,0,0.0,51680907.83999999
2025-08-01 10:20:27 AM,103.75,100,10375.0,51691282.83999999
2025-08-01 10:20:28 AM,103.75,1,103.75,51691386.58999999
2025-08-01 10:20:39 AM,103.75,464,48140.0,51739526.58999999
2025-08-01 10:20:41 AM,103.75,2,207.5,51739734.08999999
2025-08-01 10:20:47 AM,103.71,0,0.0,51739734.08999999
2025-08-01 10:20:47 AM,103.71,11,1140.81,51740874.89999999
2025-08-01 10:21:09 AM,103.75,0,0.0,51740874.89999999
2025-08-01 10:21:10 AM,103.75,4618,479117.5,52219992.39999999
2025-08-01 10:21:19 AM,103.76,0,0.0,52219992.39999999
2025-08-01 10:21:19 AM,103.76,1811,187909.36000000002,52407901.75999999
2025-08-01 10:21:30 AM,103.75,10,1037.5,52408939.25999999
2025-08-01 10:21:35 AM,103.75,250,25937.5,52434876.75999999
2025-08-01 10:21:37 AM,103.75,250,25937.5,52460814.25999999
2025-08-01 10:21:46 AM,103.75,115,11931.25,52472745.50999999
2025-08-01 10:21:48 AM,103.75,333,34548.75,52507294.25999999
2025-08-01 10:22:05 AM,103.74,97,10062.779999999999,52517357.03999999
2025-08-01 10:22:38 AM,103.73,0,0.0,52517357.03999999
2025-08-01 10:22:38 AM,103.73,14,1452.22,52518809.25999999
2025-08-01 10:22:40 AM,103.75,10,1037.5,52519846.75999999
2025-08-01 10:23:08 AM,103.75,2,207.5,52520054.25999999
2025-08-01 10:23:16 AM,103.72,0,0.0,52520054.25999999
2025-08-01 10:23:17 AM,103.72,36,3733.92,52523788.17999999
2025-08-01 10:23:19 AM,103.69,0,0.0,52523788.17999999
2025-08-01 10:23:20 AM,103.73,0,0.0,52523788.17999999
2025-08-01 10:23:20 AM,103.73,63,6534.990000000001,52530323.169999994
2025-08-01 10:23:48 AM,103.69,161,16694.09,52547017.26
2025-08-01 10:23:54 AM,103.69,20,2073.8,52549091.059999995
2025-08-01 10:24:22 AM,103.75,0,0.0,52549091.059999995
2025-08-01 10:24:23 AM,103.75,56,5810.0,52554901.059999995
2025-08-01 10:24:38 AM,103.73,0,0.0,52554901.059999995
2025-08-01 10:24:38 AM,103.73,76,7883.4800000000005,52562784.53999999
2025-08-01 10:24:40 AM,103.75,0,0.0,52562784.53999999
2025-08-01 10:24:40 AM,103.75,20,2075.0,52564859.53999999
2025-08-01 10:24:43 AM,103.75,50,5187.5,52570047.03999999
2025-08-01 10:24:48 AM,103.73,0,0.0,52570047.03999999
2025-08-01 10:24:49 AM,103.73,68,7053.64,52577100.67999999
2025-08-01 10:25:06 AM,103.73,15,1555.95,52578656.629999995
2025-08-01 10:25:12 AM,103.73,51,5290.2300000000005,52583946.85999999
2025-08-01 10:25:14 AM,103.73,527,54665.71,52638612.56999999
2025-08-01 10:25:18 AM,103.73,13,1348.49,52639961.059999995
2025-08-01 10:25:20 AM,103.73,300,31119.0,52671080.059999995
2025-08-01 10:25:26 AM,103.75,0,0.0,52671080.059999995
2025-08-01 10:25:26 AM,103.75,25,2593.75,52673673.809999995
2025-08-01 10:25:27 AM,103.73,0,0.0,52673673.809999995
2025-08-01 10:25:29 AM,103.73,75,7779.75,52681453.559999995
2025-08-01 10:25:36 AM,103.69,0,0.0,52681453.559999995
2025-08-01 10:25:37 AM,103.69,1000,103690.0,52785143.559999995
2025-08-01 10:25:40 AM,103.75,10,1037.5,52786181.059999995
2025-08-01 10:25:42 AM,103.69,0,0.0,52786181.059999995
2025-08-01 10:25:42 AM,103.69,101,10472.69,52796653.74999999
2025-08-01 10:26:05 AM,103.7,0,0.0,52796653.74999999
2025-08-01 10:26:07 AM,103.7,110,11407.0,52808060.74999999
2025-08-01 10:26:14 AM,103.71,0,0.0,52808060.74999999
2025-08-01 10:26:15 AM,103.71,56,5807.759999999999,52813868.50999999
2025-08-01 10:26:21 AM,103.71,62,6430.0199999999995,52820298.529999994
2025-08-01 10:26:29 AM,103.75,0,0.0,52820298.529999994
2025-08-01 10:26:30 AM,103.75,84,8715.0,52829013.529999994
2025-08-01 10:26:36 AM,103.71,0,0.0,52829013.529999994
2025-08-01 10:26:36 AM,103.71,419,43454.49,52872468.019999996
2025-08-01 10:26:41 AM,103.75,0,0.0,52872468.019999996
2025-08-01 10:26:42 AM,103.75,1000,103750.0,52976218.019999996
2025-08-01 10:26:44 AM,103.71,0,0.0,52976218.019999996
2025-08-01 10:26:44 AM,103.71,15,1555.6499999999999,52977773.669999994
2025-08-01 10:26:51 AM,104.59,0,0.0,52977773.669999994
2025-08-01 10:26:53 AM,104.61,0,0.0,52977773.669999994
2025-08-01 10:26:53 AM,104.61,29027,3036514.47,56014288.13999999
2025-08-01 10:26:59 AM,104.61,14,1464.54,56015752.67999999
2025-08-01 10:27:07 AM,104.78,3321,347974.38,56363727.059999995
2025-08-01 10:27:08 AM,104.93,0,0.0,56363727.059999995
2025-08-01 10:27:10 AM,104.93,10,1049.3000000000002,56364776.35999999
2025-08-01 10:27:17 AM,104.99,0,0.0,56364776.35999999
2025-08-01 10:27:18 AM,104.93,0,0.0,56364776.35999999
2025-08-01 10:27:19 AM,104.93,1415,148475.95,56513252.309999995
2025-08-01 10:27:21 AM,104.93,210,22035.300000000003,56535287.60999999
2025-08-01 10:27:23 AM,104.92,0,0.0,56535287.60999999
2025-08-01 10:27:24 AM,104.92,73,7659.16,56542946.76999999
2025-08-01 10:27:32 AM,104.93,0,0.0,56542946.76999999
2025-08-01 10:27:32 AM,104.91,725,76059.75,56619006.51999999
2025-08-01 10:27:35 AM,104.81,0,0.0,56619006.51999999
2025-08-01 10:27:35 AM,104.81,3730,390941.3,57009947.819999985
2025-08-01 10:27:38 AM,104.87,500,52435.0,57062382.819999985
2025-08-01 10:27:38 AM,104.57,0,0.0,57062382.819999985
2025-08-01 10:27:39 AM,104.17,0,0.0,57062382.819999985
2025-08-01 10:27:41 AM,104.27,0,0.0,57062382.819999985
2025-08-01 10:27:41 AM,104.27,12503,1303687.81,58366070.62999999
2025-08-01 10:27:42 AM,104.34,0,0.0,58366070.62999999
2025-08-01 10:27:43 AM,104.34,538,56134.92,58422205.54999999
2025-08-01 10:27:49 AM,104.01,20354,2117019.54,60539225.08999999
2025-08-01 10:27:54 AM,104.15,0,0.0,60539225.08999999
2025-08-01 10:27:54 AM,104.15,47622,4959831.3,65499056.389999986
2025-08-01 10:28:01 AM,104.0,90213,9382152.0,74881208.38999999
2025-08-01 10:28:06 AM,104.0,27508,2860832.0,77742040.38999999
2025-08-01 10:28:08 AM,104.09,101,10513.09,77752553.47999999
2025-08-01 10:28:09 AM,104.14,200,20828.0,77773381.47999999
2025-08-01 10:28:12 AM,104.05,5,520.25,77773901.72999999
2025-08-01 10:28:14 AM,104.23,0,0.0,77773901.72999999
2025-08-01 10:28:14 AM,104.23,2491,259636.93000000002,78033538.66
2025-08-01 10:28:26 AM,104.31,551,57474.81,78091013.47
2025-08-01 10:28:43 AM,104.41,0,0.0,78091013.47
2025-08-01 10:28:43 AM,104.41,2070,216128.69999999998,78307142.17
2025-08-01 10:28:48 AM,104.3,0,0.0,78307142.17
2025-08-01 10:28:48 AM,104.3,1000,104300.0,78411442.17
2025-08-01 10:28:52 AM,104.39,939,98022.21,78509464.38
2025-08-01 10:28:54 AM,104.5,1819,190085.5,78699549.88
2025-08-01 10:28:58 AM,104.41,0,0.0,78699549.88
2025-08-01 10:28:58 AM,104.41,25,2610.25,78702160.13
2025-08-01 10:29:10 AM,104.5,0,0.0,78702160.13
2025-08-01 10:29:12 AM,104.39,233,24322.87,78726483.0
2025-08-01 10:29:36 AM,104.44,0,0.0,78726483.0
2025-08-01 10:29:36 AM,104.44,473,49400.119999999995,78775883.12
2025-08-01 10:29:38 AM,104.5,0,0.0,78775883.12
2025-08-01 10:29:39 AM,104.5,1000,104500.0,78880383.12
2025-08-01 10:29:52 AM,104.45,0,0.0,78880383.12
2025-08-01 10:29:53 AM,104.45,631,65907.95,78946291.07000001
2025-08-01 10:29:54 AM,104.44,0,0.0,78946291.07000001
2025-08-01 10:29:56 AM,104.44,2000,208880.0,79155171.07000001
2025-08-01 10:29:58 AM,104.28,0,0.0,79155171.07000001
2025-08-01 10:29:58 AM,104.28,400,41712.0,79196883.07000001
2025-08-01 10:30:01 AM,104.37,13,1356.81,79198239.88000001
2025-08-01 10:30:02 AM,104.42,0,0.0,79198239.88000001
2025-08-01 10:30:04 AM,104.4,617,64414.8,79262654.68
2025-08-01 10:30:10 AM,104.39,0,0.0,79262654.68
2025-08-01 10:30:10 AM,104.39,137,14301.43,79276956.11000001
2025-08-01 10:30:27 AM,104.39,2574,268699.86,79545655.97000001
2025-08-01 10:30:43 AM,104.5,0,0.0,79545655.97000001
2025-08-01 10:30:44 AM,104.5,136,14212.0,79559867.97000001
2025-08-01 10:30:50 AM,104.41,0,0.0,79559867.97000001
2025-08-01 10:30:50 AM,104.41,337,35186.17,79595054.14000002
2025-08-01 10:30:53 AM,104.4,0,0.0,79595054.14000002
2025-08-01 10:30:56 AM,104.4,102,10648.800000000001,79605702.94000001
2025-08-01 10:30:58 AM,104.44,1023,106842.12,79712545.06000002
2025-08-01 10:31:04 AM,104.46,15,1566.8999999999999,79714111.96000002
2025-08-01 10:31:16 AM,104.46,1,104.46,79714216.42000002
2025-08-01 10:31:33 AM,104.46,10,1044.6,79715261.02000001
2025-08-01 10:31:41 AM,104.4,13,1357.2,79716618.22000001
2025-08-01 10:31:57 AM,104.53,0,0.0,79716618.22000001
2025-08-01 10:31:59 AM,104.53,4155,434322.15,80150940.37000002
2025-08-01 10:32:05 AM,104.53,1000,104530.0,80255470.37000002
2025-08-01 10:32:15 AM,104.55,0,0.0,80255470.37000002
2025-08-01 10:32:15 AM,104.53,306,31986.18,80287456.55000003
2025-08-01 10:32:19 AM,104.57,10828,1132283.96,81419740.51000002
2025-08-01 10:32:32 AM,104.55,5000,522750.0,81942490.51000002
2025-08-01 10:32:32 AM,104.62,0,0.0,81942490.51000002
2025-08-01 10:32:35 AM,104.62,1,104.62,81942595.13000003
2025-08-01 10:32:38 AM,104.58,0,0.0,81942595.13000003
2025-08-01 10:32:38 AM,104.58,47,4915.26,81947510.39000003
2025-08-01 10:32:49 AM,104.67,15535,1626048.45,83573558.84000003
2025-08-01 10:32:58 AM,104.45,10051,1049826.95,84623385.79000004
2025-08-01 10:33:08 AM,104.34,0,0.0,84623385.79000004
2025-08-01 10:33:09 AM,104.34,131,13668.54,84637054.33000004
2025-08-01 10:33:37 AM,104.34,717,74811.78,84711866.11000004
2025-08-01 10:33:44 AM,104.33,0,0.0,84711866.11000004
2025-08-01 10:33:45 AM,104.33,62,6468.46,84718334.57000004
2025-08-01 10:33:51 AM,104.33,61,6364.13,84724698.70000003
2025-08-01 10:33:52 AM,104.35,0,0.0,84724698.70000003
2025-08-01 10:33:54 AM,104.35,9,939.15,84725637.85000004
2025-08-01 10:34:00 AM,104.29,0,0.0,84725637.85000004
2025-08-01 10:34:00 AM,104.29,27,2815.8300000000004,84728453.68000004
2025-08-01 10:34:02 AM,104.29,58,6048.820000000001,84734502.50000003
2025-08-01 10:34:06 AM,104.36,831,86723.16,84821225.66000003
2025-08-01 10:34:12 AM,104.41,1,104.41,84821330.07000002
2025-08-01 10:34:19 AM,104.32,167,17421.44,84838751.51000002
2025-08-01 10:34:39 AM,104.5,0,0.0,84838751.51000002
2025-08-01 10:34:39 AM,104.5,2541,265534.5,85104286.01000002
2025-08-01 10:34:45 AM,104.4,0,0.0,85104286.01000002
2025-08-01 10:34:45 AM,104.4,28,2923.2000000000003,85107209.21000002
2025-08-01 10:34:54 AM,104.44,0,0.0,85107209.21000002
2025-08-01 10:34:57 AM,104.44,1000,104440.0,85211649.21000002
2025-08-01 10:35:15 AM,104.36,0,0.0,85211649.21000002
2025-08-01 10:35:16 AM,104.36,141,14714.76,85226363.97000003
2025-08-01 10:35:20 AM,104.29,0,0.0,85226363.97000003
2025-08-01 10:35:21 AM,104.29,592,61739.68,85288103.65000004
2025-08-01 10:35:32 AM,104.24,0,0.0,85288103.65000004
2025-08-01 10:35:33 AM,104.24,98,10215.519999999999,85298319.17000003
2025-08-01 10:36:01 AM,104.21,0,0.0,85298319.17000003
2025-08-01 10:36:04 AM,104.21,129,13443.089999999998,85311762.26000004
2025-08-01 10:36:05 AM,104.25,0,0.0,85311762.26000004
2025-08-01 10:36:06 AM,104.25,37,3857.25,85315619.51000004
2025-08-01 10:36:09 AM,104.25,98,10216.5,85325836.01000004
2025-08-01 10:36:12 AM,104.39,2000,208780.0,85534616.01000004
2025-08-01 10:36:27 AM,104.25,0,0.0,85534616.01000004
2025-08-01 10:36:29 AM,104.25,3004,313167.0,85847783.01000004
2025-08-01 10:36:34 AM,104.28,1,104.28,85847887.29000004
2025-08-01 10:36:35 AM,104.3,0,0.0,85847887.29000004
2025-08-01 10:36:37 AM,104.3,99,10325.699999999999,85858212.99000004
2025-08-01 10:36:52 AM,104.25,0,0.0,85858212.99000004
2025-08-01 10:36:54 AM,104.25,2,208.5,85858421.49000004
2025-08-01 10:37:12 AM,104.25,200,20850.0,85879271.49000004
2025-08-01 10:37:19 AM,104.26,0,0.0,85879271.49000004
2025-08-01 10:37:21 AM,104.26,32,3336.32,85882607.81000003
2025-08-01 10:37:30 AM,104.25,0,0.0,85882607.81000003
2025-08-01 10:37:32 AM,104.25,474,49414.5,85932022.31000003
2025-08-01 10:37:40 AM,104.37,0,0.0,85932022.31000003
2025-08-01 10:37:41 AM,104.37,1496,156137.52000000002,86088159.83000003
2025-08-01 10:37:49 AM,104.36,0,0.0,86088159.83000003
2025-08-01 10:37:49 AM,104.36,1000,104360.0,86192519.83000003
2025-08-01 10:38:01 AM,104.3,0,0.0,86192519.83000003
2025-08-01 10:38:03 AM,104.3,472,49229.6,86241749.43000002
2025-08-01 10:38:15 AM,104.3,6,625.8,86242375.23000002
2025-08-01 10:38:28 AM,104.3,4279,446299.7,86688674.93000002
2025-08-01 10:38:31 AM,104.3,263,27430.899999999998,86716105.83000003
2025-08-01 10:38:44 AM,104.34,0,0.0,86716105.83000003
2025-08-01 10:38:46 AM,104.34,26,2712.84,86718818.67000003
2025-08-01 10:38:54 AM,104.36,5,521.8,86719340.47000003
2025-08-01 10:39:41 AM,104.3,0,0.0,86719340.47000003
2025-08-01 10:39:41 AM,104.3,94,9804.199999999999,86729144.67000003
2025-08-01 10:39:55 AM,104.36,139,14506.039999999999,86743650.71000004
2025-08-01 10:39:57 AM,104.3,0,0.0,86743650.71000004
2025-08-01 10:39:58 AM,104.3,223,23258.899999999998,86766909.61000004
2025-08-01 10:39:59 AM,104.28,0,0.0,86766909.61000004
2025-08-01 10:40:00 AM,104.3,0,0.0,86766909.61000004
2025-08-01 10:40:01 AM,104.3,191,19921.3,86786830.91000004
2025-08-01 10:40:23 AM,104.3,4141,431906.3,87218737.21000004
2025-08-01 10:40:37 AM,104.36,50,5218.0,87223955.21000004
2025-08-01 10:40:49 AM,104.35,0,0.0,87223955.21000004
2025-08-01 10:40:51 AM,104.35,167,17426.45,87241381.66000004
2025-08-01 10:40:56 AM,104.42,0,0.0,87241381.66000004
2025-08-01 10:40:56 AM,104.42,100,10442.0,87251823.66000004
2025-08-01 10:40:59 AM,104.42,154,16080.68,87267904.34000005
2025-08-01 10:41:11 AM,104.41,0,0.0,87267904.34000005
2025-08-01 10:41:13 AM,104.41,2,208.82,87268113.16000004
2025-08-01 10:41:39 AM,104.33,0,0.0,87268113.16000004
2025-08-01 10:41:42 AM,104.33,70,7303.099999999999,87275416.26000004
2025-08-01 10:41:53 AM,104.33,17,1773.61,87277189.87000003
2025-08-01 10:42:16 AM,104.33,102,10641.66,87287831.53000003
2025-08-01 10:42:20 AM,104.33,663,69170.79,87357002.32000004
2025-08-01 10:42:33 AM,104.33,29,3025.57,87360027.89000003
2025-08-01 10:42:47 AM,104.33,5203,542828.99,87902856.88000003
2025-08-01 10:42:53 AM,104.17,0,0.0,87902856.88000003
2025-08-01 10:42:53 AM,104.17,495,51564.15,87954421.03000003
2025-08-01 10:42:55 AM,104.18,1225,127620.50000000001,88082041.53000003
2025-08-01 10:43:00 AM,104.32,0,0.0,88082041.53000003
2025-08-01 10:43:01 AM,104.32,105,10953.599999999999,88092995.13000003
2025-08-01 10:43:02 AM,104.27,0,0.0,88092995.13000003
2025-08-01 10:43:04 AM,104.27,259,27005.93,88120001.06000003
2025-08-01 10:43:06 AM,104.22,42,4377.24,88124378.30000003
2025-08-01 10:43:12 AM,104.27,75,7820.25,88132198.55000003
2025-08-01 10:43:30 AM,104.3,0,0.0,88132198.55000003
2025-08-01 10:43:31 AM,104.3,1007,105030.09999999999,88237228.65000002
2025-08-01 10:43:40 AM,104.35,0,0.0,88237228.65000002
2025-08-01 10:43:42 AM,104.35,300,31305.0,88268533.65000002
2025-08-01 10:44:07 AM,104.38,100,10438.0,88278971.65000002
2025-08-01 10:44:29 AM,104.29,0,0.0,88278971.65000002
2025-08-01 10:44:30 AM,104.29,401,41820.29,88320791.94000003
2025-08-01 10:44:36 AM,104.36,0,0.0,88320791.94000003
2025-08-01 10:44:37 AM,104.36,50,5218.0,88326009.94000003
2025-08-01 10:44:49 AM,104.28,0,0.0,88326009.94000003
2025-08-01 10:44:51 AM,104.28,47,4901.16,88330911.10000002
2025-08-01 10:45:10 AM,104.29,0,0.0,88330911.10000002
2025-08-01 10:45:10 AM,104.29,68,7091.72,88338002.82000002
2025-08-01 10:45:21 AM,104.27,0,0.0,88338002.82000002
2025-08-01 10:45:21 AM,104.27,31,3232.37,88341235.19000003
2025-08-01 10:45:22 AM,104.36,0,0.0,88341235.19000003
2025-08-01 10:45:24 AM,104.36,196,20454.56,88361689.75000003
2025-08-01 10:45:34 AM,104.28,55,5735.4,88367425.15000004
2025-08-01 10:46:19 AM,104.3,0,0.0,88367425.15000004
2025-08-01 10:46:19 AM,104.3,105,10951.5,88378376.65000004
2025-08-01 10:46:25 AM,104.3,73,7613.9,88385990.55000004
2025-08-01 10:46:31 AM,104.3,11,1147.3,88387137.85000004
2025-08-01 10:46:47 AM,104.39,143,14927.77,88402065.62000003
2025-08-01 10:47:02 AM,104.32,0,0.0,88402065.62000003
2025-08-01 10:47:03 AM,104.32,790,82412.79999999999,88484478.42000003
2025-08-01 10:47:09 AM,104.32,209,21802.879999999997,88506281.30000003
2025-08-01 10:47:14 AM,104.32,156,16273.919999999998,88522555.22000003
2025-08-01 10:47:20 AM,104.36,1,104.36,88522659.58000003
2025-08-01 10:47:21 AM,104.37,0,0.0,88522659.58000003
2025-08-01 10:47:21 AM,104.37,1,104.37,88522763.95000003
2025-08-01 10:47:28 AM,104.39,0,0.0,88522763.95000003
2025-08-01 10:47:30 AM,104.39,1370,143014.3,88665778.25000003
2025-08-01 10:47:34 AM,104.37,0,0.0,88665778.25000003
2025-08-01 10:47:36 AM,104.37,169,17638.530000000002,88683416.78000003
2025-08-01 10:47:45 AM,104.36,0,0.0,88683416.78000003
2025-08-01 10:47:46 AM,104.36,36,3756.96,88687173.74000002
2025-08-01 10:47:49 AM,104.43,0,0.0,88687173.74000002
2025-08-01 10:47:49 AM,104.43,25,2610.75,88689784.49000002
2025-08-01 10:47:57 AM,104.5,0,0.0,88689784.49000002
2025-08-01 10:47:57 AM,104.5,500,52250.0,88742034.49000002
2025-08-01 10:48:00 AM,104.55,18435,1927379.25,90669413.74000002
2025-08-01 10:48:02 AM,104.63,0,0.0,90669413.74000002
2025-08-01 10:48:03 AM,104.63,792,82866.95999999999,90752280.70000002
2025-08-01 10:48:15 AM,104.64,0,0.0,90752280.70000002
2025-08-01 10:48:16 AM,104.64,91,9522.24,90761802.94000001
2025-08-01 10:48:24 AM,104.64,1,104.64,90761907.58000001
2025-08-01 10:48:26 AM,104.64,31,3243.84,90765151.42000002
2025-08-01 10:49:04 AM,104.63,0,0.0,90765151.42000002
2025-08-01 10:49:04 AM,104.63,59,6173.17,90771324.59000002
2025-08-01 10:49:08 AM,104.63,15,1569.4499999999998,90772894.04000002
2025-08-01 10:49:14 AM,104.62,0,0.0,90772894.04000002
2025-08-01 10:49:14 AM,104.62,460,48125.200000000004,90821019.24000002
2025-08-01 10:49:15 AM,104.62,88,9206.560000000001,90830225.80000003
2025-08-01 10:49:37 AM,104.64,714,74712.96,90904938.76000002
2025-08-01 10:49:51 AM,104.64,300,31392.0,90936330.76000002
2025-08-01 10:50:07 AM,104.64,34,3557.76,90939888.52000003
2025-08-01 10:50:13 AM,104.64,848,88734.72,91028623.24000002
2025-08-01 10:50:25 AM,104.68,0,0.0,91028623.24000002
2025-08-01 10:50:25 AM,104.68,437,45745.16,91074368.40000002
2025-08-01 10:50:27 AM,104.64,0,0.0,91074368.40000002
2025-08-01 10:50:30 AM,104.64,8351,873848.64,91948217.04000002
2025-08-01 10:50:41 AM,104.6,0,0.0,91948217.04000002
2025-08-01 10:50:41 AM,104.6,1,104.6,91948321.64000002
2025-08-01 10:50:58 AM,104.56,0,0.0,91948321.64000002
2025-08-01 10:50:58 AM,104.56,10,1045.6,91949367.24000001
2025-08-01 10:51:02 AM,104.57,0,0.0,91949367.24000001
2025-08-01 10:51:04 AM,104.57,126,13175.82,91962543.06
2025-08-01 10:51:08 AM,104.48,0,0.0,91962543.06
2025-08-01 10:51:10 AM,104.45,47,4909.150000000001,91967452.21000001
2025-08-01 10:51:12 AM,104.41,0,0.0,91967452.21000001
2025-08-01 10:51:15 AM,104.47,95,9924.65,91977376.86000001
2025-08-01 10:51:18 AM,104.45,0,0.0,91977376.86000001
2025-08-01 10:51:21 AM,104.39,121,12631.19,91990008.05000001
2025-08-01 10:51:28 AM,104.45,0,0.0,91990008.05000001
2025-08-01 10:51:31 AM,104.45,500,52225.0,92042233.05000001
2025-08-01 10:51:37 AM,104.4,60,6264.0,92048497.05000001
2025-08-01 10:51:38 AM,104.39,0,0.0,92048497.05000001
2025-08-01 10:51:43 AM,104.39,36,3758.04,92052255.09000002
2025-08-01 10:51:48 AM,104.48,0,0.0,92052255.09000002
2025-08-01 10:51:48 AM,104.5,0,0.0,92052255.09000002
2025-08-01 10:51:48 AM,104.5,423,44203.5,92096458.59000002
2025-08-01 10:51:52 AM,104.59,0,0.0,92096458.59000002
2025-08-01 10:51:53 AM,104.59,1,104.59,92096563.18000002
2025-08-01 10:52:06 AM,104.6,0,0.0,92096563.18000002
2025-08-01 10:52:09 AM,104.6,355,37133.0,92133696.18000002
2025-08-01 10:52:26 AM,104.6,100,10460.0,92144156.18000002
2025-08-01 10:52:26 AM,104.6,41,4288.599999999999,92148444.78000002
2025-08-01 10:52:52 AM,104.6,2,209.2,92148653.98000002
2025-08-01 10:53:03 AM,104.6,116,12133.599999999999,92160787.58000001
2025-08-01 10:53:48 AM,104.56,0,0.0,92160787.58000001
2025-08-01 10:53:51 AM,104.56,141,14742.960000000001,92175530.54
2025-08-01 10:53:56 AM,104.55,0,0.0,92175530.54
2025-08-01 10:53:56 AM,104.55,79,8259.449999999999,92183789.99000001
2025-08-01 10:54:06 AM,104.51,0,0.0,92183789.99000001
2025-08-01 10:54:07 AM,104.51,269,28113.190000000002,92211903.18
2025-08-01 10:54:32 AM,104.56,0,0.0,92211903.18
2025-08-01 10:54:33 AM,104.56,302,31577.12,92243480.30000001
2025-08-01 10:54:36 AM,104.51,0,0.0,92243480.30000001
2025-08-01 10:54:39 AM,104.51,53,5539.030000000001,92249019.33000001
2025-08-01 10:54:39 AM,104.51,119,12436.69,92261456.02000001
2025-08-01 10:54:54 AM,104.5,0,0.0,92261456.02000001
2025-08-01 10:54:55 AM,104.5,3013,314858.5,92576314.52000001
2025-08-01 10:54:58 AM,104.55,0,0.0,92576314.52000001
2025-08-01 10:55:00 AM,104.55,1580,165189.0,92741503.52000001
2025-08-01 10:55:02 AM,104.69,0,0.0,92741503.52000001
2025-08-01 10:55:05 AM,104.69,250,26172.5,92767676.02000001
2025-08-01 10:55:11 AM,104.59,100,10459.0,92778135.02000001
2025-08-01 10:55:16 AM,104.65,5,523.25,92778658.27000001
2025-08-01 10:55:38 AM,104.64,0,0.0,92778658.27000001
2025-08-01 10:55:38 AM,104.64,1,104.64,92778762.91000001
2025-08-01 10:55:39 AM,104.55,100,10455.0,92789217.91000001
2025-08-01 10:55:59 AM,104.55,255,26660.25,92815878.16000001
2025-08-01 10:56:04 AM,104.54,0,0.0,92815878.16000001
2025-08-01 10:56:04 AM,104.54,404,42234.16,92858112.32000001
2025-08-01 10:56:06 AM,104.61,0,0.0,92858112.32000001
2025-08-01 10:56:09 AM,104.61,500,52305.0,92910417.32000001
2025-08-01 10:56:26 AM,104.54,0,0.0,92910417.32000001
2025-08-01 10:56:27 AM,104.54,70,7317.8,92917735.12
2025-08-01 10:56:43 AM,104.59,94,9831.460000000001,92927566.58
2025-08-01 10:57:03 AM,104.53,99,10348.47,92937915.05
2025-08-01 10:57:06 AM,104.48,0,0.0,92937915.05
2025-08-01 10:57:07 AM,104.48,1203,125689.44,93063604.49
2025-08-01 10:57:12 AM,104.47,25,2611.75,93066216.24
2025-08-01 10:57:17 AM,104.47,1,104.47,93066320.71
2025-08-01 10:57:44 AM,104.43,0,0.0,93066320.71
2025-08-01 10:57:45 AM,104.43,159,16604.370000000003,93082925.08
2025-08-01 10:57:54 AM,104.47,0,0.0,93082925.08
2025-08-01 10:57:55 AM,104.47,10,1044.7,93083969.78
2025-08-01 10:58:01 AM,104.4,191,19940.4,93103910.18
2025-08-01 10:58:06 AM,104.5,6176,645392.0,93749302.18
2025-08-01 10:58:16 AM,104.5,272,28424.0,93777726.18
2025-08-01 10:58:32 AM,104.49,0,0.0,93777726.18
2025-08-01 10:58:33 AM,104.47,104,10864.88,93788591.06
2025-08-01 10:58:36 AM,104.42,0,0.0,93788591.06
2025-08-01 10:58:38 AM,104.42,278,29028.760000000002,93817619.82000001
2025-08-01 10:58:44 AM,104.43,0,0.0,93817619.82000001
2025-08-01 10:58:44 AM,104.43,51,5325.93,93822945.75000001
2025-08-01 10:58:50 AM,104.39,0,0.0,93822945.75000001
2025-08-01 10:58:55 AM,104.39,75,7829.25,93830775.00000001
2025-08-01 10:59:00 AM,104.44,0,0.0,93830775.00000001
2025-08-01 10:59:00 AM,104.44,460,48042.4,93878817.40000002
2025-08-01 10:59:08 AM,104.38,0,0.0,93878817.40000002
2025-08-01 10:59:10 AM,104.38,722,75362.36,93954179.76000002
2025-08-01 10:59:30 AM,104.38,140,14613.199999999999,93968792.96000002
2025-08-01 10:59:54 AM,104.32,0,0.0,93968792.96000002
2025-08-01 10:59:57 AM,104.32,650,67808.0,94036600.96000002
2025-08-01 11:00:13 AM,104.5,0,0.0,94036600.96000002
2025-08-01 11:00:15 AM,104.5,1000,104500.0,94141100.96000002
2025-08-01 11:00:16 AM,104.35,0,0.0,94141100.96000002
2025-08-01 11:00:20 AM,104.35,605,63131.75,94204232.71000002
2025-08-01 11:00:25 AM,104.41,0,0.0,94204232.71000002
2025-08-01 11:00:26 AM,104.41,5,522.05,94204754.76000002
2025-08-01 11:00:31 AM,104.4,0,0.0,94204754.76000002
2025-08-01 11:00:32 AM,104.4,6,626.4000000000001,94205381.16000003
2025-08-01 11:00:45 AM,104.41,0,0.0,94205381.16000003
2025-08-01 11:00:47 AM,104.41,1,104.41,94205485.57000002
2025-08-01 11:00:51 AM,104.32,0,0.0,94205485.57000002
2025-08-01 11:00:51 AM,104.3,0,0.0,94205485.57000002
2025-08-01 11:00:52 AM,104.3,453,47247.9,94252733.47000003
2025-08-01 11:01:03 AM,104.3,37,3859.1,94256592.57000002
2025-08-01 11:01:14 AM,104.41,1000,104410.0,94361002.57000002
2025-08-01 11:01:19 AM,104.41,130,13573.3,94374575.87000002
2025-08-01 11:01:35 AM,104.41,1,104.41,94374680.28000002
2025-08-01 11:01:55 AM,104.33,69,7198.7699999999995,94381879.05000001
2025-08-01 11:02:39 AM,104.31,0,0.0,94381879.05000001
2025-08-01 11:02:39 AM,104.31,86,8970.66,94390849.71000001
2025-08-01 11:03:07 AM,104.3,21,2190.2999999999997,94393040.01
2025-08-01 11:03:57 AM,104.3,85,8865.5,94401905.51
2025-08-01 11:04:25 AM,104.39,0,0.0,94401905.51
2025-08-01 11:04:25 AM,104.39,573,59815.47,94461720.98
2025-08-01 11:04:27 AM,104.48,0,0.0,94461720.98
2025-08-01 11:04:28 AM,104.5,594,62073.0,94523793.98
2025-08-01 11:04:38 AM,104.45,121,12638.45,94536432.43
2025-08-01 11:05:01 AM,104.45,118,12325.1,94548757.53
2025-08-01 11:05:19 AM,104.49,0,0.0,94548757.53
2025-08-01 11:05:21 AM,104.49,1000,104490.0,94653247.53
2025-08-01 11:05:22 AM,104.48,0,0.0,94653247.53
2025-08-01 11:05:23 AM,104.48,10,1044.8,94654292.33
2025-08-01 11:05:32 AM,104.48,2,208.96,94654501.28999999
2025-08-01 11:05:36 AM,104.33,0,0.0,94654501.28999999
2025-08-01 11:05:37 AM,104.33,5000,521650.0,95176151.28999999
2025-08-01 11:05:39 AM,104.44,1000,104440.0,95280591.28999999
2025-08-01 11:05:43 AM,104.35,0,0.0,95280591.28999999
2025-08-01 11:05:43 AM,104.35,500,52175.0,95332766.28999999
2025-08-01 11:06:00 AM,104.36,0,0.0,95332766.28999999
2025-08-01 11:06:00 AM,104.36,83,8661.88,95341428.16999999
2025-08-01 11:06:06 AM,104.32,25,2608.0,95344036.16999999
2025-08-01 11:06:33 AM,104.32,197,20551.039999999997,95364587.21
2025-08-01 11:06:48 AM,104.38,132,13778.16,95378365.36999999
2025-08-01 11:06:55 AM,104.42,0,0.0,95378365.36999999
2025-08-01 11:06:57 AM,104.42,60,6265.2,95384630.57
2025-08-01 11:07:01 AM,104.38,0,0.0,95384630.57
2025-08-01 11:07:02 AM,104.38,10,1043.8,95385674.36999999
2025-08-01 11:07:03 AM,104.42,0,0.0,95385674.36999999
2025-08-01 11:07:04 AM,104.42,100,10442.0,95396116.36999999
2025-08-01 11:07:07 AM,104.42,41,4281.22,95400397.58999999
2025-08-01 11:07:11 AM,104.38,0,0.0,95400397.58999999
2025-08-01 11:07:13 AM,104.38,1,104.38,95400501.96999998
2025-08-01 11:07:18 AM,104.44,157,16397.079999999998,95416899.04999998
2025-08-01 11:07:40 AM,104.38,231,24111.78,95441010.82999998
2025-08-01 11:07:56 AM,104.4,46,4802.400000000001,95445813.22999999
2025-08-01 11:08:11 AM,104.36,0,0.0,95445813.22999999
2025-08-01 11:08:12 AM,104.36,100,10436.0,95456249.22999999
2025-08-01 11:08:21 AM,104.39,0,0.0,95456249.22999999
2025-08-01 11:08:22 AM,104.39,100,10439.0,95466688.22999999
2025-08-01 11:08:31 AM,104.35,0,0.0,95466688.22999999
2025-08-01 11:08:33 AM,104.35,20,2087.0,95468775.22999999
2025-08-01 11:08:35 AM,104.36,0,0.0,95468775.22999999
2025-08-01 11:08:35 AM,104.36,25,2609.0,95471384.22999999
2025-08-01 11:08:38 AM,104.39,282,29437.98,95500822.21
2025-08-01 11:08:56 AM,104.39,500,52195.0,95553017.21
2025-08-01 11:09:02 AM,104.35,490,51131.5,95604148.71
2025-08-01 11:09:07 AM,104.33,0,0.0,95604148.71
2025-08-01 11:09:09 AM,104.33,5,521.65,95604670.36
2025-08-01 11:09:10 AM,104.31,0,0.0,95604670.36
2025-08-01 11:09:11 AM,104.31,59,6154.29,95610824.65
2025-08-01 11:09:14 AM,104.33,9,938.97,95611763.62
2025-08-01 11:09:17 AM,104.34,840,87645.6,95699409.22
2025-08-01 11:09:18 AM,104.31,0,0.0,95699409.22
2025-08-01 11:09:20 AM,104.38,1396,145714.47999999998,95845123.7
2025-08-01 11:09:30 AM,104.37,0,0.0,95845123.7
2025-08-01 11:09:30 AM,104.37,3,313.11,95845436.81
2025-08-01 11:10:04 AM,104.31,0,0.0,95845436.81
2025-08-01 11:10:06 AM,104.31,222,23156.82,95868593.63
2025-08-01 11:10:28 AM,104.31,19,1981.89,95870575.52
2025-08-01 11:11:01 AM,104.31,22,2294.82,95872870.33999999
2025-08-01 11:11:02 AM,104.4,0,0.0,95872870.33999999
2025-08-01 11:11:06 AM,104.4,2000,208800.0,96081670.33999999
2025-08-01 11:11:17 AM,104.31,5,521.55,96082191.88999999
2025-08-01 11:11:33 AM,104.3,50,5215.0,96087406.88999999
2025-08-01 11:12:15 AM,104.35,239,24939.649999999998,96112346.53999999
2025-08-01 11:12:27 AM,104.35,7,730.4499999999999,96113076.99
2025-08-01 11:12:37 AM,104.35,30,3130.5,96116207.49
2025-08-01 11:12:50 AM,104.3,0,0.0,96116207.49
2025-08-01 11:12:52 AM,104.3,74,7718.2,96123925.69
2025-08-01 11:13:25 AM,104.3,250,26075.0,96150000.69
2025-08-01 11:13:34 AM,104.45,0,0.0,96150000.69
2025-08-01 11:13:36 AM,104.45,8758,914773.1,97064773.78999999
2025-08-01 11:13:43 AM,104.44,0,0.0,97064773.78999999
2025-08-01 11:13:43 AM,104.44,114,11906.16,97076679.94999999
2025-08-01 11:13:45 AM,104.49,0,0.0,97076679.94999999
2025-08-01 11:13:46 AM,104.49,214,22360.86,97099040.80999999
2025-08-01 11:13:59 AM,104.44,0,0.0,97099040.80999999
2025-08-01 11:13:59 AM,104.44,238,24856.72,97123897.52999999
2025-08-01 11:14:01 AM,104.41,0,0.0,97123897.52999999
2025-08-01 11:14:03 AM,104.41,598,62437.18,97186334.71
2025-08-01 11:14:07 AM,104.4,0,0.0,97186334.71
2025-08-01 11:14:08 AM,104.4,124,12945.6,97199280.30999999
2025-08-01 11:14:37 AM,104.44,145,15143.8,97214424.10999998
2025-08-01 11:14:58 AM,104.4,828,86443.20000000001,97300867.30999999
2025-08-01 11:15:21 AM,104.44,0,0.0,97300867.30999999
2025-08-01 11:15:23 AM,104.44,114,11906.16,97312773.46999998
2025-08-01 11:15:29 AM,104.4,477,49798.8,97362572.26999998
2025-08-01 11:15:50 AM,104.4,182,19000.8,97381573.06999998
2025-08-01 11:15:53 AM,104.45,0,0.0,97381573.06999998
2025-08-01 11:15:54 AM,104.45,200,20890.0,97402463.06999998
2025-08-01 11:16:06 AM,104.48,194,20269.12,97422732.18999998
2025-08-01 11:16:10 AM,104.48,100,10448.0,97433180.18999998
2025-08-01 11:16:22 AM,104.48,300,31344.0,97464524.18999998
2025-08-01 11:16:27 AM,104.48,10,1044.8,97465568.98999998
2025-08-01 11:16:32 AM,104.48,15,1567.2,97467136.18999998
2025-08-01 11:16:47 AM,104.48,6,626.88,97467763.06999998
2025-08-01 11:17:07 AM,104.5,0,0.0,97467763.06999998
2025-08-01 11:17:09 AM,104.5,1000,104500.0,97572263.06999998
2025-08-01 11:17:16 AM,104.5,2235,233557.5,97805820.56999998
2025-08-01 11:17:37 AM,104.43,0,0.0,97805820.56999998
2025-08-01 11:17:37 AM,104.43,58,6056.9400000000005,97811877.50999998
2025-08-01 11:18:24 AM,104.5,232,24244.0,97836121.50999998
2025-08-01 11:18:35 AM,104.44,0,0.0,97836121.50999998
2025-08-01 11:18:35 AM,104.44,200,20888.0,97857009.50999998
2025-08-01 11:18:36 AM,104.44,139,14517.16,97871526.66999997
2025-08-01 11:19:12 AM,104.35,0,0.0,97871526.66999997
2025-08-01 11:19:14 AM,104.38,0,0.0,97871526.66999997
2025-08-01 11:19:16 AM,104.38,31344,3271686.7199999997,101143213.38999997
2025-08-01 11:19:19 AM,104.44,0,0.0,101143213.38999997
2025-08-01 11:19:21 AM,104.44,1000,104440.0,101247653.38999997
2025-08-01 11:19:43 AM,104.35,44,4591.4,101252244.78999998
2025-08-01 11:20:11 AM,104.41,0,0.0,101252244.78999998
2025-08-01 11:20:15 AM,104.41,25,2610.25,101254855.03999998
2025-08-01 11:20:16 AM,104.35,0,0.0,101254855.03999998
2025-08-01 11:20:20 AM,104.35,30,3130.5,101257985.53999998
2025-08-01 11:20:21 AM,104.41,0,0.0,101257985.53999998
2025-08-01 11:20:25 AM,104.35,0,0.0,101257985.53999998
2025-08-01 11:20:25 AM,104.35,338,35270.299999999996,101293255.83999997
2025-08-01 11:20:33 AM,104.3,0,0.0,101293255.83999997
2025-08-01 11:20:36 AM,104.3,167,17418.1,101310673.93999997
2025-08-01 11:20:46 AM,104.3,1200,125160.0,101435833.93999997
2025-08-01 11:20:51 AM,104.3,71,7405.3,101443239.23999996
2025-08-01 11:20:56 AM,104.35,28,2921.7999999999997,101446161.03999996
2025-08-01 11:21:21 AM,104.37,0,0.0,101446161.03999996
2025-08-01 11:21:23 AM,104.37,10,1043.7,101447204.73999996
2025-08-01 11:21:34 AM,104.25,0,0.0,101447204.73999996
2025-08-01 11:21:38 AM,104.25,1051,109566.75,101556771.48999996
2025-08-01 11:21:41 AM,104.36,0,0.0,101556771.48999996
2025-08-01 11:21:43 AM,104.36,1200,125232.0,101682003.48999996
2025-08-01 11:21:44 AM,104.25,0,0.0,101682003.48999996
2025-08-01 11:21:44 AM,104.25,103,10737.75,101692741.23999996
2025-08-01 11:21:48 AM,104.25,114,11884.5,101704625.73999996
2025-08-01 11:22:34 AM,104.32,0,0.0,101704625.73999996
2025-08-01 11:22:36 AM,104.32,8,834.56,101705460.29999997
2025-08-01 11:23:07 AM,104.3,0,0.0,101705460.29999997
2025-08-01 11:23:07 AM,104.3,1,104.3,101705564.59999996
2025-08-01 11:24:19 AM,104.37,0,0.0,101705564.59999996
2025-08-01 11:24:19 AM,104.37,226,23587.620000000003,101729152.21999997
2025-08-01 11:24:43 AM,104.42,0,0.0,101729152.21999997
2025-08-01 11:24:46 AM,104.42,10,1044.2,101730196.41999997
2025-08-01 11:25:03 AM,104.35,0,0.0,101730196.41999997
2025-08-01 11:25:08 AM,104.35,138,14400.3,101744596.71999997
2025-08-01 11:25:26 AM,104.44,0,0.0,101744596.71999997
2025-08-01 11:25:28 AM,104.44,50,5222.0,101749818.71999997
2025-08-01 11:25:50 AM,104.37,44,4592.280000000001,101754410.99999997
2025-08-01 11:26:16 AM,104.41,100,10441.0,101764851.99999997
2025-08-01 11:26:20 AM,104.41,126,13155.66,101778007.65999997
2025-08-01 11:26:28 AM,104.44,0,0.0,101778007.65999997
2025-08-01 11:26:30 AM,104.44,40,4177.6,101782185.25999996
2025-08-01 11:26:40 AM,104.44,1,104.44,101782289.69999996
2025-08-01 11:26:58 AM,104.37,0,0.0,101782289.69999996
2025-08-01 11:27:00 AM,104.37,27,2817.9900000000002,101785107.68999995
2025-08-01 11:27:10 AM,104.43,0,0.0,101785107.68999995
2025-08-01 11:27:12 AM,104.43,3,313.29,101785420.97999996
2025-08-01 11:27:15 AM,104.43,82,8563.26,101793984.23999996
2025-08-01 11:27:17 AM,104.36,0,0.0,101793984.23999996
2025-08-01 11:27:17 AM,104.36,141,14714.76,101808698.99999997
2025-08-01 11:27:34 AM,104.42,0,0.0,101808698.99999997
2025-08-01 11:27:36 AM,104.42,14,1461.88,101810160.87999997
2025-08-01 11:28:04 AM,104.45,20,2089.0,101812249.87999997
2025-08-01 11:28:11 AM,104.48,0,0.0,101812249.87999997
2025-08-01 11:28:12 AM,104.48,76,7940.4800000000005,101820190.35999997
2025-08-01 11:28:43 AM,104.49,0,0.0,101820190.35999997
2025-08-01 11:28:43 AM,104.49,100,10449.0,101830639.35999997
2025-08-01 11:28:47 AM,104.43,0,0.0,101830639.35999997
2025-08-01 11:28:48 AM,104.43,28,2924.04,101833563.39999998
2025-08-01 11:29:02 AM,104.49,0,0.0,101833563.39999998
2025-08-01 11:29:03 AM,104.49,4,417.96,101833981.35999997
2025-08-01 11:29:05 AM,104.49,48,5015.5199999999995,101838996.87999997
2025-08-01 11:29:24 AM,104.5,0,0.0,101838996.87999997
2025-08-01 11:29:25 AM,104.45,118,12325.1,101851321.97999996
2025-08-01 11:29:40 AM,104.45,31,3237.9500000000003,101854559.92999996
2025-08-01 11:30:04 AM,104.49,0,0.0,101854559.92999996
2025-08-01 11:30:06 AM,104.49,2,208.98,101854768.90999997
2025-08-01 11:30:17 AM,104.49,2,208.98,101854977.88999997
2025-08-01 11:30:39 AM,104.45,0,0.0,101854977.88999997
2025-08-01 11:30:39 AM,104.45,485,50658.25,101905636.13999997
2025-08-01 11:30:41 AM,104.4,0,0.0,101905636.13999997
2025-08-01 11:30:42 AM,104.4,1206,125906.40000000001,102031542.53999998
2025-08-01 11:31:11 AM,104.35,0,0.0,102031542.53999998
2025-08-01 11:31:12 AM,104.35,3,313.04999999999995,102031855.58999997
2025-08-01 11:31:25 AM,104.35,293,30574.55,102062430.13999997
2025-08-01 11:31:31 AM,104.29,0,0.0,102062430.13999997
2025-08-01 11:31:32 AM,104.29,346,36084.340000000004,102098514.47999997
2025-08-01 11:31:47 AM,104.26,100,10426.0,102108940.47999997
2025-08-01 11:32:00 AM,104.32,173,18047.36,102126987.83999997
2025-08-01 11:32:17 AM,103.96,50947,5296450.12,107423437.95999998
2025-08-01 11:32:21 AM,103.94,0,0.0,107423437.95999998
2025-08-01 11:32:22 AM,103.94,20,2078.8,107425516.75999998
2025-08-01 11:32:34 AM,103.94,1,103.94,107425620.69999997
2025-08-01 11:32:36 AM,103.99,0,0.0,107425620.69999997
2025-08-01 11:32:37 AM,103.99,5,519.9499999999999,107426140.64999998
2025-08-01 11:32:47 AM,104.0,0,0.0,107426140.64999998
2025-08-01 11:32:48 AM,104.0,3,312.0,107426452.64999998
2025-08-01 11:33:11 AM,103.99,0,0.0,107426452.64999998
2025-08-01 11:33:14 AM,103.99,1,103.99,107426556.63999997
2025-08-01 11:33:30 AM,103.9,649,67431.1,107493987.73999996
2025-08-01 11:33:32 AM,103.82,0,0.0,107493987.73999996
2025-08-01 11:33:34 AM,103.82,500,51910.0,107545897.73999996
2025-08-01 11:33:37 AM,103.72,0,0.0,107545897.73999996
2025-08-01 11:33:39 AM,103.72,23192,2405474.2399999998,109951371.97999996
2025-08-01 11:33:40 AM,103.76,300,31128.0,109982499.97999996
2025-08-01 11:33:45 AM,103.75,0,0.0,109982499.97999996
2025-08-01 11:33:50 AM,103.75,100,10375.0,109992874.97999996
2025-08-01 11:34:01 AM,103.65,0,0.0,109992874.97999996
2025-08-01 11:34:05 AM,103.65,22,2280.3,109995155.27999996
2025-08-01 11:34:09 AM,103.75,0,0.0,109995155.27999996
2025-08-01 11:34:10 AM,103.75,30,3112.5,109998267.77999996
2025-08-01 11:34:41 AM,103.75,25,2593.75,110000861.52999996
2025-08-01 11:34:51 AM,103.63,0,0.0,110000861.52999996
2025-08-01 11:34:51 AM,103.63,670,69432.09999999999,110070293.62999995
2025-08-01 11:34:59 AM,103.67,0,0.0,110070293.62999995
2025-08-01 11:35:02 AM,103.67,1,103.67,110070397.29999995
2025-08-01 11:35:34 AM,103.6,150,15540.0,110085937.29999995
2025-08-01 11:35:38 AM,103.66,0,0.0,110085937.29999995
2025-08-01 11:35:39 AM,103.6,0,0.0,110085937.29999995
2025-08-01 11:35:39 AM,103.6,24,2486.3999999999996,110088423.69999996
2025-08-01 11:36:01 AM,103.67,0,0.0,110088423.69999996
2025-08-01 11:36:05 AM,103.67,750,77752.5,110166176.19999996
2025-08-01 11:36:46 AM,103.67,1535,159133.45,110325309.64999996
2025-08-01 11:36:52 AM,103.67,1,103.67,110325413.31999996
2025-08-01 11:37:18 AM,103.71,30,3111.2999999999997,110328524.61999996
2025-08-01 11:37:39 AM,103.67,527,54634.090000000004,110383158.70999996
2025-08-01 11:37:44 AM,103.7,25,2592.5,110385751.20999996
2025-08-01 11:38:30 AM,103.74,31,3215.94,110388967.14999996
2025-08-01 11:38:38 AM,103.7,0,0.0,110388967.14999996
2025-08-01 11:38:39 AM,103.67,0,0.0,110388967.14999996
2025-08-01 11:38:39 AM,103.67,890,92266.3,110481233.44999996
2025-08-01 11:38:44 AM,103.65,0,0.0,110481233.44999996
2025-08-01 11:38:45 AM,103.65,2,207.3,110481440.74999996
2025-08-01 11:38:45 AM,103.54,0,0.0,110481440.74999996
2025-08-01 11:38:46 AM,103.6,462,47863.2,110529303.94999996
2025-08-01 11:38:49 AM,103.68,0,0.0,110529303.94999996
2025-08-01 11:38:50 AM,103.68,5,518.4000000000001,110529822.34999996
2025-08-01 11:39:04 AM,103.68,100,10368.0,110540190.34999996
2025-08-01 11:39:06 AM,103.68,3,311.04,110540501.38999997
2025-08-01 11:39:14 AM,103.68,1005,104198.40000000001,110644699.78999998
2025-08-01 11:39:20 AM,103.68,121,12545.28,110657245.06999998
2025-08-01 11:39:24 AM,103.55,0,0.0,110657245.06999998
2025-08-01 11:39:25 AM,103.55,1015,105103.25,110762348.31999998
2025-08-01 11:39:35 AM,103.57,116,12014.119999999999,110774362.43999998
2025-08-01 11:39:39 AM,103.59,0,0.0,110774362.43999998
2025-08-01 11:39:41 AM,103.59,5,517.95,110774880.38999999
2025-08-01 11:40:02 AM,103.59,8,828.72,110775709.10999998
2025-08-01 11:40:12 AM,103.59,556,57596.04,110833305.14999999
2025-08-01 11:40:24 AM,103.51,1449,149985.99000000002,110983291.13999999
2025-08-01 11:40:26 AM,103.5,0,0.0,110983291.13999999
2025-08-01 11:40:27 AM,103.54,0,0.0,110983291.13999999
2025-08-01 11:40:28 AM,103.54,877,90804.58,111074095.71999998
2025-08-01 11:40:29 AM,103.5,110,11385.0,111085480.71999998
2025-08-01 11:40:33 AM,103.5,79,8176.5,111093657.21999998
2025-08-01 11:40:37 AM,103.47,0,0.0,111093657.21999998
2025-08-01 11:40:38 AM,103.47,1634,169069.98,111262727.19999999
2025-08-01 11:40:45 AM,103.35,0,0.0,111262727.19999999
2025-08-01 11:40:48 AM,103.35,2268,234397.8,111497124.99999999
2025-08-01 11:40:54 AM,103.41,1,103.41,111497228.40999998
2025-08-01 11:40:58 AM,103.41,103,10651.23,111507879.63999999
2025-08-01 11:41:04 AM,103.44,56,5792.639999999999,111513672.27999999
2025-08-01 11:41:05 AM,103.36,0,0.0,111513672.27999999
2025-08-01 11:41:09 AM,103.36,178,18398.079999999998,111532070.35999998
2025-08-01 11:41:09 AM,103.41,0,0.0,111532070.35999998
2025-08-01 11:41:09 AM,103.41,30,3102.2999999999997,111535172.65999998
2025-08-01 11:41:11 AM,103.32,0,0.0,111535172.65999998
2025-08-01 11:41:14 AM,103.32,662,68397.84,111603570.49999999
2025-08-01 11:41:24 AM,103.32,2,206.64,111603777.13999999
2025-08-01 11:41:38 AM,103.41,500,51705.0,111655482.13999999
2025-08-01 11:41:45 AM,103.42,0,0.0,111655482.13999999
2025-08-01 11:41:49 AM,103.42,495,51192.9,111706675.03999999
2025-08-01 11:41:54 AM,103.42,600,62052.0,111768727.03999999
2025-08-01 11:42:09 AM,103.42,65,6722.3,111775449.33999999
2025-08-01 11:42:27 AM,103.48,0,0.0,111775449.33999999
2025-08-01 11:42:27 AM,103.39,0,0.0,111775449.33999999
2025-08-01 11:42:29 AM,103.39,363,37530.57,111812979.90999998
2025-08-01 11:42:34 AM,103.38,0,0.0,111812979.90999998
2025-08-01 11:42:35 AM,103.38,21,2170.98,111815150.88999999
2025-08-01 11:42:51 AM,103.32,826,85342.31999999999,111900493.20999998
2025-08-01 11:42:52 AM,103.4,500,51700.0,111952193.20999998
2025-08-01 11:42:53 AM,103.31,0,0.0,111952193.20999998
2025-08-01 11:42:56 AM,103.31,721,74486.51,112026679.71999998
2025-08-01 11:42:57 AM,103.36,0,0.0,112026679.71999998
2025-08-01 11:42:57 AM,103.36,200,20672.0,112047351.71999998
2025-08-01 11:43:05 AM,103.37,0,0.0,112047351.71999998
2025-08-01 11:43:06 AM,103.37,100,10337.0,112057688.71999998
2025-08-01 11:43:17 AM,103.4,0,0.0,112057688.71999998
2025-08-01 11:43:18 AM,103.4,250,25850.0,112083538.71999998
2025-08-01 11:43:21 AM,103.31,0,0.0,112083538.71999998
2025-08-01 11:43:23 AM,103.31,200,20662.0,112104200.71999998
2025-08-01 11:43:29 AM,103.31,65,6715.150000000001,112110915.86999999
2025-08-01 11:43:51 AM,103.37,0,0.0,112110915.86999999
2025-08-01 11:43:54 AM,103.37,151,15608.87,112126524.74
2025-08-01 11:44:05 AM,103.31,81,8368.11,112134892.85
2025-08-01 11:44:11 AM,103.25,7724,797503.0,112932395.85
2025-08-01 11:44:29 AM,103.34,10,1033.4,112933429.25
2025-08-01 11:45:00 AM,103.3,0,0.0,112933429.25
2025-08-01 11:45:00 AM,103.28,0,0.0,112933429.25
2025-08-01 11:45:01 AM,103.28,167,17247.76,112950677.01
2025-08-01 11:45:27 AM,103.32,0,0.0,112950677.01
2025-08-01 11:45:28 AM,103.33,0,0.0,112950677.01
2025-08-01 11:45:28 AM,103.33,72,7439.76,112958116.77000001
2025-08-01 11:45:40 AM,103.29,0,0.0,112958116.77000001
2025-08-01 11:45:44 AM,103.29,100,10329.0,112968445.77000001
2025-08-01 11:45:45 AM,103.41,0,0.0,112968445.77000001
2025-08-01 11:45:49 AM,103.36,10599,1095512.64,114063958.41000001
2025-08-01 11:45:51 AM,103.55,0,0.0,114063958.41000001
2025-08-01 11:45:55 AM,103.55,6611,684569.0499999999,114748527.46000001
2025-08-01 11:46:00 AM,103.6,0,0.0,114748527.46000001
2025-08-01 11:46:00 AM,103.6,147,15229.199999999999,114763756.66000001
2025-08-01 11:46:13 AM,103.56,0,0.0,114763756.66000001
2025-08-01 11:46:16 AM,103.56,900,93204.0,114856960.66000001
2025-08-01 11:46:18 AM,103.5,0,0.0,114856960.66000001
2025-08-01 11:46:21 AM,103.5,5000,517500.0,115374460.66000001
2025-08-01 11:46:35 AM,103.61,0,0.0,115374460.66000001
2025-08-01 11:46:37 AM,103.61,23,2383.03,115376843.69000001
2025-08-01 11:46:41 AM,103.6,0,0.0,115376843.69000001
2025-08-01 11:46:43 AM,103.6,34,3522.3999999999996,115380366.09000002
2025-08-01 11:47:04 AM,103.59,60,6215.400000000001,115386581.49000002
2025-08-01 11:47:07 AM,103.57,0,0.0,115386581.49000002
2025-08-01 11:47:09 AM,103.57,15,1553.55,115388135.04000002
2025-08-01 11:47:10 AM,103.66,0,0.0,115388135.04000002
2025-08-01 11:47:14 AM,103.66,270,27988.2,115416123.24000002
2025-08-01 11:47:14 AM,103.58,0,0.0,115416123.24000002
2025-08-01 11:47:14 AM,103.58,87,9011.46,115425134.70000002
2025-08-01 11:47:15 AM,103.57,0,0.0,115425134.70000002
2025-08-01 11:47:19 AM,103.57,200,20714.0,115445848.70000002
2025-08-01 11:47:22 AM,103.69,0,0.0,115445848.70000002
2025-08-01 11:47:24 AM,103.69,781,80981.89,115526830.59000002
2025-08-01 11:47:33 AM,103.61,0,0.0,115526830.59000002
2025-08-01 11:47:34 AM,103.61,216,22379.76,115549210.35000002
2025-08-01 11:47:35 AM,103.65,30,3109.5,115552319.85000002
2025-08-01 11:47:43 AM,103.68,0,0.0,115552319.85000002
2025-08-01 11:47:44 AM,103.68,100,10368.0,115562687.85000002
2025-08-01 11:47:55 AM,103.68,150,15552.000000000002,115578239.85000002
2025-08-01 11:48:01 AM,103.61,0,0.0,115578239.85000002
2025-08-01 11:48:05 AM,103.61,1,103.61,115578343.46000002
2025-08-01 11:48:25 AM,103.61,54,5594.94,115583938.40000002
2025-08-01 11:48:40 AM,103.67,0,0.0,115583938.40000002
2025-08-01 11:48:40 AM,103.67,25,2591.75,115586530.15000002
2025-08-01 11:49:11 AM,103.71,457,47395.469999999994,115633925.62000002
2025-08-01 11:49:30 AM,103.61,0,0.0,115633925.62000002
2025-08-01 11:49:32 AM,103.61,100,10361.0,115644286.62000002
2025-08-01 11:49:35 AM,103.6,0,0.0,115644286.62000002
2025-08-01 11:49:37 AM,103.6,381,39471.6,115683758.22000001
2025-08-01 11:49:39 AM,103.68,0,0.0,115683758.22000001
2025-08-01 11:49:42 AM,103.68,1,103.68,115683861.90000002
2025-08-01 11:49:47 AM,103.74,0,0.0,115683861.90000002
2025-08-01 11:49:48 AM,103.74,290,30084.6,115713946.50000001
2025-08-01 11:50:06 AM,103.68,0,0.0,115713946.50000001
2025-08-01 11:50:08 AM,103.68,131,13582.080000000002,115727528.58000001
2025-08-01 11:50:17 AM,103.63,0,0.0,115727528.58000001
2025-08-01 11:50:19 AM,103.63,276,28601.879999999997,115756130.46000001
2025-08-01 11:50:40 AM,103.68,0,0.0,115756130.46000001
2025-08-01 11:50:44 AM,103.68,5,518.4000000000001,115756648.86000001
2025-08-01 11:51:27 AM,103.63,0,0.0,115756648.86000001
2025-08-01 11:51:28 AM,103.63,250,25907.5,115782556.36000001
2025-08-01 11:51:43 AM,103.63,34,3523.42,115786079.78000002
2025-08-01 11:52:03 AM,103.75,794,82377.5,115868457.28000002
2025-08-01 11:52:20 AM,103.77,0,0.0,115868457.28000002
2025-08-01 11:52:23 AM,103.77,300,31131.0,115899588.28000002
2025-08-01 11:52:48 AM,103.76,20,2075.2000000000003,115901663.48000002
2025-08-01 11:53:15 AM,103.94,1998,207672.12,116109335.60000002
2025-08-01 11:53:16 AM,103.83,0,0.0,116109335.60000002
2025-08-01 11:53:19 AM,103.83,670,69566.1,116178901.70000002
2025-08-01 11:53:20 AM,103.85,10,1038.5,116179940.20000002
2025-08-01 11:53:29 AM,103.87,0,0.0,116179940.20000002
2025-08-01 11:53:30 AM,103.87,5,519.35,116180459.55000001
2025-08-01 11:53:45 AM,103.91,1,103.91,116180563.46000001
2025-08-01 11:54:13 AM,103.83,0,0.0,116180563.46000001
2025-08-01 11:54:14 AM,103.77,0,0.0,116180563.46000001
2025-08-01 11:54:15 AM,103.77,308,31961.16,116212524.62
2025-08-01 11:54:25 AM,103.83,0,0.0,116212524.62
2025-08-01 11:54:26 AM,103.83,7,726.81,116213251.43
2025-08-01 11:54:36 AM,103.83,3,311.49,116213562.92
2025-08-01 11:54:41 AM,103.78,62,6434.36,116219997.28
2025-08-01 11:54:43 AM,103.77,0,0.0,116219997.28
2025-08-01 11:54:46 AM,103.77,36,3735.72,116223733.0
2025-08-01 11:54:51 AM,103.85,0,0.0,116223733.0
2025-08-01 11:54:51 AM,103.85,398,41332.299999999996,116265065.3
2025-08-01 11:55:03 AM,103.8,0,0.0,116265065.3
2025-08-01 11:55:05 AM,103.8,146,15154.8,116280220.1
2025-08-01 11:55:11 AM,103.77,120,12452.4,116292672.5
2025-08-01 11:55:12 AM,103.75,0,0.0,116292672.5
2025-08-01 11:55:12 AM,103.75,134,13902.5,116306575.0
2025-08-01 11:55:44 AM,103.78,0,0.0,116306575.0
2025-08-01 11:55:46 AM,103.78,4,415.12,116306990.12
2025-08-01 11:56:06 AM,103.78,259,26879.02,116333869.14
2025-08-01 11:56:11 AM,103.78,87,9028.86,116342898.0
2025-08-01 11:56:23 AM,103.83,127,13186.41,116356084.41
2025-08-01 11:56:25 AM,103.78,0,0.0,116356084.41
2025-08-01 11:56:27 AM,103.78,48,4981.4400000000005,116361065.85
2025-08-01 11:57:01 AM,103.85,0,0.0,116361065.85
2025-08-01 11:57:02 AM,103.85,280,29078.0,116390143.85
2025-08-01 11:57:11 AM,103.85,5,519.25,116390663.1
2025-08-01 11:57:29 AM,103.79,0,0.0,116390663.1
2025-08-01 11:57:32 AM,103.79,31,3217.4900000000002,116393880.58999999
2025-08-01 11:57:39 AM,103.84,0,0.0,116393880.58999999
2025-08-01 11:57:42 AM,103.84,49,5088.16,116398968.74999999
2025-08-01 11:57:47 AM,103.84,4,415.36,116399384.10999998
2025-08-01 11:57:56 AM,103.78,0,0.0,116399384.10999998
2025-08-01 11:57:57 AM,103.78,100,10378.0,116409762.10999998
2025-08-01 11:58:09 AM,103.76,0,0.0,116409762.10999998
2025-08-01 11:58:13 AM,103.76,878,91101.28,116500863.38999999
2025-08-01 11:58:14 AM,103.75,0,0.0,116500863.38999999
2025-08-01 11:58:15 AM,103.75,474,49177.5,116550040.88999999
2025-08-01 11:58:19 AM,103.75,1,103.75,116550144.63999999
2025-08-01 11:58:34 AM,103.75,4,415.0,116550559.63999999
2025-08-01 11:58:50 AM,103.75,500,51875.0,116602434.63999999
2025-08-01 11:59:06 AM,103.75,31,3216.25,116605650.88999999
2025-08-01 11:59:24 AM,103.87,0,0.0,116605650.88999999
2025-08-01 11:59:26 AM,103.87,300,31161.0,116636811.88999999
2025-08-01 11:59:46 AM,103.78,0,0.0,116636811.88999999
2025-08-01 11:59:47 AM,103.82,768,79733.76,116716545.64999999
2025-08-01 11:59:49 AM,103.78,42,4358.76,116720904.41
2025-08-01 12:00:09 PM,103.83,0,0.0,116720904.41
2025-08-01 12:00:10 PM,103.83,50,5191.5,116726095.91
2025-08-01 12:00:13 PM,103.84,0,0.0,116726095.91
2025-08-01 12:00:13 PM,103.84,4,415.36,116726511.27
2025-08-01 12:00:41 PM,103.78,441,45766.98,116772278.25
2025-08-01 12:00:41 PM,103.72,0,0.0,116772278.25
2025-08-01 12:00:43 PM,103.69,0,0.0,116772278.25
2025-08-01 12:00:43 PM,103.69,607,62939.83,116835218.08
2025-08-01 12:00:45 PM,103.75,0,0.0,116835218.08
2025-08-01 12:00:46 PM,103.75,2,207.5,116835425.58
2025-08-01 12:00:56 PM,103.8,0,0.0,116835425.58
2025-08-01 12:00:58 PM,103.8,1000,103800.0,116939225.58
2025-08-01 12:01:26 PM,103.89,0,0.0,116939225.58
2025-08-01 12:01:27 PM,103.89,292,30335.88,116969561.46
2025-08-01 12:01:36 PM,103.76,0,0.0,116969561.46
2025-08-01 12:01:37 PM,103.76,1294,134265.44,117103826.89999999
2025-08-01 12:01:39 PM,103.75,7,726.25,117104553.14999999
