date,price,qty,trnvr,cum_trnvr
2025-08-01 09:15:00 AM,796.5,53987,43000645.5,43000645.5
2025-08-01 09:15:01 AM,795.0,17294,13748730.0,56749375.5
2025-08-01 09:15:01 AM,795.35,3332,2650106.2,59399481.7
2025-08-01 09:15:02 AM,795.0,908,721860.0,60121341.7
2025-08-01 09:15:02 AM,795.45,1151,915562.9500000001,61036904.650000006
2025-08-01 09:15:02 AM,794.75,0,0.0,61036904.650000006
2025-08-01 09:15:03 AM,794.65,1052,835971.7999999999,61872876.45
2025-08-01 09:15:03 AM,794.8,37,29407.6,61902284.050000004
2025-08-01 09:15:03 AM,794.6,0,0.0,61902284.050000004
2025-08-01 09:15:04 AM,794.8,6067,4822051.6,66724335.650000006
2025-08-01 09:15:04 AM,794.8,219,174061.19999999998,66898396.85000001
2025-08-01 09:15:04 AM,794.7,0,0.0,66898396.85000001
2025-08-01 09:15:05 AM,794.75,2619,2081450.25,68979847.10000001
2025-08-01 09:15:05 AM,794.15,67,53208.049999999996,69033055.15
2025-08-01 09:15:05 AM,794.75,0,0.0,69033055.15
2025-08-01 09:15:06 AM,794.65,486,386199.89999999997,69419255.05000001
2025-08-01 09:15:06 AM,795.15,3223,2562768.4499999997,71982023.50000001
2025-08-01 09:15:06 AM,794.25,0,0.0,71982023.50000001
2025-08-01 09:15:07 AM,794.6,756,600717.6,72582741.10000001
2025-08-01 09:15:07 AM,794.25,143,113577.75,72696318.85000001
2025-08-01 09:15:07 AM,794.2,0,0.0,72696318.85000001
2025-08-01 09:15:08 AM,794.6,611,485500.60000000003,73181819.45
2025-08-01 09:15:08 AM,794.15,51,40501.65,73222321.10000001
2025-08-01 09:15:08 AM,794.85,0,0.0,73222321.10000001
2025-08-01 09:15:09 AM,794.8,1752,1392489.5999999999,74614810.7
2025-08-01 09:15:09 AM,794.15,404,320836.6,74935647.3
2025-08-01 09:15:10 AM,794.2,174,138190.80000000002,75073838.1
2025-08-01 09:15:10 AM,794.6,50,39730.0,75113568.1
2025-08-01 09:15:11 AM,794.5,70,55615.0,75169183.1
2025-08-01 09:15:11 AM,794.3,1008,800654.3999999999,75969837.5
2025-08-01 09:15:12 AM,793.9,5878,4666544.2,80636381.7
2025-08-01 09:15:12 AM,794.3,213,169185.9,80805567.60000001
2025-08-01 09:15:12 AM,794.5,0,0.0,80805567.60000001
2025-08-01 09:15:12 AM,794.3,0,0.0,80805567.60000001
2025-08-01 09:15:13 AM,794.3,1977,1570331.0999999999,82375898.7
2025-08-01 09:15:13 AM,794.55,0,0.0,82375898.7
2025-08-01 09:15:14 AM,794.5,16,12712.0,82388610.7
2025-08-01 09:15:14 AM,794.0,423,335862.0,82724472.7
2025-08-01 09:15:14 AM,794.3,0,0.0,82724472.7
2025-08-01 09:15:15 AM,793.7,1556,1234997.2000000002,83959469.9
2025-08-01 09:15:15 AM,793.7,2749,2181881.3000000003,86141351.2
2025-08-01 09:15:16 AM,793.25,1506,1194634.5,87335985.7
2025-08-01 09:15:16 AM,793.75,200,158750.0,87494735.7
2025-08-01 09:15:16 AM,793.5,0,0.0,87494735.7
2025-08-01 09:15:16 AM,793.85,0,0.0,87494735.7
2025-08-01 09:15:17 AM,793.75,824,654050.0,88148785.7
2025-08-01 09:15:17 AM,793.65,174,138095.1,88286880.8
2025-08-01 09:15:18 AM,793.85,600,476310.0,88763190.8
2025-08-01 09:15:18 AM,793.95,1200,952740.0,89715930.8
2025-08-01 09:15:18 AM,793.5,0,0.0,89715930.8
2025-08-01 09:15:19 AM,793.5,198,157113.0,89873043.8
2025-08-01 09:15:20 AM,793.5,180,142830.0,90015873.8
2025-08-01 09:15:20 AM,793.9,1040,825656.0,90841529.8
2025-08-01 09:15:20 AM,793.65,0,0.0,90841529.8
2025-08-01 09:15:21 AM,793.85,577,458051.45,91299581.25
2025-08-01 09:15:21 AM,794.0,48,38112.0,91337693.25
2025-08-01 09:15:21 AM,794.3,0,0.0,91337693.25
2025-08-01 09:15:22 AM,794.5,236,187502.0,91525195.25
2025-08-01 09:15:22 AM,794.65,0,0.0,91525195.25
2025-08-01 09:15:23 AM,794.45,996,791272.2000000001,92316467.45
2025-08-01 09:15:24 AM,794.0,1029,817026.0,93133493.45
2025-08-01 09:15:24 AM,794.25,0,0.0,93133493.45
2025-08-01 09:15:25 AM,794.3,80,63544.0,93197037.45
2025-08-01 09:15:25 AM,793.85,0,0.0,93197037.45
2025-08-01 09:15:25 AM,794.25,0,0.0,93197037.45
2025-08-01 09:15:26 AM,794.35,625,496468.75,93693506.2
2025-08-01 09:15:27 AM,794.0,275,218350.0,93911856.2
2025-08-01 09:15:27 AM,794.45,0,0.0,93911856.2
2025-08-01 09:15:27 AM,794.5,0,0.0,93911856.2
2025-08-01 09:15:28 AM,794.5,2011,1597739.5,95509595.7
2025-08-01 09:15:28 AM,794.3,5,3971.5,95513567.2
2025-08-01 09:15:29 AM,794.3,1000,794300.0,96307867.2
2025-08-01 09:15:29 AM,794.65,3,2383.95,96310251.15
2025-08-01 09:15:30 AM,794.65,153,121581.45,96431832.60000001
2025-08-01 09:15:30 AM,794.5,0,0.0,96431832.60000001
2025-08-01 09:15:31 AM,794.9,4042,3212985.8,99644818.4
2025-08-01 09:15:31 AM,794.5,25,19862.5,99664680.9
2025-08-01 09:15:32 AM,794.4,437,347152.8,100011833.7
2025-08-01 09:15:32 AM,794.85,2,1589.7,100013423.4
2025-08-01 09:15:32 AM,794.75,0,0.0,100013423.4
2025-08-01 09:15:33 AM,794.75,50,39737.5,100053160.9
2025-08-01 09:15:33 AM,794.65,0,0.0,100053160.9
2025-08-01 09:15:34 AM,794.5,51,40519.5,100093680.4
2025-08-01 09:15:35 AM,794.5,501,398044.5,100491724.9
2025-08-01 09:15:35 AM,794.5,339,269335.5,100761060.4
2025-08-01 09:15:36 AM,794.5,598,475111.0,101236171.4
2025-08-01 09:15:36 AM,794.5,100,79450.0,101315621.4
2025-08-01 09:15:36 AM,794.65,0,0.0,101315621.4
2025-08-01 09:15:36 AM,794.55,0,0.0,101315621.4
2025-08-01 09:15:37 AM,794.8,897,712935.6,102028557.0
2025-08-01 09:15:37 AM,794.55,0,0.0,102028557.0
2025-08-01 09:15:38 AM,794.6,1208,959876.8,102988433.8
2025-08-01 09:15:38 AM,794.85,0,0.0,102988433.8
2025-08-01 09:15:39 AM,794.85,110,87433.5,103075867.3
2025-08-01 09:15:39 AM,794.65,100,79465.0,103155332.3
2025-08-01 09:15:39 AM,794.8,0,0.0,103155332.3
2025-08-01 09:15:40 AM,794.65,153,121581.45,103276913.75
2025-08-01 09:15:40 AM,794.85,0,0.0,103276913.75
2025-08-01 09:15:40 AM,794.95,0,0.0,103276913.75
2025-08-01 09:15:41 AM,795.0,428,340260.0,103617173.75
2025-08-01 09:15:42 AM,795.0,101,80295.0,103697468.75
2025-08-01 09:15:42 AM,795.0,5,3975.0,103701443.75
2025-08-01 09:15:42 AM,795.05,0,0.0,103701443.75
2025-08-01 09:15:42 AM,795.0,0,0.0,103701443.75
2025-08-01 09:15:43 AM,794.9,248,197135.19999999998,103898578.95
2025-08-01 09:15:44 AM,795.0,63,50085.0,103948663.95
2025-08-01 09:15:44 AM,795.15,0,0.0,103948663.95
2025-08-01 09:15:44 AM,795.15,84,66792.59999999999,104015456.55
2025-08-01 09:15:45 AM,795.0,1,795.0,104016251.55
2025-08-01 09:15:45 AM,795.1,0,0.0,104016251.55
2025-08-01 09:15:45 AM,795.1,225,178897.5,104195149.05
2025-08-01 09:15:46 AM,794.8,127,100939.59999999999,104296088.64999999
2025-08-01 09:15:46 AM,794.7,0,0.0,104296088.64999999
2025-08-01 09:15:46 AM,794.7,769,611124.3,104907212.94999999
2025-08-01 09:15:47 AM,794.7,36,28609.2,104935822.14999999
2025-08-01 09:15:48 AM,794.7,136,108079.20000000001,105043901.35
2025-08-01 09:15:49 AM,794.8,11,8742.8,105052644.14999999
2025-08-01 09:15:49 AM,794.8,50,39740.0,105092384.14999999
2025-08-01 09:15:50 AM,794.8,37,29407.6,105121791.74999999
2025-08-01 09:15:51 AM,794.7,38,30198.600000000002,105151990.34999998
2025-08-01 09:15:52 AM,794.8,50,39740.0,105191730.34999998
2025-08-01 09:15:52 AM,794.8,25,19870.0,105211600.34999998
2025-08-01 09:15:53 AM,794.8,34,27023.199999999997,105238623.54999998
2025-08-01 09:15:53 AM,794.75,5,3973.75,105242597.29999998
2025-08-01 09:15:54 AM,794.95,260,206687.0,105449284.29999998
2025-08-01 09:15:54 AM,794.75,68,54043.0,105503327.29999998
2025-08-01 09:15:54 AM,794.7,0,0.0,105503327.29999998
2025-08-01 09:15:55 AM,794.7,64,50860.8,105554188.09999998
2025-08-01 09:15:55 AM,794.75,1,794.75,105554982.84999998
2025-08-01 09:15:56 AM,794.75,10,7947.5,105562930.34999998
2025-08-01 09:15:56 AM,794.7,0,0.0,105562930.34999998
2025-08-01 09:15:57 AM,794.65,3882,3084831.3,108647761.64999998
2025-08-01 09:15:58 AM,794.5,1197,951016.5,109598778.14999998
2025-08-01 09:15:59 AM,794.75,70,55632.5,109654410.64999998
2025-08-01 09:15:59 AM,794.65,0,0.0,109654410.64999998
2025-08-01 09:16:00 AM,794.65,144,114429.59999999999,109768840.24999997
2025-08-01 09:16:00 AM,794.5,187,148571.5,109917411.74999997
2025-08-01 09:16:01 AM,794.3,59,46863.7,109964275.44999997
2025-08-01 09:16:01 AM,794.3,61,48452.299999999996,110012727.74999997
2025-08-01 09:16:01 AM,794.35,0,0.0,110012727.74999997
2025-08-01 09:16:02 AM,794.0,333,264402.0,110277129.74999997
2025-08-01 09:16:03 AM,794.0,136,107984.0,110385113.74999997
2025-08-01 09:16:04 AM,794.0,1,794.0,110385907.74999997
2025-08-01 09:16:04 AM,794.25,148,117549.0,110503456.74999997
2025-08-01 09:16:04 AM,794.0,0,0.0,110503456.74999997
2025-08-01 09:16:05 AM,794.0,74,58756.0,110562212.74999997
2025-08-01 09:16:05 AM,794.2,337,267645.4,110829858.14999998
2025-08-01 09:16:05 AM,794.0,0,0.0,110829858.14999998
2025-08-01 09:16:06 AM,794.0,2,1588.0,110831446.14999998
2025-08-01 09:16:06 AM,794.15,0,0.0,110831446.14999998
2025-08-01 09:16:07 AM,794.15,10,7941.5,110839387.64999998
2025-08-01 09:16:07 AM,794.0,54,42876.0,110882263.64999998
2025-08-01 09:16:07 AM,794.2,0,0.0,110882263.64999998
2025-08-01 09:16:08 AM,794.0,4725,3751650.0,114633913.64999998
2025-08-01 09:16:09 AM,794.0,620,492280.0,115126193.64999998
2025-08-01 09:16:09 AM,794.1,0,0.0,115126193.64999998
2025-08-01 09:16:10 AM,794.1,390,309699.0,115435892.64999998
2025-08-01 09:16:10 AM,794.0,0,0.0,115435892.64999998
2025-08-01 09:16:11 AM,794.1,455,361315.5,115797208.14999998
2025-08-01 09:16:12 AM,794.0,206,163564.0,115960772.14999998
2025-08-01 09:16:12 AM,794.0,996,790824.0,116751596.14999998
2025-08-01 09:16:13 AM,793.95,1576,1251265.2000000002,118002861.34999998
2025-08-01 09:16:13 AM,793.95,100,79395.0,118082256.34999998
2025-08-01 09:16:14 AM,793.95,435,345368.25,118427624.59999998
2025-08-01 09:16:14 AM,793.95,60,47637.0,118475261.59999998
2025-08-01 09:16:15 AM,793.95,168,133383.6,118608645.19999997
2025-08-01 09:16:16 AM,793.95,59,46843.05,118655488.24999997
2025-08-01 09:16:17 AM,793.95,161,127825.95000000001,118783314.19999997
2025-08-01 09:16:18 AM,793.75,275,218281.25,119001595.44999997
2025-08-01 09:16:18 AM,793.95,5,3969.75,119005565.19999997
2025-08-01 09:16:19 AM,793.95,298,236597.1,119242162.29999997
2025-08-01 09:16:19 AM,793.75,0,0.0,119242162.29999997
2025-08-01 09:16:20 AM,793.95,181,143704.95,119385867.24999997
2025-08-01 09:16:20 AM,794.0,0,0.0,119385867.24999997
2025-08-01 09:16:20 AM,793.75,0,0.0,119385867.24999997
2025-08-01 09:16:21 AM,793.75,2036,1616075.0,121001942.24999997
2025-08-01 09:16:21 AM,794.0,0,0.0,121001942.24999997
2025-08-01 09:16:22 AM,793.65,1114,884126.1,121886068.34999996
2025-08-01 09:16:22 AM,794.0,12,9528.0,121895596.34999996
2025-08-01 09:16:22 AM,794.1,0,0.0,121895596.34999996
2025-08-01 09:16:22 AM,793.95,0,0.0,121895596.34999996
2025-08-01 09:16:23 AM,794.0,511,405734.0,122301330.34999996
2025-08-01 09:16:23 AM,793.95,40,31758.0,122333088.34999996
2025-08-01 09:16:24 AM,794.0,1,794.0,122333882.34999996
2025-08-01 09:16:24 AM,793.75,59,46831.25,122380713.59999996
2025-08-01 09:16:25 AM,793.75,221,175418.75,122556132.34999996
2025-08-01 09:16:25 AM,794.0,0,0.0,122556132.34999996
2025-08-01 09:16:25 AM,794.0,7,5558.0,122561690.34999996
2025-08-01 09:16:26 AM,793.75,37,29368.75,122591059.09999996
2025-08-01 09:16:27 AM,794.0,66,52404.0,122643463.09999996
2025-08-01 09:16:28 AM,794.0,36,28584.0,122672047.09999996
2025-08-01 09:16:28 AM,794.1,2,1588.2,122673635.29999997
2025-08-01 09:16:28 AM,793.75,0,0.0,122673635.29999997
2025-08-01 09:16:28 AM,793.75,796,631825.0,123305460.29999997
2025-08-01 09:16:29 AM,794.0,0,0.0,123305460.29999997
2025-08-01 09:16:30 AM,794.0,10,7940.0,123313400.29999997
2025-08-01 09:16:30 AM,793.75,90,71437.5,123384837.79999997
2025-08-01 09:16:31 AM,794.0,19,15086.0,123399923.79999997
2025-08-01 09:16:31 AM,794.05,260,206453.0,123606376.79999997
2025-08-01 09:16:31 AM,794.0,0,0.0,123606376.79999997
2025-08-01 09:16:32 AM,794.0,10,7940.0,123614316.79999997
2025-08-01 09:16:32 AM,794.1,0,0.0,123614316.79999997
2025-08-01 09:16:33 AM,794.1,1800,1429380.0,125043696.79999997
2025-08-01 09:16:34 AM,794.05,188,149281.4,125192978.19999997
2025-08-01 09:16:34 AM,794.05,1,794.05,125193772.24999997
2025-08-01 09:16:35 AM,794.05,7,5558.349999999999,125199330.59999996
2025-08-01 09:16:37 AM,794.0,420,333480.0,125532810.59999996
2025-08-01 09:16:37 AM,794.0,3,2382.0,125535192.59999996
2025-08-01 09:16:37 AM,793.75,0,0.0,125535192.59999996
2025-08-01 09:16:38 AM,793.75,8725,6925468.75,132460661.34999996
2025-08-01 09:16:38 AM,793.9,1,793.9,132461455.24999997
2025-08-01 09:16:39 AM,793.65,1181,937300.65,133398755.89999998
2025-08-01 09:16:40 AM,793.75,1,793.75,133399549.64999998
2025-08-01 09:16:40 AM,793.5,0,0.0,133399549.64999998
2025-08-01 09:16:41 AM,793.5,106,84111.0,133483660.64999998
2025-08-01 09:16:41 AM,793.7,0,0.0,133483660.64999998
2025-08-01 09:16:41 AM,793.75,0,0.0,133483660.64999998
2025-08-01 09:16:42 AM,793.75,134,106362.5,133590023.14999998
2025-08-01 09:16:42 AM,793.7,0,0.0,133590023.14999998
2025-08-01 09:16:43 AM,793.75,111,88106.25,133678129.39999998
2025-08-01 09:16:43 AM,793.5,123,97600.5,133775729.89999998
2025-08-01 09:16:44 AM,793.7,21,16667.7,133792397.59999998
2025-08-01 09:16:44 AM,793.75,0,0.0,133792397.59999998
2025-08-01 09:16:44 AM,793.7,0,0.0,133792397.59999998
2025-08-01 09:16:45 AM,793.75,624,495300.0,134287697.59999996
2025-08-01 09:16:45 AM,793.7,0,0.0,134287697.59999996
2025-08-01 09:16:45 AM,793.75,0,0.0,134287697.59999996
2025-08-01 09:16:46 AM,793.5,247,195994.5,134483692.09999996
2025-08-01 09:16:46 AM,793.75,0,0.0,134483692.09999996
2025-08-01 09:16:47 AM,793.75,51,40481.25,134524173.34999996
2025-08-01 09:16:47 AM,793.7,0,0.0,134524173.34999996
2025-08-01 09:16:48 AM,793.75,1003,796131.25,135320304.59999996
2025-08-01 09:16:48 AM,793.75,201,159543.75,135479848.34999996
2025-08-01 09:16:48 AM,793.55,0,0.0,135479848.34999996
2025-08-01 09:16:49 AM,793.7,75,59527.5,135539375.84999996
2025-08-01 09:16:49 AM,793.5,143,113470.5,135652846.34999996
2025-08-01 09:16:49 AM,793.75,0,0.0,135652846.34999996
2025-08-01 09:16:50 AM,793.75,423,335756.25,135988602.59999996
2025-08-01 09:16:50 AM,793.8,200,158760.0,136147362.59999996
2025-08-01 09:16:51 AM,793.5,81,64273.5,136211636.09999996
2025-08-01 09:16:51 AM,793.5,9,7141.5,136218777.59999996
2025-08-01 09:16:52 AM,793.7,20,15874.0,136234651.59999996
2025-08-01 09:16:53 AM,793.7,20,15874.0,136250525.59999996
2025-08-01 09:16:53 AM,793.5,0,0.0,136250525.59999996
2025-08-01 09:16:54 AM,793.5,5,3967.5,136254493.09999996
2025-08-01 09:16:54 AM,793.8,1000,793800.0,137048293.09999996
2025-08-01 09:16:54 AM,793.75,0,0.0,137048293.09999996
2025-08-01 09:16:55 AM,793.75,20,15875.0,137064168.09999996
2025-08-01 09:16:55 AM,793.5,51,40468.5,137104636.59999996
2025-08-01 09:16:55 AM,793.75,0,0.0,137104636.59999996
2025-08-01 09:16:56 AM,793.75,25,19843.75,137124480.34999996
2025-08-01 09:16:56 AM,793.75,114,90487.5,137214967.84999996
2025-08-01 09:16:56 AM,793.8,0,0.0,137214967.84999996
2025-08-01 09:16:56 AM,793.5,0,0.0,137214967.84999996
2025-08-01 09:16:57 AM,793.5,33,26185.5,137241153.34999996
2025-08-01 09:16:58 AM,793.5,276,219006.0,137460159.34999996
2025-08-01 09:16:58 AM,793.5,149,118231.5,137578390.84999996
2025-08-01 09:16:58 AM,793.65,0,0.0,137578390.84999996
2025-08-01 09:16:58 AM,793.55,0,0.0,137578390.84999996
2025-08-01 09:16:59 AM,793.5,1305,1035517.5,138613908.34999996
2025-08-01 09:17:00 AM,793.45,1086,861686.7000000001,139475595.04999995
2025-08-01 09:17:00 AM,793.25,0,0.0,139475595.04999995
2025-08-01 09:17:00 AM,793.2,0,0.0,139475595.04999995
2025-08-01 09:17:02 AM,793.25,0,0.0,139475595.04999995
2025-08-01 09:17:06 AM,793.25,2152,1707074.0,141182669.04999995
2025-08-01 09:17:08 AM,793.4,326,258648.4,141441317.44999996
2025-08-01 09:17:09 AM,793.2,0,0.0,141441317.44999996
2025-08-01 09:17:10 AM,793.25,0,0.0,141441317.44999996
2025-08-01 09:17:15 AM,793.25,11157,8850290.25,150291607.69999996
2025-08-01 09:17:16 AM,793.45,1428,1133046.6,151424654.29999995
2025-08-01 09:17:18 AM,793.75,0,0.0,151424654.29999995
2025-08-01 09:17:20 AM,793.7,0,0.0,151424654.29999995
2025-08-01 09:17:23 AM,794.25,2649,2103968.25,153528622.54999995
2025-08-01 09:17:24 AM,794.0,407,323158.0,153851780.54999995
2025-08-01 09:17:26 AM,793.8,0,0.0,153851780.54999995
2025-08-01 09:17:28 AM,794.05,0,0.0,153851780.54999995
2025-08-01 09:17:31 AM,794.25,3330,2644852.5,156496633.04999995
2025-08-01 09:17:32 AM,794.25,433,343910.25,156840543.29999995
2025-08-01 09:17:34 AM,793.75,0,0.0,156840543.29999995
2025-08-01 09:17:36 AM,793.95,0,0.0,156840543.29999995
2025-08-01 09:17:40 AM,794.15,2948,2341154.1999999997,159181697.49999994
2025-08-01 09:17:40 AM,794.15,331,262863.64999999997,159444561.14999995
2025-08-01 09:17:42 AM,794.0,0,0.0,159444561.14999995
2025-08-01 09:17:44 AM,793.7,0,0.0,159444561.14999995
2025-08-01 09:17:48 AM,794.15,2058,1634360.7,161078921.84999993
2025-08-01 09:17:49 AM,794.0,181,143714.0,161222635.84999993
2025-08-01 09:17:52 AM,794.15,0,0.0,161222635.84999993
2025-08-01 09:17:54 AM,793.95,0,0.0,161222635.84999993
2025-08-01 09:17:56 AM,794.15,590,468548.5,161691184.34999993
2025-08-01 09:17:57 AM,793.8,180,142884.0,161834068.34999993
2025-08-01 09:18:00 AM,794.05,0,0.0,161834068.34999993
2025-08-01 09:18:01 AM,794.05,128,101638.4,161935706.74999994
2025-08-01 09:18:01 AM,794.1,0,0.0,161935706.74999994
2025-08-01 09:18:02 AM,794.15,62,49237.299999999996,161984944.04999995
2025-08-01 09:18:02 AM,794.0,0,0.0,161984944.04999995
2025-08-01 09:18:03 AM,794.0,491,389854.0,162374798.04999995
2025-08-01 09:18:04 AM,794.0,125,99250.0,162474048.04999995
2025-08-01 09:18:05 AM,794.0,15,11910.0,162485958.04999995
2025-08-01 09:18:06 AM,794.15,363,288276.45,162774234.49999994
2025-08-01 09:18:07 AM,794.1,30,23823.0,162798057.49999994
2025-08-01 09:18:08 AM,794.15,25,19853.75,162817911.24999994
2025-08-01 09:18:08 AM,794.5,0,0.0,162817911.24999994
2025-08-01 09:18:09 AM,794.5,200,158900.0,162976811.24999994
2025-08-01 09:18:09 AM,794.1,0,0.0,162976811.24999994
2025-08-01 09:18:10 AM,794.1,298,236641.80000000002,163213453.04999995
2025-08-01 09:18:10 AM,794.15,0,0.0,163213453.04999995
2025-08-01 09:18:11 AM,794.15,1,794.15,163214247.19999996
2025-08-01 09:18:11 AM,794.45,0,0.0,163214247.19999996
2025-08-01 09:18:12 AM,794.45,37,29394.65,163243641.84999996
2025-08-01 09:18:12 AM,794.4,0,0.0,163243641.84999996
2025-08-01 09:18:13 AM,794.4,10,7944.0,163251585.84999996
2025-08-01 09:18:13 AM,794.45,0,0.0,163251585.84999996
2025-08-01 09:18:14 AM,794.45,20,15889.0,163267474.84999996
2025-08-01 09:18:15 AM,794.2,45,35739.0,163303213.84999996
2025-08-01 09:18:16 AM,794.45,0,0.0,163303213.84999996
2025-08-01 09:18:17 AM,794.4,51,40514.4,163343728.24999997
2025-08-01 09:18:17 AM,794.2,0,0.0,163343728.24999997
2025-08-01 09:18:18 AM,794.2,19,15089.800000000001,163358818.04999998
2025-08-01 09:18:18 AM,794.4,0,0.0,163358818.04999998
2025-08-01 09:18:19 AM,794.25,18,14296.5,163373114.54999998
2025-08-01 09:18:20 AM,794.25,71,56391.75,163429506.29999998
2025-08-01 09:18:20 AM,794.2,0,0.0,163429506.29999998
2025-08-01 09:18:20 AM,794.25,0,0.0,163429506.29999998
2025-08-01 09:18:21 AM,794.25,24,19062.0,163448568.29999998
2025-08-01 09:18:22 AM,794.25,52,41301.0,163489869.29999998
2025-08-01 09:18:22 AM,794.45,0,0.0,163489869.29999998
2025-08-01 09:18:22 AM,794.8,289,229697.19999999998,163719566.49999997
2025-08-01 09:18:23 AM,794.85,50,39742.5,163759308.99999997
2025-08-01 09:18:24 AM,794.85,4,3179.4,163762488.39999998
2025-08-01 09:18:24 AM,794.9,0,0.0,163762488.39999998
2025-08-01 09:18:24 AM,794.45,0,0.0,163762488.39999998
2025-08-01 09:18:25 AM,794.45,921,731688.4500000001,164494176.84999996
2025-08-01 09:18:25 AM,794.6,0,0.0,164494176.84999996
2025-08-01 09:18:26 AM,794.6,76,60389.6,164554566.44999996
2025-08-01 09:18:27 AM,794.3,85,67515.5,164622081.94999996
2025-08-01 09:18:27 AM,794.5,0,0.0,164622081.94999996
2025-08-01 09:18:27 AM,794.5,100,79450.0,164701531.94999996
2025-08-01 09:18:28 AM,794.3,0,0.0,164701531.94999996
2025-08-01 09:18:29 AM,794.3,90,71487.0,164773018.94999996
2025-08-01 09:18:29 AM,794.1,0,0.0,164773018.94999996
2025-08-01 09:18:30 AM,794.1,2736,2172657.6,166945676.54999995
2025-08-01 09:18:30 AM,794.0,0,0.0,166945676.54999995
2025-08-01 09:18:30 AM,794.0,808,641552.0,167587228.54999995
2025-08-01 09:18:31 AM,794.2,0,0.0,167587228.54999995
2025-08-01 09:18:32 AM,794.2,361,286706.2,167873934.74999994
2025-08-01 09:18:33 AM,794.2,21,16678.2,167890612.94999993
2025-08-01 09:18:33 AM,794.0,0,0.0,167890612.94999993
2025-08-01 09:18:34 AM,794.0,1854,1472076.0,169362688.94999993
2025-08-01 09:18:34 AM,794.15,0,0.0,169362688.94999993
2025-08-01 09:18:35 AM,794.15,36,28589.399999999998,169391278.34999993
2025-08-01 09:18:35 AM,794.15,188,149300.19999999998,169540578.54999992
2025-08-01 09:18:37 AM,794.15,315,250157.25,169790735.79999992
2025-08-01 09:18:38 AM,794.15,1,794.15,169791529.94999993
2025-08-01 09:18:38 AM,794.1,0,0.0,169791529.94999993
2025-08-01 09:18:39 AM,794.15,129,102445.34999999999,169893975.29999992
2025-08-01 09:18:40 AM,794.15,10,7941.5,169901916.79999992
2025-08-01 09:18:41 AM,794.2,0,0.0,169901916.79999992
2025-08-01 09:18:41 AM,794.2,130,103246.0,170005162.79999992
2025-08-01 09:18:42 AM,794.15,0,0.0,170005162.79999992
2025-08-01 09:18:42 AM,794.15,1,794.15,170005956.94999993
2025-08-01 09:18:43 AM,794.2,0,0.0,170005956.94999993
2025-08-01 09:18:43 AM,794.2,1,794.2,170006751.14999992
2025-08-01 09:18:45 AM,794.2,10,7942.0,170014693.14999992
2025-08-01 09:18:46 AM,794.2,322,255732.40000000002,170270425.54999992
2025-08-01 09:18:47 AM,794.35,196,155692.6,170426118.14999992
2025-08-01 09:18:48 AM,794.4,0,0.0,170426118.14999992
2025-08-01 09:18:48 AM,794.4,74,58785.6,170484903.7499999
2025-08-01 09:18:50 AM,794.2,0,0.0,170484903.7499999
2025-08-01 09:18:50 AM,794.2,3002,2384188.4,172869092.14999992
2025-08-01 09:18:52 AM,794.35,0,0.0,172869092.14999992
2025-08-01 09:18:52 AM,794.35,1499,1190730.6500000001,174059822.79999992
2025-08-01 09:18:53 AM,794.35,101,80229.35,174140052.14999992
2025-08-01 09:18:54 AM,794.1,0,0.0,174140052.14999992
2025-08-01 09:18:54 AM,794.1,223,177084.30000000002,174317136.44999993
2025-08-01 09:18:54 AM,794.5,0,0.0,174317136.44999993
2025-08-01 09:18:55 AM,794.5,161,127914.5,174445050.94999993
2025-08-01 09:18:56 AM,794.35,563,447219.05,174892269.99999994
2025-08-01 09:18:58 AM,794.2,25,19855.0,174912124.99999994
2025-08-01 09:18:59 AM,794.1,130,103233.0,175015357.99999994
2025-08-01 09:19:02 AM,794.2,116,92127.20000000001,175107485.19999993
2025-08-01 09:19:03 AM,794.0,3284,2607496.0,177714981.19999993
2025-08-01 09:19:04 AM,794.15,0,0.0,177714981.19999993
2025-08-01 09:19:06 AM,794.0,0,0.0,177714981.19999993
2025-08-01 09:19:10 AM,794.15,807,640879.0499999999,178355860.24999994
2025-08-01 09:19:11 AM,794.15,1082,859270.2999999999,179215130.54999995
2025-08-01 09:19:12 AM,794.0,0,0.0,179215130.54999995
2025-08-01 09:19:18 AM,794.0,1211,961534.0,180176664.54999995
2025-08-01 09:19:19 AM,794.0,208,165152.0,180341816.54999995
2025-08-01 09:19:19 AM,794.35,0,0.0,180341816.54999995
2025-08-01 09:19:26 AM,794.2,4746,3769273.2,184111089.74999994
2025-08-01 09:19:27 AM,794.35,772,613238.2000000001,184724327.94999993
2025-08-01 09:19:34 AM,794.2,645,512259.00000000006,185236586.94999993
2025-08-01 09:19:36 AM,794.5,609,483850.5,185720437.44999993
2025-08-01 09:19:37 AM,794.35,0,0.0,185720437.44999993
2025-08-01 09:19:41 AM,794.2,0,0.0,185720437.44999993
2025-08-01 09:19:42 AM,794.5,581,461604.5,186182041.94999993
2025-08-01 09:19:44 AM,794.35,340,270079.0,186452120.94999993
2025-08-01 09:19:50 AM,794.85,712,565933.2000000001,187018054.14999992
2025-08-01 09:19:51 AM,794.6,0,0.0,187018054.14999992
2025-08-01 09:19:52 AM,794.6,90,71514.0,187089568.14999992
2025-08-01 09:19:58 AM,794.6,639,507749.4,187597317.54999992
2025-08-01 09:19:58 AM,794.8,0,0.0,187597317.54999992
2025-08-01 09:20:00 AM,794.75,359,285315.25,187882632.79999992
2025-08-01 09:20:05 AM,794.4,0,0.0,187882632.79999992
2025-08-01 09:20:06 AM,794.2,2825,2243615.0,190126247.79999992
2025-08-01 09:20:08 AM,794.2,1031,818820.2000000001,190945067.9999999
2025-08-01 09:20:14 AM,794.4,1511,1200338.4,192145406.39999992
2025-08-01 09:20:14 AM,794.15,0,0.0,192145406.39999992
2025-08-01 09:20:16 AM,794.25,1809,1436798.25,193582204.64999992
2025-08-01 09:20:19 AM,794.05,0,0.0,193582204.64999992
2025-08-01 09:20:22 AM,794.25,863,685437.75,194267642.39999992
2025-08-01 09:20:24 AM,794.2,305,242231.0,194509873.39999992
2025-08-01 09:20:26 AM,794.4,0,0.0,194509873.39999992
2025-08-01 09:20:29 AM,794.2,0,0.0,194509873.39999992
2025-08-01 09:20:30 AM,794.2,595,472549.0,194982422.39999992
2025-08-01 09:20:31 AM,794.4,101,80234.4,195062656.79999992
2025-08-01 09:20:33 AM,794.6,0,0.0,195062656.79999992
2025-08-01 09:20:37 AM,794.5,0,0.0,195062656.79999992
2025-08-01 09:20:38 AM,794.5,1087,863621.5,195926278.29999992
2025-08-01 09:20:39 AM,794.5,608,483056.0,196409334.29999992
2025-08-01 09:20:40 AM,794.8,0,0.0,196409334.29999992
2025-08-01 09:20:44 AM,794.5,0,0.0,196409334.29999992
2025-08-01 09:20:46 AM,794.5,46,36547.0,196445881.29999992
2025-08-01 09:20:47 AM,794.65,391,310708.14999999997,196756589.44999993
2025-08-01 09:20:51 AM,794.8,0,0.0,196756589.44999993
2025-08-01 09:20:53 AM,794.65,460,365539.0,197122128.44999993
2025-08-01 09:20:54 AM,794.85,0,0.0,197122128.44999993
2025-08-01 09:20:55 AM,794.85,257,204276.45,197326404.89999992
2025-08-01 09:20:58 AM,794.55,0,0.0,197326404.89999992
2025-08-01 09:21:00 AM,794.85,0,0.0,197326404.89999992
2025-08-01 09:21:01 AM,794.65,1092,867757.7999999999,198194162.69999993
2025-08-01 09:21:02 AM,794.7,157,124767.90000000001,198318930.59999993
2025-08-01 09:21:09 AM,794.7,1720,1366884.0,199685814.59999993
2025-08-01 09:21:10 AM,794.65,23,18276.95,199704091.54999992
2025-08-01 09:21:14 AM,794.7,0,0.0,199704091.54999992
2025-08-01 09:21:17 AM,795.0,2791,2218845.0,201922936.54999992
2025-08-01 09:21:18 AM,794.65,443,352029.95,202274966.4999999
2025-08-01 09:21:25 AM,794.75,2204,1751629.0,204026595.4999999
2025-08-01 09:21:26 AM,794.6,0,0.0,204026595.4999999
2025-08-01 09:21:28 AM,794.9,0,0.0,204026595.4999999
2025-08-01 09:21:32 AM,795.0,11973,9518535.0,213545130.4999999
2025-08-01 09:21:33 AM,794.7,3306,2627278.2,216172408.6999999
2025-08-01 09:21:38 AM,795.0,0,0.0,216172408.6999999
2025-08-01 09:21:40 AM,795.0,4725,3756375.0,219928783.6999999
2025-08-01 09:21:48 AM,794.75,918,729580.5,220658364.1999999
2025-08-01 09:21:49 AM,794.7,113,89801.1,220748165.2999999
2025-08-01 09:21:51 AM,794.75,0,0.0,220748165.2999999
2025-08-01 09:21:54 AM,794.6,0,0.0,220748165.2999999
2025-08-01 09:21:55 AM,794.3,3661,2907932.3,223656097.5999999
2025-08-01 09:21:56 AM,794.25,955,758508.75,224414606.3499999
2025-08-01 09:21:58 AM,794.5,0,0.0,224414606.3499999
2025-08-01 09:22:03 AM,794.5,140,111230.0,224525836.3499999
2025-08-01 09:22:04 AM,794.4,100,79440.0,224605276.3499999
2025-08-01 09:22:05 AM,794.5,0,0.0,224605276.3499999
2025-08-01 09:22:08 AM,794.55,0,0.0,224605276.3499999
2025-08-01 09:22:10 AM,794.75,10704,8507004.0,233112280.3499999
2025-08-01 09:22:12 AM,794.6,1056,839097.6,233951377.9499999
2025-08-01 09:22:12 AM,794.65,0,0.0,233951377.9499999
2025-08-01 09:22:15 AM,794.7,0,0.0,233951377.9499999
2025-08-01 09:22:18 AM,794.65,1616,1284154.4,235235532.3499999
2025-08-01 09:22:20 AM,794.65,64,50857.6,235286389.9499999
2025-08-01 09:22:22 AM,794.6,0,0.0,235286389.9499999
2025-08-01 09:22:26 AM,794.75,1831,1455187.25,236741577.1999999
2025-08-01 09:22:27 AM,794.65,601,477584.64999999997,237219161.8499999
2025-08-01 09:22:29 AM,794.75,0,0.0,237219161.8499999
2025-08-01 09:22:33 AM,794.7,560,445032.0,237664193.8499999
2025-08-01 09:22:35 AM,794.6,95,75487.0,237739680.8499999
2025-08-01 09:22:36 AM,794.65,0,0.0,237739680.8499999
2025-08-01 09:22:41 AM,794.65,63,50062.95,237789743.7999999
2025-08-01 09:22:43 AM,794.6,438,348034.8,238137778.5999999
2025-08-01 09:22:47 AM,794.75,0,0.0,238137778.5999999
2025-08-01 09:22:48 AM,794.65,0,0.0,238137778.5999999
2025-08-01 09:22:48 AM,794.65,1048,832793.2,238970571.7999999
2025-08-01 09:22:50 AM,794.8,56,44508.799999999996,239015080.5999999
2025-08-01 09:22:54 AM,794.6,0,0.0,239015080.5999999
2025-08-01 09:22:56 AM,794.8,153,121604.4,239136684.9999999
2025-08-01 09:22:58 AM,794.8,55,43714.0,239180398.9999999
2025-08-01 09:23:00 AM,794.6,0,0.0,239180398.9999999
2025-08-01 09:23:02 AM,794.8,0,0.0,239180398.9999999
2025-08-01 09:23:04 AM,794.8,525,417270.0,239597668.9999999
2025-08-01 09:23:05 AM,794.8,209,166113.19999999998,239763782.1999999
2025-08-01 09:23:11 AM,794.8,543,431576.39999999997,240195358.5999999
2025-08-01 09:23:13 AM,794.8,20,15896.0,240211254.5999999
2025-08-01 09:23:19 AM,794.8,820,651736.0,240862990.5999999
2025-08-01 09:23:21 AM,794.8,131,104118.79999999999,240967109.39999992
2025-08-01 09:23:27 AM,794.7,2463,1957346.1,242924455.4999999
2025-08-01 09:23:28 AM,794.55,2079,1651869.45,244576324.9499999
2025-08-01 09:23:34 AM,794.45,1918,1523755.1,246100080.0499999
2025-08-01 09:23:35 AM,794.6,0,0.0,246100080.0499999
2025-08-01 09:23:36 AM,794.6,15,11919.0,246111999.0499999
2025-08-01 09:23:41 AM,794.4,0,0.0,246111999.0499999
2025-08-01 09:23:42 AM,794.45,1700,1350565.0,247462564.0499999
2025-08-01 09:23:44 AM,794.45,29,23039.050000000003,247485603.0999999
2025-08-01 09:23:49 AM,794.45,122,96922.90000000001,247582525.9999999
2025-08-01 09:23:51 AM,794.45,2,1588.9,247584114.89999992
2025-08-01 09:23:53 AM,794.25,0,0.0,247584114.89999992
2025-08-01 09:23:57 AM,794.25,739,586950.75,248171065.64999992
2025-08-01 09:23:59 AM,794.45,265,210529.25,248381594.89999992
2025-08-01 09:24:00 AM,794.25,0,0.0,248381594.89999992
2025-08-01 09:24:05 AM,794.4,55,43692.0,248425286.89999992
2025-08-01 09:24:06 AM,794.4,6,4766.4,248430053.29999992
2025-08-01 09:24:07 AM,794.25,0,0.0,248430053.29999992
2025-08-01 09:24:13 AM,794.4,401,318554.39999999997,248748607.69999993
2025-08-01 09:24:14 AM,794.4,414,328881.6,249077489.29999992
2025-08-01 09:24:20 AM,794.4,191,151730.4,249229219.69999993
2025-08-01 09:24:22 AM,794.4,474,376545.6,249605765.29999992
2025-08-01 09:24:28 AM,794.4,610,484584.0,250090349.29999992
2025-08-01 09:24:29 AM,794.4,12,9532.8,250099882.09999993
2025-08-01 09:24:35 AM,794.4,45,35748.0,250135630.09999993
2025-08-01 09:24:37 AM,794.2,369,293059.8,250428689.89999995
2025-08-01 09:24:38 AM,794.4,0,0.0,250428689.89999995
2025-08-01 09:24:43 AM,794.4,453,359863.2,250788553.09999993
2025-08-01 09:24:44 AM,794.45,0,0.0,250788553.09999993
2025-08-01 09:24:45 AM,794.4,12,9532.8,250798085.89999995
2025-08-01 09:24:50 AM,794.4,1780,1414032.0,252212117.89999995
2025-08-01 09:24:52 AM,794.4,10,7944.0,252220061.89999995
2025-08-01 09:24:57 AM,794.35,0,0.0,252220061.89999995
2025-08-01 09:24:58 AM,794.35,2244,1782521.4000000001,254002583.29999995
2025-08-01 09:25:00 AM,794.2,217,172341.40000000002,254174924.69999996
2025-08-01 09:25:04 AM,794.1,0,0.0,254174924.69999996
2025-08-01 09:25:05 AM,794.0,954,757476.0,254932400.69999996
2025-08-01 09:25:05 AM,794.15,0,0.0,254932400.69999996
2025-08-01 09:25:07 AM,793.95,13918,11050196.100000001,265982596.79999995
2025-08-01 09:25:11 AM,793.9,0,0.0,265982596.79999995
2025-08-01 09:25:12 AM,793.95,0,0.0,265982596.79999995
2025-08-01 09:25:13 AM,793.95,770,611341.5,266593938.29999995
2025-08-01 09:25:15 AM,793.8,123,97637.4,266691575.69999996
2025-08-01 09:25:17 AM,793.95,0,0.0,266691575.69999996
2025-08-01 09:25:20 AM,793.95,129,102419.55,266793995.24999997
2025-08-01 09:25:22 AM,793.9,71,56366.9,266850362.14999998
2025-08-01 09:25:23 AM,793.85,0,0.0,266850362.14999998
2025-08-01 09:25:28 AM,793.8,1590,1262142.0,268112504.14999998
2025-08-01 09:25:30 AM,793.8,1,793.8,268113297.95
2025-08-01 09:25:35 AM,793.65,1417,1124602.05,269237900.0
2025-08-01 09:25:36 AM,793.5,0,0.0,269237900.0
2025-08-01 09:25:37 AM,793.55,1641,1302215.5499999998,270540115.55
2025-08-01 09:25:41 AM,793.5,0,0.0,270540115.55
2025-08-01 09:25:43 AM,793.55,454,360271.69999999995,270900387.25
2025-08-01 09:25:45 AM,793.55,752,596749.6,271497136.85
2025-08-01 09:25:46 AM,793.6,0,0.0,271497136.85
2025-08-01 09:25:47 AM,793.85,0,0.0,271497136.85
2025-08-01 09:25:50 AM,793.8,2637,2093250.5999999999,273590387.45000005
2025-08-01 09:25:52 AM,793.8,314,249253.19999999998,273839640.65000004
2025-08-01 09:25:58 AM,794.0,2939,2333566.0,276173206.65000004
2025-08-01 09:25:58 AM,793.8,0,0.0,276173206.65000004
2025-08-01 09:26:00 AM,793.8,179,142090.19999999998,276315296.85
2025-08-01 09:26:05 AM,793.95,1003,796331.8500000001,277111628.70000005
2025-08-01 09:26:07 AM,793.95,128,101625.6,277213254.3000001
2025-08-01 09:26:11 AM,793.85,0,0.0,277213254.3000001
2025-08-01 09:26:13 AM,793.85,890,706526.5,277919780.8000001
2025-08-01 09:26:15 AM,793.85,8,6350.8,277926131.6000001
2025-08-01 09:26:21 AM,793.85,1544,1225704.4000000001,279151836.00000006
2025-08-01 09:26:23 AM,793.85,8,6350.8,279158186.8000001
2025-08-01 09:26:24 AM,793.6,0,0.0,279158186.8000001
2025-08-01 09:26:24 AM,793.7,0,0.0,279158186.8000001
2025-08-01 09:26:28 AM,793.75,0,0.0,279158186.8000001
2025-08-01 09:26:28 AM,793.75,629,499268.75,279657455.5500001
2025-08-01 09:26:30 AM,793.5,946,750651.0,280408106.5500001
2025-08-01 09:26:33 AM,793.55,0,0.0,280408106.5500001
2025-08-01 09:26:36 AM,793.75,472,374650.0,280782756.5500001
2025-08-01 09:26:38 AM,793.7,161,127785.70000000001,280910542.25000006
2025-08-01 09:26:39 AM,793.55,0,0.0,280910542.25000006
2025-08-01 09:26:42 AM,793.7,0,0.0,280910542.25000006
2025-08-01 09:26:44 AM,793.7,1127,894499.9,281805042.15000004
2025-08-01 09:26:45 AM,793.85,0,0.0,281805042.15000004
2025-08-01 09:26:45 AM,793.85,2,1587.7,281806629.85
2025-08-01 09:26:51 AM,793.85,695,551725.75,282358355.6
2025-08-01 09:26:53 AM,793.8,977,775542.6,283133898.20000005
2025-08-01 09:26:59 AM,793.75,538,427037.5,283560935.70000005
2025-08-01 09:27:00 AM,793.75,12,9525.0,283570460.70000005
2025-08-01 09:27:02 AM,793.5,0,0.0,283570460.70000005
2025-08-01 09:27:03 AM,793.55,0,0.0,283570460.70000005
2025-08-01 09:27:06 AM,793.75,2584,2051050.0,285621510.70000005
2025-08-01 09:27:08 AM,793.75,772,612775.0,286234285.70000005
2025-08-01 09:27:08 AM,793.6,0,0.0,286234285.70000005
2025-08-01 09:27:09 AM,793.75,0,0.0,286234285.70000005
2025-08-01 09:27:14 AM,793.6,686,544409.6,286778695.3000001
2025-08-01 09:27:15 AM,793.75,866,687387.5,287466082.8000001
2025-08-01 09:27:21 AM,793.75,136,107950.0,287574032.8000001
2025-08-01 09:27:22 AM,793.75,251,199231.25,287773264.0500001
2025-08-01 09:27:24 AM,793.6,0,0.0,287773264.0500001
2025-08-01 09:27:28 AM,793.75,488,387350.0,288160614.0500001
2025-08-01 09:27:29 AM,793.6,0,0.0,288160614.0500001
2025-08-01 09:27:30 AM,793.75,176,139700.0,288300314.0500001
2025-08-01 09:27:34 AM,793.6,0,0.0,288300314.0500001
2025-08-01 09:27:36 AM,793.75,781,619918.75,288920232.8000001
2025-08-01 09:27:37 AM,793.75,3,2381.25,288922614.0500001
2025-08-01 09:27:38 AM,794.0,0,0.0,288922614.0500001
2025-08-01 09:27:39 AM,793.85,0,0.0,288922614.0500001
2025-08-01 09:27:43 AM,794.05,2734,2170932.6999999997,291093546.75000006
2025-08-01 09:27:45 AM,794.05,5,3970.25,291097517.00000006
2025-08-01 09:27:49 AM,793.95,0,0.0,291097517.00000006
2025-08-01 09:27:51 AM,793.8,457,362766.6,291460283.6000001
2025-08-01 09:27:53 AM,793.95,137,108771.15000000001,291569054.75000006
2025-08-01 09:27:54 AM,793.9,0,0.0,291569054.75000006
2025-08-01 09:27:59 AM,793.85,0,0.0,291569054.75000006
2025-08-01 09:27:59 AM,793.85,746,592212.1,292161266.8500001
2025-08-01 09:28:00 AM,793.95,28,22230.600000000002,292183497.4500001
2025-08-01 09:28:05 AM,793.8,0,0.0,292183497.4500001
2025-08-01 09:28:07 AM,793.8,1250,992250.0,293175747.4500001
2025-08-01 09:28:08 AM,793.8,105,83349.0,293259096.4500001
2025-08-01 09:28:12 AM,793.9,0,0.0,293259096.4500001
2025-08-01 09:28:14 AM,793.9,2439,1936322.0999999999,295195418.55000013
2025-08-01 09:28:16 AM,793.9,9,7145.099999999999,295202563.65000015
2025-08-01 09:28:18 AM,793.75,0,0.0,295202563.65000015
2025-08-01 09:28:22 AM,793.75,137,108743.75,295311307.40000015
2025-08-01 09:28:23 AM,793.8,40,31752.0,295343059.40000015
2025-08-01 09:28:23 AM,793.9,0,0.0,295343059.40000015
2025-08-01 09:28:30 AM,793.9,1634,1297232.5999999999,296640292.0000002
2025-08-01 09:28:31 AM,793.9,8,6351.2,296646643.20000017
2025-08-01 09:28:34 AM,793.85,0,0.0,296646643.20000017
2025-08-01 09:28:34 AM,793.9,0,0.0,296646643.20000017
2025-08-01 09:28:37 AM,793.9,673,534294.7,297180937.90000015
2025-08-01 09:28:38 AM,793.75,3,2381.25,297183319.15000015
2025-08-01 09:28:40 AM,793.9,0,0.0,297183319.15000015
2025-08-01 09:28:45 AM,793.9,368,292155.2,297475474.35000014
2025-08-01 09:28:46 AM,793.9,25,19847.5,297495321.85000014
2025-08-01 09:28:52 AM,793.9,742,589073.7999999999,298084395.65000015
2025-08-01 09:28:54 AM,793.85,48,38104.8,298122500.45000017
2025-08-01 09:29:00 AM,793.85,87,69064.95,298191565.40000015
2025-08-01 09:29:01 AM,793.85,41,32547.850000000002,298224113.2500002
2025-08-01 09:29:02 AM,793.8,0,0.0,298224113.2500002
2025-08-01 09:29:08 AM,793.8,554,439765.19999999995,298663878.45000017
2025-08-01 09:29:09 AM,793.85,27,21433.95,298685312.40000015
2025-08-01 09:29:13 AM,793.9,0,0.0,298685312.40000015
2025-08-01 09:29:15 AM,793.9,172,136550.8,298821863.20000017
2025-08-01 09:29:17 AM,793.9,39,30962.1,298852825.3000002
2025-08-01 09:29:23 AM,793.9,133,105588.7,298958414.0000002
2025-08-01 09:29:24 AM,793.85,39,30960.15,298989374.15000015
2025-08-01 09:29:31 AM,793.9,666,528737.4,299518111.55000013
2025-08-01 09:29:32 AM,793.9,2,1587.8,299519699.35000014
2025-08-01 09:29:33 AM,793.85,0,0.0,299519699.35000014
2025-08-01 09:29:34 AM,793.9,0,0.0,299519699.35000014
2025-08-01 09:29:38 AM,793.9,793,629562.7,300149262.05000013
2025-08-01 09:29:39 AM,793.9,6,4763.4,300154025.4500001
2025-08-01 09:29:45 AM,794.05,591,469283.55,300623309.0000001
2025-08-01 09:29:47 AM,793.8,425,337365.0,300960674.0000001
2025-08-01 09:29:48 AM,794.05,0,0.0,300960674.0000001
2025-08-01 09:29:53 AM,794.05,375,297768.75,301258442.7500001
2025-08-01 09:29:54 AM,794.05,12,9528.599999999999,301267971.35000014
2025-08-01 09:30:00 AM,794.0,89,70666.0,301338637.35000014
2025-08-01 09:30:01 AM,794.0,7,5558.0,301344195.35000014
2025-08-01 09:30:06 AM,793.75,0,0.0,301344195.35000014
2025-08-01 09:30:08 AM,793.3,10282,8156710.6,309500905.95000017
2025-08-01 09:30:09 AM,793.3,249,197531.69999999998,309698437.65000015
2025-08-01 09:30:16 AM,793.3,2808,2227586.4,311926024.05000013
2025-08-01 09:30:17 AM,793.3,13,10312.9,311936336.9500001
2025-08-01 09:30:23 AM,793.3,568,450594.39999999997,312386931.3500001
2025-08-01 09:30:24 AM,793.3,17,13486.099999999999,312400417.4500001
2025-08-01 09:30:30 AM,793.3,170,134861.0,312535278.4500001
2025-08-01 09:30:31 AM,793.3,1,793.3,312536071.7500001
2025-08-01 09:30:34 AM,793.35,0,0.0,312536071.7500001
2025-08-01 09:30:38 AM,793.35,848,672760.8,313208832.55000013
2025-08-01 09:30:39 AM,793.35,3,2380.05,313211212.60000014
2025-08-01 09:30:45 AM,793.35,662,525197.7000000001,313736410.30000013
2025-08-01 09:30:46 AM,793.3,20,15866.0,313752276.30000013
2025-08-01 09:30:48 AM,793.35,0,0.0,313752276.30000013
2025-08-01 09:30:50 AM,793.3,0,0.0,313752276.30000013
2025-08-01 09:30:53 AM,793.35,3835,3042497.25,316794773.55000013
2025-08-01 09:30:54 AM,793.3,0,0.0,316794773.55000013
2025-08-01 09:30:59 AM,793.4,0,0.0,316794773.55000013
2025-08-01 09:31:00 AM,793.5,1421,1127563.5,317922337.05000013
2025-08-01 09:31:00 AM,793.4,3,2380.2,317924717.2500001
2025-08-01 09:31:03 AM,793.3,0,0.0,317924717.2500001
2025-08-01 09:31:05 AM,793.35,0,0.0,317924717.2500001
2025-08-01 09:31:07 AM,793.3,1200,951960.0,318876677.2500001
2025-08-01 09:31:08 AM,793.3,246,195151.8,319071829.05000013
2025-08-01 09:31:09 AM,793.1,0,0.0,319071829.05000013
2025-08-01 09:31:11 AM,793.0,0,0.0,319071829.05000013
2025-08-01 09:31:15 AM,793.1,0,0.0,319071829.05000013
2025-08-01 09:31:15 AM,793.1,34646,27477742.6,346549571.65000015
2025-08-01 09:31:15 AM,793.0,8,6344.0,346555915.65000015
2025-08-01 09:31:17 AM,793.1,0,0.0,346555915.65000015
2025-08-01 09:31:22 AM,793.1,2805,2224645.5,348780561.15000015
2025-08-01 09:31:23 AM,793.0,587,465491.0,349246052.15000015
2025-08-01 09:31:23 AM,793.1,0,0.0,349246052.15000015
2025-08-01 09:31:29 AM,793.05,0,0.0,349246052.15000015
2025-08-01 09:31:29 AM,793.05,1126,892974.2999999999,350139026.45000017
2025-08-01 09:31:30 AM,793.1,44,34896.4,350173922.85000014
2025-08-01 09:31:35 AM,793.05,0,0.0,350173922.85000014
2025-08-01 09:31:36 AM,793.05,567,449659.35,350623582.20000017
2025-08-01 09:31:37 AM,793.1,178,141171.80000000002,350764754.0000002
2025-08-01 09:31:39 AM,793.05,0,0.0,350764754.0000002
2025-08-01 09:31:41 AM,793.1,0,0.0,350764754.0000002
2025-08-01 09:31:43 AM,793.25,4009,3180139.25,353944893.2500002
2025-08-01 09:31:45 AM,793.3,0,0.0,353944893.2500002
2025-08-01 09:31:47 AM,793.1,0,0.0,353944893.2500002
2025-08-01 09:31:50 AM,793.3,91,72190.3,354017083.5500002
2025-08-01 09:31:50 AM,793.3,138,109475.4,354126558.95000017
2025-08-01 09:31:52 AM,793.2,0,0.0,354126558.95000017
2025-08-01 09:31:56 AM,793.25,0,0.0,354126558.95000017
2025-08-01 09:31:57 AM,793.35,489,387948.15,354514507.10000014
2025-08-01 09:32:01 AM,793.3,0,0.0,354514507.10000014
2025-08-01 09:32:01 AM,793.45,0,0.0,354514507.10000014
2025-08-01 09:32:04 AM,793.45,1774,1407580.3,355922087.40000015
2025-08-01 09:32:07 AM,793.5,0,0.0,355922087.40000015
2025-08-01 09:32:11 AM,793.75,339,269081.25,356191168.65000015
2025-08-01 09:32:18 AM,793.7,91,72226.7,356263395.35000014
2025-08-01 09:32:25 AM,793.85,0,0.0,356263395.35000014
2025-08-01 09:32:25 AM,793.85,1124,892287.4,357155682.7500001
2025-08-01 09:32:26 AM,793.85,27,21433.95,357177116.7000001
2025-08-01 09:32:32 AM,793.75,517,410368.75,357587485.4500001
2025-08-01 09:32:32 AM,793.65,172,136507.8,357723993.2500001
2025-08-01 09:32:37 AM,793.85,0,0.0,357723993.2500001
2025-08-01 09:32:39 AM,793.85,557,442174.45,358166167.7000001
2025-08-01 09:32:39 AM,793.75,3,2381.25,358168548.9500001
2025-08-01 09:32:43 AM,793.9,0,0.0,358168548.9500001
2025-08-01 09:32:46 AM,793.85,2583,2050514.55,360219063.5000001
2025-08-01 09:32:46 AM,793.95,50,39697.5,360258761.0000001
2025-08-01 09:32:49 AM,793.85,0,0.0,360258761.0000001
2025-08-01 09:32:49 AM,793.9,0,0.0,360258761.0000001
2025-08-01 09:32:53 AM,793.95,455,361247.25,360620008.2500001
2025-08-01 09:32:55 AM,794.1,0,0.0,360620008.2500001
2025-08-01 09:32:55 AM,794.2,0,0.0,360620008.2500001
2025-08-01 09:33:00 AM,794.3,1513,1201775.9,361821784.1500001
2025-08-01 09:33:00 AM,794.3,38,30183.399999999998,361851967.5500001
2025-08-01 09:33:01 AM,794.5,0,0.0,361851967.5500001
2025-08-01 09:33:07 AM,794.65,0,0.0,361851967.5500001
2025-08-01 09:33:07 AM,794.5,1960,1557220.0,363409187.5500001
2025-08-01 09:33:13 AM,794.65,0,0.0,363409187.5500001
2025-08-01 09:33:14 AM,794.65,10881,8646586.65,372055774.20000005
2025-08-01 09:33:17 AM,794.5,0,0.0,372055774.20000005
2025-08-01 09:33:21 AM,794.9,6809,5412474.1,377468248.3000001
2025-08-01 09:33:23 AM,794.85,0,0.0,377468248.3000001
2025-08-01 09:33:27 AM,794.9,0,0.0,377468248.3000001
2025-08-01 09:33:28 AM,794.85,1177,935538.4500000001,378403786.75000006
2025-08-01 09:33:28 AM,794.9,0,0.0,378403786.75000006
2025-08-01 09:33:33 AM,794.85,0,0.0,378403786.75000006
2025-08-01 09:33:33 AM,794.9,0,0.0,378403786.75000006
2025-08-01 09:33:35 AM,794.9,200,158980.0,378562766.75000006
2025-08-01 09:33:35 AM,794.9,1,794.9,378563561.65000004
2025-08-01 09:33:37 AM,794.85,0,0.0,378563561.65000004
2025-08-01 09:33:39 AM,794.9,0,0.0,378563561.65000004
2025-08-01 09:33:42 AM,795.05,5319,4228870.95,382792432.6
2025-08-01 09:33:47 AM,795.25,0,0.0,382792432.6
2025-08-01 09:33:49 AM,795.3,907,721337.1,383513769.70000005
2025-08-01 09:33:49 AM,795.25,1,795.25,383514564.95000005
2025-08-01 09:33:56 AM,795.6,3171,2522847.6,386037412.5500001
2025-08-01 09:33:56 AM,795.65,1,795.65,386038208.20000005
2025-08-01 09:34:02 AM,795.7,0,0.0,386038208.20000005
2025-08-01 09:34:02 AM,795.7,1252,996216.4,387034424.6
2025-08-01 09:34:08 AM,795.6,0,0.0,387034424.6
2025-08-01 09:34:09 AM,795.5,0,0.0,387034424.6
2025-08-01 09:34:10 AM,795.65,632,502850.8,387537275.40000004
2025-08-01 09:34:13 AM,795.8,0,0.0,387537275.40000004
2025-08-01 09:34:15 AM,795.75,0,0.0,387537275.40000004
2025-08-01 09:34:17 AM,795.5,602,478891.0,388016166.40000004
2025-08-01 09:34:17 AM,795.75,0,0.0,388016166.40000004
2025-08-01 09:34:22 AM,795.45,0,0.0,388016166.40000004
2025-08-01 09:34:24 AM,795.5,2082,1656231.0,389672397.40000004
2025-08-01 09:34:25 AM,795.45,0,0.0,389672397.40000004
2025-08-01 09:34:27 AM,795.4,0,0.0,389672397.40000004
2025-08-01 09:34:30 AM,795.45,0,0.0,389672397.40000004
2025-08-01 09:34:31 AM,795.45,1534,1220220.3,390892617.70000005
2025-08-01 09:34:32 AM,795.2,0,0.0,390892617.70000005
2025-08-01 09:34:38 AM,795.2,769,611508.8,391504126.50000006
2025-08-01 09:34:38 AM,795.0,1,795.0,391504921.50000006
2025-08-01 09:34:38 AM,795.2,0,0.0,391504921.50000006
2025-08-01 09:34:41 AM,795.05,0,0.0,391504921.50000006
2025-08-01 09:34:42 AM,795.2,0,0.0,391504921.50000006
2025-08-01 09:34:44 AM,795.2,433,344321.60000000003,391849243.1000001
2025-08-01 09:34:48 AM,795.1,0,0.0,391849243.1000001
2025-08-01 09:34:51 AM,795.15,0,0.0,391849243.1000001
2025-08-01 09:34:51 AM,795.15,477,379286.55,392228529.6500001
2025-08-01 09:34:52 AM,795.1,5,3975.5,392232505.1500001
2025-08-01 09:34:52 AM,795.15,0,0.0,392232505.1500001
2025-08-01 09:34:55 AM,795.1,0,0.0,392232505.1500001
2025-08-01 09:34:57 AM,795.15,0,0.0,392232505.1500001
2025-08-01 09:34:58 AM,795.05,426,338691.3,392571196.4500001
2025-08-01 09:35:02 AM,795.15,0,0.0,392571196.4500001
2025-08-01 09:35:05 AM,795.0,825,655875.0,393227071.4500001
2025-08-01 09:35:07 AM,795.2,0,0.0,393227071.4500001
2025-08-01 09:35:12 AM,795.15,0,0.0,393227071.4500001
2025-08-01 09:35:12 AM,795.15,2089,1661068.3499999999,394888139.80000013
2025-08-01 09:35:19 AM,795.15,500,397575.0,395285714.80000013
2025-08-01 09:35:22 AM,795.1,0,0.0,395285714.80000013
2025-08-01 09:35:26 AM,795.0,1876,1491420.0,396777134.80000013
2025-08-01 09:35:27 AM,794.85,0,0.0,396777134.80000013
2025-08-01 09:35:32 AM,794.9,0,0.0,396777134.80000013
2025-08-01 09:35:32 AM,794.95,0,0.0,396777134.80000013
2025-08-01 09:35:33 AM,794.95,677,538181.15,397315315.9500001
2025-08-01 09:35:33 AM,794.95,1,794.95,397316110.9000001
2025-08-01 09:35:40 AM,794.95,842,669347.9,397985458.8000001
2025-08-01 09:35:47 AM,794.9,0,0.0,397985458.8000001
2025-08-01 09:35:47 AM,794.9,213,169313.69999999998,398154772.50000006
2025-08-01 09:35:52 AM,794.95,0,0.0,398154772.50000006
2025-08-01 09:35:54 AM,794.85,2044,1624673.4000000001,399779445.90000004
2025-08-01 09:35:54 AM,794.9,60,47694.0,399827139.90000004
2025-08-01 09:36:00 AM,794.9,1134,901416.6,400728556.50000006
2025-08-01 09:36:02 AM,794.75,0,0.0,400728556.50000006
2025-08-01 09:36:06 AM,794.9,0,0.0,400728556.50000006
2025-08-01 09:36:07 AM,794.9,2697,2143845.3,402872401.8000001
2025-08-01 09:36:07 AM,794.9,1,794.9,402873196.70000005
2025-08-01 09:36:10 AM,794.95,0,0.0,402873196.70000005
2025-08-01 09:36:10 AM,794.9,0,0.0,402873196.70000005
2025-08-01 09:36:14 AM,795.0,0,0.0,402873196.70000005
2025-08-01 09:36:14 AM,795.0,1557,1237815.0,404111011.70000005
2025-08-01 09:36:18 AM,794.9,0,0.0,404111011.70000005
2025-08-01 09:36:20 AM,795.0,213,169335.0,404280346.70000005
2025-08-01 09:36:26 AM,794.85,0,0.0,404280346.70000005
2025-08-01 09:36:27 AM,795.0,569,452355.0,404732701.70000005
2025-08-01 09:36:33 AM,795.0,44,34980.0,404767681.70000005
2025-08-01 09:36:33 AM,795.0,1138,904710.0,405672391.70000005
2025-08-01 09:36:40 AM,795.0,1687,1341165.0,407013556.70000005
2025-08-01 09:36:41 AM,794.95,0,0.0,407013556.70000005
2025-08-01 09:36:46 AM,794.95,201,159784.95,407173341.65000004
2025-08-01 09:36:53 AM,794.95,219,174094.05000000002,407347435.70000005
2025-08-01 09:36:59 AM,794.95,450,357727.5,407705163.20000005
2025-08-01 09:37:06 AM,794.75,0,0.0,407705163.20000005
2025-08-01 09:37:07 AM,794.75,795,631826.25,408336989.45000005
2025-08-01 09:37:07 AM,794.75,1,794.75,408337784.20000005
2025-08-01 09:37:10 AM,794.5,0,0.0,408337784.20000005
2025-08-01 09:37:11 AM,794.4,0,0.0,408337784.20000005
2025-08-01 09:37:14 AM,794.1,794,630515.4,408968299.6
2025-08-01 09:37:14 AM,794.1,3,2382.3,408970681.90000004
2025-08-01 09:37:21 AM,794.1,548,435166.8,409405848.70000005
2025-08-01 09:37:21 AM,794.1,4,3176.4,409409025.1
2025-08-01 09:37:28 AM,794.1,628,498694.8,409907719.90000004
2025-08-01 09:37:31 AM,794.2,0,0.0,409907719.90000004
2025-08-01 09:37:34 AM,794.25,57,45272.25,409952992.15000004
2025-08-01 09:37:35 AM,794.25,2,1588.5,409954580.65000004
2025-08-01 09:37:39 AM,794.4,0,0.0,409954580.65000004
2025-08-01 09:37:41 AM,794.45,1787,1419682.1500000001,411374262.8
2025-08-01 09:37:42 AM,794.5,1,794.5,411375057.3
2025-08-01 09:37:48 AM,794.5,255,202597.5,411577654.8
2025-08-01 09:37:50 AM,794.85,0,0.0,411577654.8
2025-08-01 09:37:54 AM,794.85,359,285351.15,411863005.95
2025-08-01 09:37:54 AM,794.6,1,794.6,411863800.55
2025-08-01 09:37:56 AM,794.65,0,0.0,411863800.55
2025-08-01 09:38:00 AM,794.75,0,0.0,411863800.55
2025-08-01 09:38:01 AM,794.6,400,317840.0,412181640.55
2025-08-01 09:38:02 AM,794.4,0,0.0,412181640.55
2025-08-01 09:38:06 AM,794.25,0,0.0,412181640.55
2025-08-01 09:38:08 AM,794.5,0,0.0,412181640.55
2025-08-01 09:38:08 AM,794.5,872,692804.0,412874444.55
2025-08-01 09:38:14 AM,794.35,0,0.0,412874444.55
2025-08-01 09:38:15 AM,794.35,64,50838.4,412925282.95
2025-08-01 09:38:18 AM,794.3,0,0.0,412925282.95
2025-08-01 09:38:22 AM,794.5,651,517219.5,413442502.45
2025-08-01 09:38:22 AM,794.6,0,0.0,413442502.45
2025-08-01 09:38:23 AM,794.5,0,0.0,413442502.45
2025-08-01 09:38:28 AM,794.5,873,693598.5,414136100.95
2025-08-01 09:38:32 AM,794.35,0,0.0,414136100.95
2025-08-01 09:38:35 AM,794.35,415,329655.25,414465756.2
2025-08-01 09:38:37 AM,794.3,0,0.0,414465756.2
2025-08-01 09:38:42 AM,794.45,43,34161.35,414499917.55
2025-08-01 09:38:42 AM,794.3,0,0.0,414499917.55
2025-08-01 09:38:43 AM,794.45,0,0.0,414499917.55
2025-08-01 09:38:45 AM,794.3,0,0.0,414499917.55
2025-08-01 09:38:48 AM,794.3,1633,1297091.9,415797009.45
2025-08-01 09:38:53 AM,794.45,0,0.0,415797009.45
2025-08-01 09:38:55 AM,794.35,0,0.0,415797009.45
2025-08-01 09:38:55 AM,794.35,1018,808648.3,416605657.75
2025-08-01 09:38:58 AM,794.3,0,0.0,416605657.75
2025-08-01 09:39:01 AM,794.3,1670,1326481.0,417932138.75
2025-08-01 09:39:01 AM,794.2,1046,830733.2000000001,418762871.95
2025-08-01 09:39:02 AM,794.1,0,0.0,418762871.95
2025-08-01 09:39:03 AM,794.25,0,0.0,418762871.95
2025-08-01 09:39:08 AM,794.25,264,209682.0,418972553.95
2025-08-01 09:39:13 AM,794.3,0,0.0,418972553.95
2025-08-01 09:39:14 AM,794.15,0,0.0,418972553.95
2025-08-01 09:39:15 AM,794.15,179,142152.85,419114706.8
2025-08-01 09:39:17 AM,794.3,0,0.0,419114706.8
2025-08-01 09:39:22 AM,794.1,914,725807.4,419840514.2
2025-08-01 09:39:29 AM,794.2,333,264468.60000000003,420104982.8
2025-08-01 09:39:30 AM,794.1,0,0.0,420104982.8
2025-08-01 09:39:31 AM,794.15,0,0.0,420104982.8
2025-08-01 09:39:35 AM,794.3,1646,1307417.7999999998,421412400.6
2025-08-01 09:39:35 AM,794.25,0,0.0,421412400.6
2025-08-01 09:39:36 AM,794.2,21,16678.2,421429078.8
2025-08-01 09:39:38 AM,794.15,0,0.0,421429078.8
2025-08-01 09:39:42 AM,794.15,129,102445.34999999999,421531524.15000004
2025-08-01 09:39:43 AM,794.1,0,0.0,421531524.15000004
2025-08-01 09:39:43 AM,794.15,0,0.0,421531524.15000004
2025-08-01 09:39:46 AM,794.2,0,0.0,421531524.15000004
2025-08-01 09:39:48 AM,794.2,113,89744.6,421621268.75000006
2025-08-01 09:39:49 AM,794.2,1,794.2,421622062.95000005
2025-08-01 09:39:55 AM,794.2,535,424897.0,422046959.95000005
2025-08-01 09:39:55 AM,794.2,2,1588.4,422048548.35
2025-08-01 09:40:01 AM,794.15,34,27001.1,422075549.45000005
2025-08-01 09:40:04 AM,794.2,0,0.0,422075549.45000005
2025-08-01 09:40:08 AM,794.2,394,312914.80000000005,422388464.25000006
2025-08-01 09:40:14 AM,794.2,511,405836.2,422794300.45000005
2025-08-01 09:40:21 AM,794.3,0,0.0,422794300.45000005
2025-08-01 09:40:21 AM,794.25,2631,2089671.75,424883972.20000005
2025-08-01 09:40:24 AM,794.3,0,0.0,424883972.20000005
2025-08-01 09:40:28 AM,794.3,346,274827.8,425158800.00000006
2025-08-01 09:40:28 AM,794.3,53,42097.899999999994,425200897.90000004
2025-08-01 09:40:34 AM,794.3,110,87373.0,425288270.90000004
2025-08-01 09:40:41 AM,794.55,4553,3617586.15,428905857.05
2025-08-01 09:40:42 AM,794.7,201,159734.7,429065591.75
2025-08-01 09:40:42 AM,794.5,0,0.0,429065591.75
2025-08-01 09:40:43 AM,794.55,0,0.0,429065591.75
2025-08-01 09:40:46 AM,794.8,0,0.0,429065591.75
2025-08-01 09:40:47 AM,794.8,373,296460.39999999997,429362052.15
2025-08-01 09:40:48 AM,794.8,1,794.8,429362846.95
2025-08-01 09:40:50 AM,795.05,0,0.0,429362846.95
2025-08-01 09:40:54 AM,795.2,9642,7667318.4,437030165.34999996
2025-08-01 09:40:55 AM,795.3,1,795.3,437030960.65
2025-08-01 09:40:55 AM,795.0,0,0.0,437030960.65
2025-08-01 09:41:00 AM,795.3,786,625105.7999999999,437656066.45
2025-08-01 09:41:01 AM,795.05,97,77119.84999999999,437733186.3
2025-08-01 09:41:05 AM,795.1,0,0.0,437733186.3
2025-08-01 09:41:07 AM,795.1,470,373697.0,438106883.3
2025-08-01 09:41:08 AM,795.3,1,795.3,438107678.6
2025-08-01 09:41:14 AM,795.1,1187,943783.7000000001,439051462.3
2025-08-01 09:41:18 AM,795.05,0,0.0,439051462.3
2025-08-01 09:41:21 AM,795.05,1503,1194960.15,440246422.45
2025-08-01 09:41:23 AM,795.15,0,0.0,440246422.45
2025-08-01 09:41:25 AM,795.05,0,0.0,440246422.45
2025-08-01 09:41:26 AM,795.0,0,0.0,440246422.45
2025-08-01 09:41:27 AM,795.05,690,548584.5,440795006.95
2025-08-01 09:41:28 AM,795.1,232,184463.2,440979470.15
2025-08-01 09:41:34 AM,795.15,21,16698.149999999998,440996168.29999995
2025-08-01 09:41:34 AM,795.1,0,0.0,440996168.29999995
2025-08-01 09:41:35 AM,795.1,557,442870.7,441439038.99999994
2025-08-01 09:41:40 AM,795.1,688,547028.8,441986067.79999995
2025-08-01 09:41:45 AM,795.05,0,0.0,441986067.79999995
2025-08-01 09:41:47 AM,795.0,2648,2105160.0,444091227.79999995
2025-08-01 09:41:49 AM,795.1,0,0.0,444091227.79999995
2025-08-01 09:41:53 AM,795.3,0,0.0,444091227.79999995
2025-08-01 09:41:54 AM,795.3,2368,1883270.4,445974498.1999999
2025-08-01 09:41:54 AM,795.3,100,79530.0,446054028.1999999
2025-08-01 09:42:00 AM,795.3,281,223479.3,446277507.49999994
2025-08-01 09:42:01 AM,795.15,0,0.0,446277507.49999994
2025-08-01 09:42:06 AM,795.3,298,236999.4,446514506.8999999
2025-08-01 09:42:07 AM,795.15,51,40552.65,446555059.5499999
2025-08-01 09:42:11 AM,795.25,0,0.0,446555059.5499999
2025-08-01 09:42:13 AM,795.25,215,170978.75,446726038.2999999
2025-08-01 09:42:19 AM,795.25,221,175750.25,446901788.5499999
2025-08-01 09:42:21 AM,795.25,1,795.25,446902583.7999999
2025-08-01 09:42:26 AM,795.25,707,562241.75,447464825.5499999
2025-08-01 09:42:27 AM,795.25,3,2385.75,447467211.2999999
2025-08-01 09:42:32 AM,795.15,0,0.0,447467211.2999999
2025-08-01 09:42:33 AM,795.2,378,300585.60000000003,447767796.8999999
2025-08-01 09:42:34 AM,795.2,20,15904.0,447783700.8999999
2025-08-01 09:42:39 AM,795.2,80,63616.0,447847316.8999999
2025-08-01 09:42:40 AM,795.2,101,80315.20000000001,447927632.0999999
2025-08-01 09:42:45 AM,795.2,32,25446.4,447953078.4999999
2025-08-01 09:42:52 AM,795.2,309,245716.80000000002,448198795.2999999
2025-08-01 09:42:58 AM,795.35,2466,1961333.1,450160128.3999999
2025-08-01 09:43:00 AM,795.2,0,0.0,450160128.3999999
2025-08-01 09:43:05 AM,795.35,2630,2091770.5,452251898.8999999
2025-08-01 09:43:06 AM,795.2,16,12723.2,452264622.0999999
2025-08-01 09:43:08 AM,795.35,0,0.0,452264622.0999999
2025-08-01 09:43:08 AM,795.25,0,0.0,452264622.0999999
2025-08-01 09:43:12 AM,795.35,0,0.0,452264622.0999999
2025-08-01 09:43:12 AM,795.35,37,29427.95,452294050.0499999
2025-08-01 09:43:13 AM,795.4,378,300661.2,452594711.2499999
2025-08-01 09:43:17 AM,795.35,0,0.0,452594711.2499999
2025-08-01 09:43:17 AM,795.45,0,0.0,452594711.2499999
2025-08-01 09:43:19 AM,795.45,356,283180.2,452877891.44999987
2025-08-01 09:43:19 AM,795.45,3,2386.3500000000004,452880277.7999999
2025-08-01 09:43:21 AM,795.35,0,0.0,452880277.7999999
2025-08-01 09:43:21 AM,795.45,0,0.0,452880277.7999999
2025-08-01 09:43:25 AM,795.45,384,305452.80000000005,453185730.5999999
2025-08-01 09:43:26 AM,795.45,1,795.45,453186526.0499999
2025-08-01 09:43:28 AM,795.4,0,0.0,453186526.0499999
2025-08-01 09:43:29 AM,795.25,0,0.0,453186526.0499999
2025-08-01 09:43:32 AM,795.25,1035,823083.75,454009609.7999999
2025-08-01 09:43:33 AM,795.25,1,795.25,454010405.0499999
2025-08-01 09:43:36 AM,795.3,0,0.0,454010405.0499999
2025-08-01 09:43:36 AM,795.25,0,0.0,454010405.0499999
2025-08-01 09:43:38 AM,795.25,459,365019.75,454375424.7999999
2025-08-01 09:43:39 AM,795.25,11,8747.75,454384172.5499999
2025-08-01 09:43:41 AM,795.3,0,0.0,454384172.5499999
2025-08-01 09:43:45 AM,795.3,257,204392.09999999998,454588564.6499999
2025-08-01 09:43:46 AM,795.4,3,2386.2,454590950.8499999
2025-08-01 09:43:48 AM,795.45,0,0.0,454590950.8499999
2025-08-01 09:43:51 AM,795.45,392,311816.4,454902767.2499999
2025-08-01 09:43:52 AM,795.3,10,7953.0,454910720.2499999
2025-08-01 09:43:56 AM,795.45,0,0.0,454910720.2499999
2025-08-01 09:43:58 AM,795.2,763,606737.6,455517457.8499999
2025-08-01 09:43:59 AM,795.2,10,7952.0,455525409.8499999
2025-08-01 09:44:04 AM,795.1,346,275104.60000000003,455800514.4499999
2025-08-01 09:44:06 AM,795.1,10,7951.0,455808465.4499999
2025-08-01 09:44:09 AM,795.15,0,0.0,455808465.4499999
2025-08-01 09:44:11 AM,795.15,224,178113.6,455986579.04999995
2025-08-01 09:44:12 AM,795.05,72,57243.6,456043822.65
2025-08-01 09:44:16 AM,795.15,0,0.0,456043822.65
2025-08-01 09:44:18 AM,795.05,13,10335.65,456054158.29999995
2025-08-01 09:44:19 AM,795.15,0,0.0,456054158.29999995
2025-08-01 09:44:19 AM,795.15,4,3180.6,456057338.9
2025-08-01 09:44:25 AM,795.15,387,307723.05,456365061.95
2025-08-01 09:44:26 AM,795.1,23,18287.3,456383349.25
2025-08-01 09:44:27 AM,795.15,0,0.0,456383349.25
2025-08-01 09:44:30 AM,795.1,0,0.0,456383349.25
2025-08-01 09:44:31 AM,795.05,1210,962010.5,457345359.75
2025-08-01 09:44:32 AM,795.15,1,795.15,457346154.9
2025-08-01 09:44:35 AM,795.0,0,0.0,457346154.9
2025-08-01 09:44:37 AM,795.15,358,284663.7,457630818.59999996
2025-08-01 09:44:38 AM,795.15,3,2385.45,457633204.04999995
2025-08-01 09:44:43 AM,795.1,0,0.0,457633204.04999995
2025-08-01 09:44:44 AM,795.15,378,300566.7,457933770.74999994
2025-08-01 09:44:45 AM,795.15,5,3975.75,457937746.49999994
2025-08-01 09:44:47 AM,795.0,0,0.0,457937746.49999994
2025-08-01 09:44:48 AM,795.05,0,0.0,457937746.49999994
2025-08-01 09:44:50 AM,795.05,1233,980296.6499999999,458918043.1499999
2025-08-01 09:44:51 AM,795.1,108,85870.8,459003913.9499999
2025-08-01 09:44:56 AM,795.4,0,0.0,459003913.9499999
2025-08-01 09:44:57 AM,795.25,4755,3781413.75,462785327.6999999
2025-08-01 09:44:58 AM,795.25,7,5566.75,462790894.4499999
2025-08-01 09:45:00 AM,795.5,0,0.0,462790894.4499999
2025-08-01 09:45:03 AM,795.05,0,0.0,462790894.4499999
2025-08-01 09:45:03 AM,795.35,674,536065.9,463326960.3499999
2025-08-01 09:45:04 AM,795.35,569,452554.15,463779514.4999999
2025-08-01 09:45:07 AM,795.05,0,0.0,463779514.4999999
2025-08-01 09:45:10 AM,795.25,183,145530.75,463925045.2499999
2025-08-01 09:45:11 AM,795.25,15,11928.75,463936973.9999999
2025-08-01 09:45:13 AM,795.15,0,0.0,463936973.9999999
2025-08-01 09:45:17 AM,795.25,0,0.0,463936973.9999999
2025-08-01 09:45:17 AM,795.25,89,70777.25,464007751.2499999
2025-08-01 09:45:18 AM,795.25,21,16700.25,464024451.4999999
2025-08-01 09:45:21 AM,795.3,0,0.0,464024451.4999999
2025-08-01 09:45:23 AM,795.3,510,405603.0,464430054.4999999
2025-08-01 09:45:24 AM,795.3,116,92254.79999999999,464522309.2999999
2025-08-01 09:45:25 AM,795.15,0,0.0,464522309.2999999
2025-08-01 09:45:29 AM,795.3,65,51694.5,464574003.7999999
2025-08-01 09:45:31 AM,795.3,45,35788.5,464609792.2999999
2025-08-01 09:45:33 AM,795.2,0,0.0,464609792.2999999
2025-08-01 09:45:34 AM,795.1,0,0.0,464609792.2999999
2025-08-01 09:45:36 AM,795.3,349,277559.7,464887351.9999999
2025-08-01 09:45:42 AM,795.3,456,362656.8,465250008.7999999
2025-08-01 09:45:44 AM,795.25,102,81115.5,465331124.2999999
2025-08-01 09:45:44 AM,795.2,0,0.0,465331124.2999999
2025-08-01 09:45:49 AM,795.3,766,609199.7999999999,465940324.0999999
2025-08-01 09:45:50 AM,795.2,151,120075.20000000001,466060399.2999999
2025-08-01 09:45:52 AM,795.3,0,0.0,466060399.2999999
2025-08-01 09:45:56 AM,795.3,52,41355.6,466101754.8999999
2025-08-01 09:45:57 AM,795.3,5,3976.5,466105731.3999999
2025-08-01 09:46:02 AM,795.3,153,121680.9,466227412.2999999
2025-08-01 09:46:03 AM,795.3,21,16701.3,466244113.5999999
2025-08-01 09:46:07 AM,795.25,0,0.0,466244113.5999999
2025-08-01 09:46:08 AM,795.2,610,485072.0,466729185.5999999
2025-08-01 09:46:10 AM,795.25,14,11133.5,466740319.0999999
2025-08-01 09:46:15 AM,795.25,279,221874.75,466962193.8499999
2025-08-01 09:46:16 AM,795.25,17,13519.25,466975713.0999999
2025-08-01 09:46:21 AM,795.25,94,74753.5,467050466.5999999
2025-08-01 09:46:23 AM,795.25,7,5566.75,467056033.3499999
2025-08-01 09:46:25 AM,795.2,0,0.0,467056033.3499999
2025-08-01 09:46:26 AM,795.25,0,0.0,467056033.3499999
2025-08-01 09:46:28 AM,795.25,624,496236.0,467552269.3499999
2025-08-01 09:46:29 AM,795.25,98,77934.5,467630203.8499999
2025-08-01 09:46:33 AM,795.2,0,0.0,467630203.8499999
2025-08-01 09:46:34 AM,795.25,111,88272.75,467718476.5999999
2025-08-01 09:46:34 AM,795.2,0,0.0,467718476.5999999
2025-08-01 09:46:36 AM,795.25,171,135987.75,467854464.3499999
2025-08-01 09:46:38 AM,795.2,0,0.0,467854464.3499999
2025-08-01 09:46:39 AM,795.15,0,0.0,467854464.3499999
2025-08-01 09:46:40 AM,795.15,1582,1257927.3,469112391.6499999
2025-08-01 09:46:47 AM,795.15,190,151078.5,469263470.1499999
2025-08-01 09:46:48 AM,795.25,693,551108.25,469814578.3999999
2025-08-01 09:46:51 AM,795.15,0,0.0,469814578.3999999
2025-08-01 09:46:53 AM,795.1,210,166971.0,469981549.3999999
2025-08-01 09:46:54 AM,795.15,0,0.0,469981549.3999999
2025-08-01 09:46:55 AM,795.15,2,1590.3,469983139.6999999
2025-08-01 09:46:59 AM,795.15,225,178908.75,470162048.4499999
2025-08-01 09:47:01 AM,795.15,73,58045.95,470220094.3999999
2025-08-01 09:47:03 AM,795.2,0,0.0,470220094.3999999
2025-08-01 09:47:05 AM,795.2,74,58844.8,470278939.1999999
2025-08-01 09:47:07 AM,795.2,2,1590.4,470280529.5999999
2025-08-01 09:47:09 AM,795.15,0,0.0,470280529.5999999
2025-08-01 09:47:10 AM,795.2,0,0.0,470280529.5999999
2025-08-01 09:47:11 AM,795.2,11,8747.2,470289276.7999999
2025-08-01 09:47:13 AM,795.2,48,38169.600000000006,470327446.3999999
2025-08-01 09:47:15 AM,795.15,0,0.0,470327446.3999999
2025-08-01 09:47:17 AM,795.2,126,100195.20000000001,470427641.5999999
2025-08-01 09:47:20 AM,795.15,32,25444.8,470453086.3999999
2025-08-01 09:47:21 AM,795.3,0,0.0,470453086.3999999
2025-08-01 09:47:24 AM,795.3,1326,1054567.8,471507654.1999999
2025-08-01 09:47:25 AM,795.15,0,0.0,471507654.1999999
2025-08-01 09:47:26 AM,795.3,13,10338.9,471517993.0999999
2025-08-01 09:47:30 AM,795.15,0,0.0,471517993.0999999
2025-08-01 09:47:30 AM,795.15,90,71563.5,471589556.5999999
2025-08-01 09:47:31 AM,795.05,0,0.0,471589556.5999999
2025-08-01 09:47:32 AM,795.15,920,731538.0,472321094.5999999
2025-08-01 09:47:37 AM,795.15,26,20673.899999999998,472341768.4999999
2025-08-01 09:47:39 AM,795.05,315,250440.75,472592209.2499999
2025-08-01 09:47:40 AM,795.0,0,0.0,472592209.2499999
2025-08-01 09:47:41 AM,795.1,0,0.0,472592209.2499999
2025-08-01 09:47:44 AM,795.1,50,39755.0,472631964.2499999
2025-08-01 09:47:46 AM,795.2,1312,1043302.4,473675266.64999986
2025-08-01 09:47:50 AM,795.2,835,663992.0,474339258.64999986
2025-08-01 09:47:51 AM,795.25,0,0.0,474339258.64999986
2025-08-01 09:47:53 AM,795.2,47,37374.4,474376633.04999983
2025-08-01 09:47:55 AM,795.25,0,0.0,474376633.04999983
2025-08-01 09:47:56 AM,795.2,0,0.0,474376633.04999983
2025-08-01 09:47:57 AM,795.0,269,213855.0,474590488.04999983
2025-08-01 09:47:59 AM,795.1,0,0.0,474590488.04999983
2025-08-01 09:47:59 AM,795.0,24,19080.0,474609568.04999983
2025-08-01 09:48:03 AM,795.1,169,134371.9,474743939.9499998
2025-08-01 09:48:04 AM,795.2,0,0.0,474743939.9499998
2025-08-01 09:48:06 AM,795.25,366,291061.5,475035001.4499998
2025-08-01 09:48:10 AM,795.3,35,27835.5,475062836.9499998
2025-08-01 09:48:12 AM,795.2,0,0.0,475062836.9499998
2025-08-01 09:48:12 AM,795.2,58,46121.600000000006,475108958.54999983
2025-08-01 09:48:16 AM,795.2,436,346707.2,475455665.7499998
2025-08-01 09:48:16 AM,795.5,0,0.0,475455665.7499998
2025-08-01 09:48:19 AM,795.6,13367,10634785.200000001,486090450.9499998
2025-08-01 09:48:23 AM,795.6,103,81946.8,486172397.7499998
2025-08-01 09:48:24 AM,795.5,0,0.0,486172397.7499998
2025-08-01 09:48:25 AM,795.5,176,140008.0,486312405.7499998
2025-08-01 09:48:29 AM,795.6,0,0.0,486312405.7499998
2025-08-01 09:48:29 AM,795.6,809,643640.4,486956046.1499998
2025-08-01 09:48:32 AM,795.6,5,3978.0,486960024.1499998
2025-08-01 09:48:36 AM,795.85,0,0.0,486960024.1499998
2025-08-01 09:48:36 AM,795.85,4625,3680806.25,490640830.3999998
2025-08-01 09:48:38 AM,795.6,574,456674.4,491097504.7999998
2025-08-01 09:48:40 AM,795.85,0,0.0,491097504.7999998
2025-08-01 09:48:40 AM,796.1,0,0.0,491097504.7999998
2025-08-01 09:48:42 AM,796.1,6488,5165096.8,496262601.5999998
2025-08-01 09:48:44 AM,795.9,0,0.0,496262601.5999998
2025-08-01 09:48:44 AM,795.9,37,29448.3,496292049.8999998
2025-08-01 09:48:48 AM,796.05,0,0.0,496292049.8999998
2025-08-01 09:48:48 AM,795.9,4601,3661935.9,499953985.7999998
2025-08-01 09:48:51 AM,796.1,59,46969.9,500000955.69999975
2025-08-01 09:48:52 AM,796.05,0,0.0,500000955.69999975
2025-08-01 09:48:55 AM,796.1,12,9553.2,500010508.89999974
2025-08-01 09:48:57 AM,796.0,1981,1576876.0,501587384.89999974
2025-08-01 09:49:00 AM,796.2,0,0.0,501587384.89999974
2025-08-01 09:49:01 AM,796.25,1332,1060605.0,502647989.89999974
2025-08-01 09:49:04 AM,796.25,102,81217.5,502729207.39999974
2025-08-01 09:49:04 AM,796.1,0,0.0,502729207.39999974
2025-08-01 09:49:08 AM,796.1,348,277042.8,503006250.19999975
2025-08-01 09:49:10 AM,796.05,140,111447.0,503117697.19999975
2025-08-01 09:49:12 AM,796.15,0,0.0,503117697.19999975
2025-08-01 09:49:12 AM,796.4,0,0.0,503117697.19999975
2025-08-01 09:49:14 AM,796.4,1408,1121331.2,504239028.39999974
2025-08-01 09:49:16 AM,796.25,0,0.0,504239028.39999974
2025-08-01 09:49:16 AM,796.25,522,415642.5,504654670.89999974
2025-08-01 09:49:20 AM,796.3,0,0.0,504654670.89999974
2025-08-01 09:49:20 AM,796.3,512,407705.6,505062376.49999976
2025-08-01 09:49:22 AM,796.25,103,82013.75,505144390.24999976
2025-08-01 09:49:26 AM,796.25,106,84402.5,505228792.74999976
2025-08-01 09:49:28 AM,796.0,1350,1074600.0,506303392.74999976
2025-08-01 09:49:32 AM,796.0,8,6368.0,506309760.74999976
2025-08-01 09:49:35 AM,796.0,76,60496.0,506370256.74999976
2025-08-01 09:49:37 AM,796.1,0,0.0,506370256.74999976
2025-08-01 09:49:37 AM,796.0,0,0.0,506370256.74999976
2025-08-01 09:49:39 AM,796.0,1001,796796.0,507167052.74999976
2025-08-01 09:49:41 AM,796.05,0,0.0,507167052.74999976
2025-08-01 09:49:41 AM,796.1,520,413972.0,507581024.74999976
2025-08-01 09:49:44 AM,796.0,0,0.0,507581024.74999976
2025-08-01 09:49:44 AM,796.1,0,0.0,507581024.74999976
2025-08-01 09:49:45 AM,796.1,328,261120.80000000002,507842145.5499998
2025-08-01 09:49:48 AM,796.1,14,11145.4,507853290.94999975
2025-08-01 09:49:51 AM,796.0,899,715604.0,508568894.94999975
2025-08-01 09:49:53 AM,796.1,0,0.0,508568894.94999975
2025-08-01 09:49:53 AM,795.85,0,0.0,508568894.94999975
2025-08-01 09:49:54 AM,795.9,2083,1657859.7,510226754.64999974
2025-08-01 09:49:57 AM,795.8,0,0.0,510226754.64999974
2025-08-01 09:49:58 AM,795.8,88,70030.4,510296785.0499997
2025-08-01 09:50:01 AM,795.75,20,15915.0,510312700.0499997
2025-08-01 09:50:04 AM,795.8,0,0.0,510312700.0499997
2025-08-01 09:50:04 AM,795.8,305,242719.0,510555419.0499997
2025-08-01 09:50:07 AM,795.6,399,317444.4,510872863.4499997
2025-08-01 09:50:09 AM,795.55,0,0.0,510872863.4499997
2025-08-01 09:50:10 AM,795.55,215,171043.25,511043906.6999997
2025-08-01 09:50:12 AM,795.75,0,0.0,511043906.6999997
2025-08-01 09:50:13 AM,795.5,1071,851980.5,511895887.1999997
2025-08-01 09:50:13 AM,795.7,0,0.0,511895887.1999997
2025-08-01 09:50:16 AM,795.75,0,0.0,511895887.1999997
2025-08-01 09:50:16 AM,795.6,0,0.0,511895887.1999997
2025-08-01 09:50:17 AM,795.7,236,187785.2,512083672.3999997
2025-08-01 09:50:19 AM,795.75,0,0.0,512083672.3999997
2025-08-01 09:50:20 AM,795.75,157,124932.75,512208605.1499997
2025-08-01 09:50:23 AM,795.75,505,401853.75,512610458.8999997
2025-08-01 09:50:25 AM,795.6,0,0.0,512610458.8999997
2025-08-01 09:50:26 AM,795.75,1041,828375.75,513438834.6499997
2025-08-01 09:50:30 AM,795.75,116,92307.0,513531141.6499997
2025-08-01 09:50:32 AM,795.75,5,3978.75,513535120.3999997
2025-08-01 09:50:36 AM,795.75,118,93898.5,513629018.8999997
2025-08-01 09:50:38 AM,795.75,2,1591.5,513630610.3999997
2025-08-01 09:50:42 AM,795.8,531,422569.8,514053180.1999997
2025-08-01 09:50:43 AM,795.7,0,0.0,514053180.1999997
2025-08-01 09:50:45 AM,795.65,125,99456.25,514152636.4499997
2025-08-01 09:50:46 AM,795.85,0,0.0,514152636.4499997
2025-08-01 09:50:48 AM,795.85,87,69238.95,514221875.3999997
2025-08-01 09:50:51 AM,795.85,122,97093.7,514318969.09999967
2025-08-01 09:50:55 AM,795.85,294,233979.9,514552948.99999964
2025-08-01 09:50:57 AM,795.9,0,0.0,514552948.99999964
2025-08-01 09:50:57 AM,795.9,232,184648.8,514737597.79999965
2025-08-01 09:50:58 AM,795.8,0,0.0,514737597.79999965
2025-08-01 09:51:00 AM,795.7,0,0.0,514737597.79999965
2025-08-01 09:51:00 AM,795.65,0,0.0,514737597.79999965
2025-08-01 09:51:01 AM,795.65,97,77178.05,514814775.84999967
2025-08-01 09:51:03 AM,795.8,0,0.0,514814775.84999967
2025-08-01 09:51:03 AM,795.8,3,2387.3999999999996,514817163.24999964
2025-08-01 09:51:06 AM,795.85,0,0.0,514817163.24999964
2025-08-01 09:51:07 AM,795.9,221,175893.9,514993057.1499996
2025-08-01 09:51:07 AM,795.85,0,0.0,514993057.1499996
2025-08-01 09:51:09 AM,795.85,598,475918.3,515468975.44999963
2025-08-01 09:51:14 AM,795.55,1184,941931.2,516410906.6499996
2025-08-01 09:51:16 AM,795.55,684,544156.2,516955062.8499996
2025-08-01 09:51:18 AM,795.8,0,0.0,516955062.8499996
2025-08-01 09:51:19 AM,795.55,0,0.0,516955062.8499996
2025-08-01 09:51:20 AM,795.85,22,17508.7,516972571.5499996
2025-08-01 09:51:22 AM,795.55,0,0.0,516972571.5499996
2025-08-01 09:51:22 AM,795.85,22,17508.7,516990080.2499996
2025-08-01 09:51:23 AM,795.55,0,0.0,516990080.2499996
2025-08-01 09:51:26 AM,795.65,0,0.0,516990080.2499996
2025-08-01 09:51:26 AM,795.7,64,50924.8,517041005.0499996
2025-08-01 09:51:27 AM,795.75,0,0.0,517041005.0499996
2025-08-01 09:51:28 AM,795.65,18,14321.699999999999,517055326.7499996
2025-08-01 09:51:32 AM,795.55,0,0.0,517055326.7499996
2025-08-01 09:51:32 AM,795.55,284,225936.19999999998,517281262.9499996
2025-08-01 09:51:34 AM,795.55,136,108194.79999999999,517389457.7499996
2025-08-01 09:51:39 AM,795.55,1017,809074.35,518198532.0999996
2025-08-01 09:51:41 AM,795.55,3,2386.6499999999996,518200918.7499996
2025-08-01 09:51:43 AM,795.5,0,0.0,518200918.7499996
2025-08-01 09:51:45 AM,795.55,46606,37077403.3,555278322.0499996
2025-08-01 09:51:46 AM,795.5,0,0.0,555278322.0499996
2025-08-01 09:51:47 AM,795.55,669,532222.95,555810544.9999996
2025-08-01 09:51:49 AM,795.4,0,0.0,555810544.9999996
2025-08-01 09:51:50 AM,795.1,0,0.0,555810544.9999996
2025-08-01 09:51:51 AM,795.1,41648,33114324.8,588924869.7999996
2025-08-01 09:51:52 AM,795.0,0,0.0,588924869.7999996
2025-08-01 09:51:54 AM,795.0,1049,833955.0,589758824.7999996
2025-08-01 09:51:57 AM,795.0,66,52470.0,589811294.7999996
2025-08-01 09:51:59 AM,795.1,0,0.0,589811294.7999996
2025-08-01 09:52:00 AM,795.1,8,6360.8,589817655.5999995
2025-08-01 09:52:01 AM,795.0,0,0.0,589817655.5999995
2025-08-01 09:52:03 AM,795.1,0,0.0,589817655.5999995
2025-08-01 09:52:03 AM,795.15,1390,1105258.5,590922914.0999995
2025-08-01 09:52:05 AM,795.0,0,0.0,590922914.0999995
2025-08-01 09:52:06 AM,795.0,244,193980.0,591116894.0999995
2025-08-01 09:52:09 AM,795.0,72,57240.0,591174134.0999995
2025-08-01 09:52:11 AM,795.15,0,0.0,591174134.0999995
2025-08-01 09:52:12 AM,795.1,38317,30465846.7,621639980.7999996
2025-08-01 09:52:12 AM,795.05,0,0.0,621639980.7999996
2025-08-01 09:52:15 AM,795.0,0,0.0,621639980.7999996
2025-08-01 09:52:15 AM,795.05,23887,18991359.349999998,640631340.1499996
2025-08-01 09:52:18 AM,795.0,176,139920.0,640771260.1499996
2025-08-01 09:52:22 AM,795.0,2683,2132985.0,642904245.1499996
2025-08-01 09:52:23 AM,795.1,0,0.0,642904245.1499996
2025-08-01 09:52:24 AM,795.1,121,96207.1,643000452.2499996
2025-08-01 09:52:28 AM,795.0,109,86655.0,643087107.2499996
2025-08-01 09:52:30 AM,795.1,18,14311.800000000001,643101419.0499996
2025-08-01 09:52:32 AM,795.0,0,0.0,643101419.0499996
2025-08-01 09:52:33 AM,795.05,0,0.0,643101419.0499996
2025-08-01 09:52:34 AM,795.05,3601,2862975.05,645964394.0999995
2025-08-01 09:52:36 AM,795.0,0,0.0,645964394.0999995
2025-08-01 09:52:36 AM,795.1,2466,1960716.6,647925110.6999996
2025-08-01 09:52:39 AM,795.05,0,0.0,647925110.6999996
2025-08-01 09:52:40 AM,795.05,104,82685.2,648007795.8999996
2025-08-01 09:52:41 AM,795.1,0,0.0,648007795.8999996
2025-08-01 09:52:42 AM,795.1,10,7951.0,648015746.8999996
2025-08-01 09:52:46 AM,795.1,7851,6242330.100000001,654258076.9999996
2025-08-01 09:52:48 AM,795.0,0,0.0,654258076.9999996
2025-08-01 09:52:49 AM,795.1,59,46910.9,654304987.8999996
2025-08-01 09:52:52 AM,795.05,711,565280.5499999999,654870268.4499996
2025-08-01 09:52:55 AM,795.05,174,138338.69999999998,655008607.1499996
2025-08-01 09:52:57 AM,795.1,0,0.0,655008607.1499996
2025-08-01 09:52:58 AM,795.1,1,795.1,655009402.2499996
2025-08-01 09:53:00 AM,795.5,44850,35678175.0,690687577.2499996
2025-08-01 09:53:04 AM,795.55,15025,11953138.75,702640715.9999996
2025-08-01 09:53:06 AM,795.5,0,0.0,702640715.9999996
2025-08-01 09:53:06 AM,795.5,502,399341.0,703040056.9999996
2025-08-01 09:53:10 AM,795.5,102,81141.0,703121197.9999996
2025-08-01 09:53:12 AM,795.55,82,65235.1,703186433.0999997
2025-08-01 09:53:15 AM,795.5,0,0.0,703186433.0999997
2025-08-01 09:53:17 AM,795.5,9767,7769648.5,710956081.5999997
2025-08-01 09:53:19 AM,795.55,191,151950.05,711108031.6499996
2025-08-01 09:53:22 AM,795.5,0,0.0,711108031.6499996
2025-08-01 09:53:22 AM,795.55,0,0.0,711108031.6499996
2025-08-01 09:53:23 AM,795.55,13711,10907786.049999999,722015817.6999996
2025-08-01 09:53:25 AM,795.5,1015,807432.5,722823250.1999996
2025-08-01 09:53:28 AM,795.55,0,0.0,722823250.1999996
2025-08-01 09:53:29 AM,795.55,122,97057.09999999999,722920307.2999996
2025-08-01 09:53:31 AM,795.55,1,795.55,722921102.8499995
2025-08-01 09:53:33 AM,795.5,0,0.0,722921102.8499995
2025-08-01 09:53:35 AM,795.55,115,91488.25,723012591.0999995
2025-08-01 09:53:37 AM,795.5,0,0.0,723012591.0999995
2025-08-01 09:53:37 AM,795.5,26,20683.0,723033274.0999995
2025-08-01 09:53:37 AM,795.55,0,0.0,723033274.0999995
2025-08-01 09:53:40 AM,795.3,0,0.0,723033274.0999995
2025-08-01 09:53:41 AM,795.3,19154,15233176.2,738266450.2999996
2025-08-01 09:53:43 AM,795.25,0,0.0,738266450.2999996
2025-08-01 09:53:43 AM,795.2,110,87472.0,738353922.2999996
2025-08-01 09:53:44 AM,795.0,0,0.0,738353922.2999996
2025-08-01 09:53:46 AM,795.1,0,0.0,738353922.2999996
2025-08-01 09:53:48 AM,795.15,14091,11204458.65,749558380.9499996
2025-08-01 09:53:49 AM,795.15,117,93032.55,749651413.4999995
2025-08-01 09:53:52 AM,795.0,0,0.0,749651413.4999995
2025-08-01 09:53:52 AM,795.1,0,0.0,749651413.4999995
2025-08-01 09:53:54 AM,795.1,18,14311.800000000001,749665725.2999995
2025-08-01 09:53:55 AM,795.1,26,20672.600000000002,749686397.8999995
2025-08-01 09:53:58 AM,795.05,0,0.0,749686397.8999995
2025-08-01 09:53:58 AM,795.1,0,0.0,749686397.8999995
2025-08-01 09:54:00 AM,795.05,844,671022.2,750357420.0999995
2025-08-01 09:54:06 AM,795.0,3754,2984430.0,753341850.0999995
2025-08-01 09:54:07 AM,795.05,0,0.0,753341850.0999995
2025-08-01 09:54:07 AM,795.05,1,795.05,753342645.1499995
2025-08-01 09:54:07 AM,794.9,0,0.0,753342645.1499995
2025-08-01 09:54:10 AM,794.95,0,0.0,753342645.1499995
2025-08-01 09:54:10 AM,794.9,0,0.0,753342645.1499995
2025-08-01 09:54:12 AM,794.95,4359,3465187.0500000003,756807832.1999995
2025-08-01 09:54:13 AM,794.9,0,0.0,756807832.1999995
2025-08-01 09:54:13 AM,794.95,0,0.0,756807832.1999995
2025-08-01 09:54:14 AM,794.95,11,8744.45,756816576.6499995
2025-08-01 09:54:16 AM,794.9,0,0.0,756816576.6499995
2025-08-01 09:54:19 AM,794.9,21234,16878906.599999998,773695483.2499995
2025-08-01 09:54:20 AM,794.85,1,794.85,773696278.0999995
2025-08-01 09:54:22 AM,794.8,0,0.0,773696278.0999995
2025-08-01 09:54:25 AM,794.8,279,221749.19999999998,773918027.2999996
2025-08-01 09:54:26 AM,794.8,320,254336.0,774172363.2999996
2025-08-01 09:54:28 AM,794.6,0,0.0,774172363.2999996
2025-08-01 09:54:31 AM,794.6,14,11124.4,774183487.6999996
2025-08-01 09:54:32 AM,794.6,63,50059.8,774233547.4999995
2025-08-01 09:54:35 AM,794.8,0,0.0,774233547.4999995
2025-08-01 09:54:38 AM,794.8,229,182009.19999999998,774415556.6999996
2025-08-01 09:54:40 AM,794.75,0,0.0,774415556.6999996
2025-08-01 09:54:44 AM,794.7,224,178012.80000000002,774593569.4999995
2025-08-01 09:54:49 AM,794.7,556,441853.2,775035422.6999996
2025-08-01 09:54:50 AM,794.7,10,7947.0,775043369.6999996
2025-08-01 09:54:50 AM,794.5,0,0.0,775043369.6999996
2025-08-01 09:54:53 AM,794.7,0,0.0,775043369.6999996
2025-08-01 09:54:55 AM,794.65,0,0.0,775043369.6999996
2025-08-01 09:54:55 AM,794.65,117,92974.05,775136343.7499995
2025-08-01 09:54:56 AM,794.65,138,109661.7,775246005.4499996
2025-08-01 09:55:01 AM,794.65,17,13509.05,775259514.4999995
2025-08-01 09:55:01 AM,794.6,0,0.0,775259514.4999995
2025-08-01 09:55:02 AM,794.5,110,87395.0,775346909.4999995
2025-08-01 09:55:05 AM,794.45,0,0.0,775346909.4999995
2025-08-01 09:55:06 AM,794.65,291,231243.15,775578152.6499995
2025-08-01 09:55:08 AM,794.65,1,794.65,775578947.2999995
2025-08-01 09:55:08 AM,794.7,0,0.0,775578947.2999995
2025-08-01 09:55:11 AM,794.8,0,0.0,775578947.2999995
2025-08-01 09:55:12 AM,794.65,7536,5988482.399999999,781567429.6999995
2025-08-01 09:55:14 AM,794.65,460,365539.0,781932968.6999995
2025-08-01 09:55:14 AM,794.7,0,0.0,781932968.6999995
2025-08-01 09:55:17 AM,794.6,0,0.0,781932968.6999995
2025-08-01 09:55:18 AM,794.65,0,0.0,781932968.6999995
2025-08-01 09:55:19 AM,794.65,192,152572.8,782085541.4999994
2025-08-01 09:55:23 AM,794.7,0,0.0,782085541.4999994
2025-08-01 09:55:24 AM,794.65,0,0.0,782085541.4999994
2025-08-01 09:55:24 AM,794.65,245,194689.25,782280230.7499994
2025-08-01 09:55:26 AM,794.2,12500,9927500.0,792207730.7499994
2025-08-01 09:55:27 AM,794.45,0,0.0,792207730.7499994
2025-08-01 09:55:28 AM,794.5,0,0.0,792207730.7499994
2025-08-01 09:55:30 AM,794.3,162,128676.59999999999,792336407.3499994
2025-08-01 09:55:32 AM,794.7,0,0.0,792336407.3499994
2025-08-01 09:55:32 AM,794.7,16713,13281821.100000001,805618228.4499995
2025-08-01 09:55:36 AM,794.8,1439,1143717.2,806761945.6499995
2025-08-01 09:55:40 AM,794.75,0,0.0,806761945.6499995
2025-08-01 09:55:43 AM,795.05,6869,5461198.449999999,812223144.0999995
2025-08-01 09:55:44 AM,795.0,0,0.0,812223144.0999995
2025-08-01 09:55:44 AM,795.0,2,1590.0,812224734.0999995
2025-08-01 09:55:46 AM,795.2,0,0.0,812224734.0999995
2025-08-01 09:55:47 AM,795.0,0,0.0,812224734.0999995
2025-08-01 09:55:49 AM,795.0,2168,1723560.0,813948294.0999995
2025-08-01 09:55:50 AM,795.0,19,15105.0,813963399.0999995
2025-08-01 09:55:51 AM,795.1,0,0.0,813963399.0999995
2025-08-01 09:55:53 AM,795.05,0,0.0,813963399.0999995
2025-08-01 09:55:55 AM,795.35,0,0.0,813963399.0999995
2025-08-01 09:55:55 AM,795.5,22121,17597255.5,831560654.5999995
2025-08-01 09:55:56 AM,795.55,0,0.0,831560654.5999995
2025-08-01 09:55:56 AM,795.5,1538,1223479.0,832784133.5999995
2025-08-01 09:55:58 AM,795.55,0,0.0,832784133.5999995
2025-08-01 09:56:01 AM,795.65,0,0.0,832784133.5999995
2025-08-01 09:56:01 AM,795.65,6971,5546476.149999999,838330609.7499995
2025-08-01 09:56:01 AM,795.5,30,23865.0,838354474.7499995
2025-08-01 09:56:02 AM,795.7,0,0.0,838354474.7499995
2025-08-01 09:56:02 AM,795.5,1484,1180522.0,839534996.7499995
2025-08-01 09:56:02 AM,795.5,1,795.5,839535792.2499995
2025-08-01 09:56:03 AM,795.65,0,0.0,839535792.2499995
2025-08-01 09:56:03 AM,795.5,308,245014.0,839780806.2499995
2025-08-01 09:56:04 AM,795.55,26,20684.3,839801490.5499995
2025-08-01 09:56:04 AM,795.7,0,0.0,839801490.5499995
2025-08-01 09:56:04 AM,795.7,67,53311.9,839854802.4499995
2025-08-01 09:56:05 AM,795.55,798,634848.8999999999,840489651.3499994
2025-08-01 09:56:06 AM,795.7,160,127312.0,840616963.3499994
2025-08-01 09:56:08 AM,795.7,56,44559.200000000004,840661522.5499995
2025-08-01 09:56:08 AM,795.7,11,8752.7,840670275.2499995
2025-08-01 09:56:09 AM,795.55,135,107399.25,840777674.4999995
2025-08-01 09:56:09 AM,795.7,30,23871.0,840801545.4999995
2025-08-01 09:56:11 AM,795.55,25,19888.75,840821434.2499995
2025-08-01 09:56:12 AM,795.7,0,0.0,840821434.2499995
2025-08-01 09:56:12 AM,795.7,5,3978.5,840825412.7499995
2025-08-01 09:56:13 AM,795.65,0,0.0,840825412.7499995
2025-08-01 09:56:13 AM,795.5,0,0.0,840825412.7499995
2025-08-01 09:56:13 AM,795.5,9362,7447471.0,848272883.7499995
2025-08-01 09:56:13 AM,795.5,117,93073.5,848365957.2499995
2025-08-01 09:56:14 AM,795.55,2029,1614170.95,849980128.1999996
2025-08-01 09:56:15 AM,795.65,0,0.0,849980128.1999996
2025-08-01 09:56:15 AM,795.65,406,323033.89999999997,850303162.0999995
2025-08-01 09:56:16 AM,795.55,0,0.0,850303162.0999995
2025-08-01 09:56:16 AM,795.55,1,795.55,850303957.6499995
2025-08-01 09:56:16 AM,795.5,0,0.0,850303957.6499995
2025-08-01 09:56:16 AM,795.55,331,263327.05,850567284.6999995
2025-08-01 09:56:17 AM,795.65,0,0.0,850567284.6999995
2025-08-01 09:56:17 AM,795.65,445,354064.25,850921348.9499995
2025-08-01 09:56:17 AM,795.65,155,123325.75,851044674.6999995
2025-08-01 09:56:18 AM,795.65,31,24665.149999999998,851069339.8499994
2025-08-01 09:56:19 AM,795.65,85,67630.25,851136970.0999994
2025-08-01 09:56:19 AM,795.65,221,175838.65,851312808.7499994
2025-08-01 09:56:20 AM,795.65,221,175838.65,851488647.3999994
2025-08-01 09:56:22 AM,795.65,45,35804.25,851524451.6499994
2025-08-01 09:56:23 AM,795.65,59,46943.35,851571394.9999994
2025-08-01 09:56:24 AM,795.65,11,8752.15,851580147.1499994
2025-08-01 09:56:24 AM,795.65,2,1591.3,851581738.4499993
2025-08-01 09:56:25 AM,795.65,3,2386.95,851584125.3999994
2025-08-01 09:56:25 AM,795.65,1501,1194270.65,852778396.0499994
2025-08-01 09:56:26 AM,795.75,0,0.0,852778396.0499994
2025-08-01 09:56:26 AM,795.75,301,239520.75,853017916.7999994
2025-08-01 09:56:27 AM,795.65,0,0.0,853017916.7999994
2025-08-01 09:56:27 AM,795.65,60,47739.0,853065655.7999994
2025-08-01 09:56:27 AM,795.6,50,39780.0,853105435.7999994
2025-08-01 09:56:28 AM,795.65,0,0.0,853105435.7999994
2025-08-01 09:56:28 AM,795.65,22,17504.3,853122940.0999993
2025-08-01 09:56:29 AM,795.65,119,94682.34999999999,853217622.4499993
2025-08-01 09:56:30 AM,795.65,26,20686.899999999998,853238309.3499993
2025-08-01 09:56:31 AM,795.65,5,3978.25,853242287.5999993
2025-08-01 09:56:32 AM,795.65,1,795.65,853243083.2499993
2025-08-01 09:56:32 AM,795.75,18,14323.5,853257406.7499993
2025-08-01 09:56:33 AM,795.75,4,3183.0,853260589.7499993
2025-08-01 09:56:36 AM,795.65,5,3978.25,853264567.9999993
2025-08-01 09:56:37 AM,795.75,0,0.0,853264567.9999993
2025-08-01 09:56:37 AM,795.75,1,795.75,853265363.7499993
2025-08-01 09:56:37 AM,795.75,1,795.75,853266159.4999993
2025-08-01 09:56:38 AM,795.75,100,79575.0,853345734.4999993
2025-08-01 09:56:38 AM,795.75,3,2387.25,853348121.7499993
2025-08-01 09:56:39 AM,795.75,21,16710.75,853364832.4999993
2025-08-01 09:56:40 AM,795.75,4,3183.0,853368015.4999993
2025-08-01 09:56:40 AM,795.75,37,29442.75,853397458.2499993
2025-08-01 09:56:41 AM,795.7,0,0.0,853397458.2499993
2025-08-01 09:56:41 AM,795.7,10,7957.0,853405415.2499993
2025-08-01 09:56:42 AM,795.7,2,1591.4,853407006.6499993
2025-08-01 09:56:43 AM,795.5,0,0.0,853407006.6499993
2025-08-01 09:56:43 AM,795.5,375,298312.5,853705319.1499993
2025-08-01 09:56:43 AM,795.65,109,86725.84999999999,853792044.9999993
2025-08-01 09:56:44 AM,795.5,0,0.0,853792044.9999993
2025-08-01 09:56:44 AM,795.5,6,4773.0,853796817.9999993
2025-08-01 09:56:44 AM,795.65,23,18299.95,853815117.9499993
2025-08-01 09:56:45 AM,795.5,0,0.0,853815117.9499993
2025-08-01 09:56:45 AM,795.5,35,27842.5,853842960.4499993
2025-08-01 09:56:45 AM,795.65,12,9547.8,853852508.2499993
2025-08-01 09:56:46 AM,795.65,2,1591.3,853854099.5499992
2025-08-01 09:56:47 AM,795.55,10699,8511589.45,862365688.9999993
2025-08-01 09:56:48 AM,795.5,0,0.0,862365688.9999993
2025-08-01 09:56:48 AM,795.5,85,67617.5,862433306.4999993
2025-08-01 09:56:48 AM,795.6,2334,1856930.4000000001,864290236.8999993
2025-08-01 09:56:49 AM,795.6,121,96267.6,864386504.4999993
2025-08-01 09:56:49 AM,795.5,1192,948236.0,865334740.4999993
2025-08-01 09:56:51 AM,795.5,391,311040.5,865645780.9999993
2025-08-01 09:56:51 AM,795.6,0,0.0,865645780.9999993
2025-08-01 09:56:51 AM,795.6,20,15912.0,865661692.9999993
2025-08-01 09:56:52 AM,795.6,169,134456.4,865796149.3999993
2025-08-01 09:56:52 AM,795.5,93,73981.5,865870130.8999993
2025-08-01 09:56:53 AM,795.6,0,0.0,865870130.8999993
2025-08-01 09:56:53 AM,795.6,53,42166.8,865912297.6999992
2025-08-01 09:56:54 AM,795.6,10,7956.0,865920253.6999992
2025-08-01 09:56:54 AM,795.6,2,1591.2,865921844.8999993
2025-08-01 09:56:55 AM,795.6,44,35006.4,865956851.2999992
2025-08-01 09:56:55 AM,795.6,10,7956.0,865964807.2999992
2025-08-01 09:56:56 AM,795.6,25,19890.0,865984697.2999992
2025-08-01 09:56:57 AM,795.6,7,5569.2,865990266.4999993
2025-08-01 09:56:58 AM,795.5,0,0.0,865990266.4999993
2025-08-01 09:56:58 AM,795.5,1451,1154270.5,867144536.9999993
2025-08-01 09:56:59 AM,795.6,0,0.0,867144536.9999993
2025-08-01 09:56:59 AM,795.55,0,0.0,867144536.9999993
2025-08-01 09:56:59 AM,795.55,458,364361.89999999997,867508898.8999993
2025-08-01 09:57:00 AM,795.55,93,73986.15,867582885.0499992
2025-08-01 09:57:01 AM,795.5,148,117734.0,867700619.0499992
2025-08-01 09:57:02 AM,795.55,0,0.0,867700619.0499992
2025-08-01 09:57:02 AM,795.55,3,2386.6499999999996,867703005.6999992
2025-08-01 09:57:07 AM,795.6,0,0.0,867703005.6999992
2025-08-01 09:57:07 AM,795.6,428,340516.8,868043522.4999992
2025-08-01 09:57:08 AM,795.6,108,85924.8,868129447.2999991
2025-08-01 09:57:13 AM,795.55,1039,826576.45,868956023.7499992
2025-08-01 09:57:14 AM,795.55,354,281624.7,869237648.4499992
2025-08-01 09:57:18 AM,795.5,0,0.0,869237648.4499992
2025-08-01 09:57:18 AM,795.5,3439,2735724.5,871973372.9499992
2025-08-01 09:57:20 AM,795.55,7,5568.849999999999,871978941.7999992
2025-08-01 09:57:22 AM,795.5,0,0.0,871978941.7999992
2025-08-01 09:57:22 AM,795.55,0,0.0,871978941.7999992
2025-08-01 09:57:24 AM,795.5,808,642764.0,872621705.7999992
2025-08-01 09:57:26 AM,795.5,641,509915.5,873131621.2999992
2025-08-01 09:57:30 AM,795.6,0,0.0,873131621.2999992
2025-08-01 09:57:30 AM,795.6,2075,1650870.0,874782491.2999992
2025-08-01 09:57:32 AM,795.5,10115,8046482.5,882828973.7999992
2025-08-01 09:57:35 AM,795.55,0,0.0,882828973.7999992
2025-08-01 09:57:36 AM,795.55,4246,3377905.3,886206879.0999992
2025-08-01 09:57:38 AM,795.55,79,62848.45,886269727.5499992
2025-08-01 09:57:39 AM,795.5,0,0.0,886269727.5499992
2025-08-01 09:57:39 AM,795.6,0,0.0,886269727.5499992
2025-08-01 09:57:42 AM,795.55,0,0.0,886269727.5499992
2025-08-01 09:57:42 AM,795.55,1017,809074.35,887078801.8999993
2025-08-01 09:57:44 AM,795.55,106,84328.29999999999,887163130.1999992
2025-08-01 09:57:48 AM,795.55,740,588707.0,887751837.1999992
2025-08-01 09:57:51 AM,795.5,124,98642.0,887850479.1999992
2025-08-01 09:57:54 AM,795.5,1878,1493949.0,889344428.1999992
2025-08-01 09:58:00 AM,795.5,3454,2747657.0,892092085.1999992
2025-08-01 09:58:03 AM,795.5,13368,10634244.0,902726329.1999992
2025-08-01 09:58:06 AM,795.55,5846,4650785.3,907377114.4999992
2025-08-01 09:58:09 AM,795.5,102,81141.0,907458255.4999992
2025-08-01 09:58:12 AM,795.55,0,0.0,907458255.4999992
2025-08-01 09:58:12 AM,795.55,1250,994437.5,908452692.9999992
2025-08-01 09:58:15 AM,795.55,1,795.55,908453488.5499991
2025-08-01 09:58:18 AM,795.4,16325,12984905.0,921438393.5499991
2025-08-01 09:58:21 AM,795.35,53,42153.55,921480547.0999991
2025-08-01 09:58:23 AM,795.1,0,0.0,921480547.0999991
2025-08-01 09:58:23 AM,795.35,0,0.0,921480547.0999991
2025-08-01 09:58:24 AM,795.3,4006,3185971.8,924666518.899999
2025-08-01 09:58:27 AM,795.3,8,6362.4,924672881.299999
2025-08-01 09:58:30 AM,795.1,1419,1128246.9000000001,925801128.199999
2025-08-01 09:58:32 AM,795.35,0,0.0,925801128.199999
2025-08-01 09:58:33 AM,795.15,84,66792.59999999999,925867920.799999
2025-08-01 09:58:36 AM,795.0,689,547755.0,926415675.799999
2025-08-01 09:58:39 AM,795.2,71,56459.200000000004,926472134.999999
2025-08-01 09:58:40 AM,795.3,0,0.0,926472134.999999
2025-08-01 09:58:43 AM,795.3,166,132019.8,926604154.799999
2025-08-01 09:58:45 AM,795.35,225,178953.75,926783108.549999
2025-08-01 09:58:47 AM,795.2,0,0.0,926783108.549999
2025-08-01 09:58:48 AM,795.35,0,0.0,926783108.549999
2025-08-01 09:58:49 AM,795.2,87,69182.40000000001,926852290.949999
2025-08-01 09:58:51 AM,795.35,35,27837.25,926880128.199999
2025-08-01 09:58:55 AM,795.25,0,0.0,926880128.199999
2025-08-01 09:58:55 AM,795.25,68,54077.0,926934205.199999
2025-08-01 09:58:57 AM,795.3,370,294261.0,927228466.199999
2025-08-01 09:59:00 AM,795.2,0,0.0,927228466.199999
2025-08-01 09:59:00 AM,795.15,0,0.0,927228466.199999
2025-08-01 09:59:00 AM,795.2,771,613099.2000000001,927841565.399999
2025-08-01 09:59:02 AM,795.25,0,0.0,927841565.399999
2025-08-01 09:59:02 AM,795.25,154,122468.5,927964033.899999
2025-08-01 09:59:02 AM,795.1,11,8746.1,927972779.999999
2025-08-01 09:59:03 AM,795.25,0,0.0,927972779.999999
2025-08-01 09:59:03 AM,795.25,34,27038.5,927999818.499999
2025-08-01 09:59:03 AM,795.25,31,24652.75,928024471.249999
2025-08-01 09:59:04 AM,795.25,33,26243.25,928050714.499999
2025-08-01 09:59:04 AM,795.25,85,67596.25,928118310.749999
2025-08-01 09:59:05 AM,795.25,24,19086.0,928137396.749999
2025-08-01 09:59:06 AM,795.0,0,0.0,928137396.749999
2025-08-01 09:59:06 AM,795.0,50,39750.0,928177146.749999
2025-08-01 09:59:07 AM,795.15,13,10336.949999999999,928187483.6999991
2025-08-01 09:59:08 AM,795.15,8,6361.2,928193844.8999991
2025-08-01 09:59:08 AM,795.15,4,3180.6,928197025.4999992
2025-08-01 09:59:09 AM,795.1,0,0.0,928197025.4999992
2025-08-01 09:59:09 AM,795.1,3,2385.3,928199410.7999991
2025-08-01 09:59:09 AM,795.15,1,795.15,928200205.9499991
2025-08-01 09:59:10 AM,795.1,0,0.0,928200205.9499991
2025-08-01 09:59:10 AM,795.1,23,18287.3,928218493.249999
2025-08-01 09:59:10 AM,795.2,375,298200.0,928516693.249999
2025-08-01 09:59:11 AM,795.0,501,398295.0,928914988.249999
2025-08-01 09:59:11 AM,795.2,175,139160.0,929054148.249999
2025-08-01 09:59:12 AM,795.2,35,27832.0,929081980.249999
2025-08-01 09:59:13 AM,795.15,7,5566.05,929087546.299999
2025-08-01 09:59:14 AM,795.25,53,42148.25,929129694.549999
2025-08-01 09:59:14 AM,795.25,12,9543.0,929139237.549999
2025-08-01 09:59:15 AM,795.15,40,31806.0,929171043.549999
2025-08-01 09:59:15 AM,795.25,19,15109.75,929186153.299999
2025-08-01 09:59:16 AM,795.15,2,1590.3,929187743.599999
2025-08-01 09:59:17 AM,795.15,4,3180.6,929190924.199999
2025-08-01 09:59:18 AM,795.15,1,795.15,929191719.349999
2025-08-01 09:59:18 AM,795.15,1,795.15,929192514.4999989
2025-08-01 09:59:19 AM,795.1,50,39755.0,929232269.4999989
2025-08-01 09:59:20 AM,795.15,0,0.0,929232269.4999989
2025-08-01 09:59:20 AM,795.15,10,7951.5,929240220.9999989
2025-08-01 09:59:21 AM,795.15,47,37372.049999999996,929277593.0499989
2025-08-01 09:59:21 AM,795.15,12,9541.8,929287134.8499988
2025-08-01 09:59:22 AM,795.3,0,0.0,929287134.8499988
2025-08-01 09:59:22 AM,795.3,9014,7168834.199999999,936455969.0499989
2025-08-01 09:59:22 AM,795.2,2610,2075472.0000000002,938531441.0499989
2025-08-01 09:59:23 AM,795.2,508,403961.60000000003,938935402.6499989
2025-08-01 09:59:23 AM,795.55,623,495627.64999999997,939431030.2999989
2025-08-01 09:59:24 AM,795.55,6,4773.299999999999,939435803.5999988
2025-08-01 09:59:24 AM,795.55,126,100239.29999999999,939536042.8999988
2025-08-01 09:59:25 AM,795.5,60,47730.0,939583772.8999988
2025-08-01 09:59:25 AM,795.5,37,29433.5,939613206.3999988
2025-08-01 09:59:26 AM,795.5,8,6364.0,939619570.3999988
2025-08-01 09:59:27 AM,795.5,5,3977.5,939623547.8999988
2025-08-01 09:59:27 AM,795.5,2,1591.0,939625138.8999988
2025-08-01 09:59:28 AM,795.5,5,3977.5,939629116.3999988
2025-08-01 09:59:28 AM,795.5,2,1591.0,939630707.3999988
2025-08-01 09:59:29 AM,795.5,118,93869.0,939724576.3999988
2025-08-01 09:59:30 AM,795.55,24,19093.199999999997,939743669.5999988
2025-08-01 09:59:30 AM,795.35,1,795.35,939744464.9499989
2025-08-01 09:59:31 AM,795.5,0,0.0,939744464.9499989
2025-08-01 09:59:31 AM,795.5,5,3977.5,939748442.4499989
2025-08-01 09:59:32 AM,795.5,3,2386.5,939750828.9499989
2025-08-01 09:59:32 AM,795.5,1,795.5,939751624.4499989
2025-08-01 09:59:33 AM,795.55,0,0.0,939751624.4499989
2025-08-01 09:59:33 AM,795.55,3,2386.6499999999996,939754011.0999988
2025-08-01 09:59:34 AM,795.55,13,10342.15,939764353.2499988
2025-08-01 09:59:34 AM,795.55,3,2386.6499999999996,939766739.8999988
2025-08-01 09:59:35 AM,795.55,110,87510.5,939854250.3999988
2025-08-01 09:59:35 AM,795.55,58,46141.899999999994,939900392.2999988
2025-08-01 09:59:36 AM,795.55,1,795.55,939901187.8499987
2025-08-01 09:59:36 AM,795.55,50,39777.5,939940965.3499987
2025-08-01 09:59:37 AM,795.55,18,14319.9,939955285.2499987
2025-08-01 09:59:37 AM,795.55,13,10342.15,939965627.3999987
2025-08-01 09:59:38 AM,795.6,0,0.0,939965627.3999987
2025-08-01 09:59:38 AM,795.6,929,739112.4,940704739.7999986
2025-08-01 09:59:38 AM,795.65,317,252221.05,940956960.8499986
2025-08-01 09:59:39 AM,795.65,280,222782.0,941179742.8499986
2025-08-01 09:59:39 AM,795.65,120,95478.0,941275220.8499986
2025-08-01 09:59:40 AM,795.7,2658,2114970.6,943390191.4499986
2025-08-01 09:59:41 AM,795.8,1852,1473821.5999999999,944864013.0499986
2025-08-01 09:59:42 AM,795.9,0,0.0,944864013.0499986
2025-08-01 09:59:42 AM,795.8,826,657330.7999999999,945521343.8499986
2025-08-01 09:59:42 AM,795.85,14,11141.9,945532485.7499986
2025-08-01 09:59:43 AM,795.9,0,0.0,945532485.7499986
2025-08-01 09:59:43 AM,795.9,474,377256.6,945909742.3499986
2025-08-01 09:59:44 AM,795.95,258,205355.1,946115097.4499986
2025-08-01 09:59:46 AM,795.95,95,75615.25,946190712.6999986
2025-08-01 09:59:46 AM,795.95,19,15123.050000000001,946205835.7499986
2025-08-01 09:59:47 AM,795.9,53,42182.7,946248018.4499986
2025-08-01 09:59:47 AM,795.95,0,0.0,946248018.4499986
2025-08-01 09:59:48 AM,795.7,0,0.0,946248018.4499986
2025-08-01 09:59:48 AM,795.7,339,269742.3,946517760.7499986
2025-08-01 09:59:49 AM,796.0,0,0.0,946517760.7499986
2025-08-01 09:59:49 AM,796.0,2645,2105420.0,948623180.7499986
2025-08-01 09:59:49 AM,796.0,115,91540.0,948714720.7499986
2025-08-01 09:59:50 AM,796.1,0,0.0,948714720.7499986
2025-08-01 09:59:50 AM,796.1,7655,6094145.5,954808866.2499986
2025-08-01 09:59:51 AM,796.25,0,0.0,954808866.2499986
2025-08-01 09:59:51 AM,796.15,0,0.0,954808866.2499986
2025-08-01 09:59:51 AM,796.15,3071,2444976.65,957253842.8999985
2025-08-01 09:59:52 AM,796.35,0,0.0,957253842.8999985
2025-08-01 09:59:52 AM,796.35,837,666544.9500000001,957920387.8499986
2025-08-01 09:59:52 AM,796.4,1854,1476525.5999999999,959396913.4499986
2025-08-01 09:59:53 AM,796.35,0,0.0,959396913.4499986
2025-08-01 09:59:53 AM,796.5,2946,2346489.0,961743402.4499986
2025-08-01 09:59:53 AM,796.4,598,476247.2,962219649.6499987
2025-08-01 09:59:54 AM,796.35,0,0.0,962219649.6499987
2025-08-01 09:59:54 AM,796.5,1273,1013944.5,963233594.1499987
2025-08-01 09:59:54 AM,796.5,318,253287.0,963486881.1499987
2025-08-01 09:59:55 AM,796.4,0,0.0,963486881.1499987
2025-08-01 09:59:55 AM,796.2,344,273892.8,963760773.9499986
2025-08-01 09:59:55 AM,796.4,86,68490.4,963829264.3499986
2025-08-01 09:59:56 AM,796.4,132,105124.8,963934389.1499985
2025-08-01 09:59:56 AM,796.4,26,20706.399999999998,963955095.5499985
2025-08-01 09:59:57 AM,796.4,37,29466.8,963984562.3499985
2025-08-01 09:59:59 AM,796.35,52,41410.200000000004,964025972.5499985
2025-08-01 09:59:59 AM,796.35,58,46188.3,964072160.8499985
2025-08-01 10:00:00 AM,796.25,0,0.0,964072160.8499985
2025-08-01 10:00:00 AM,796.25,58,46182.5,964118343.3499985
2025-08-01 10:00:00 AM,796.25,14,11147.5,964129490.8499985
2025-08-01 10:00:01 AM,796.2,0,0.0,964129490.8499985
2025-08-01 10:00:01 AM,796.15,48,38215.2,964167706.0499985
2025-08-01 10:00:02 AM,796.1,0,0.0,964167706.0499985
2025-08-01 10:00:02 AM,796.15,44,35030.6,964202736.6499985
2025-08-01 10:00:02 AM,796.15,5,3980.75,964206717.3999985
2025-08-01 10:00:03 AM,796.1,0,0.0,964206717.3999985
2025-08-01 10:00:04 AM,796.25,0,0.0,964206717.3999985
2025-08-01 10:00:04 AM,795.9,0,0.0,964206717.3999985
2025-08-01 10:00:04 AM,796.1,815,648821.5,964855538.8999985
2025-08-01 10:00:05 AM,796.1,222,176734.2,965032273.0999986
2025-08-01 10:00:05 AM,796.1,54,42989.4,965075262.4999986
2025-08-01 10:00:06 AM,796.15,0,0.0,965075262.4999986
2025-08-01 10:00:06 AM,796.15,257,204610.55,965279873.0499985
2025-08-01 10:00:07 AM,796.0,663,527748.0,965807621.0499985
2025-08-01 10:00:07 AM,796.1,190,151259.0,965958880.0499985
2025-08-01 10:00:08 AM,796.05,174,138512.69999999998,966097392.7499986
2025-08-01 10:00:09 AM,796.0,0,0.0,966097392.7499986
2025-08-01 10:00:09 AM,796.0,113,89948.0,966187340.7499986
2025-08-01 10:00:09 AM,796.0,135,107460.0,966294800.7499986
2025-08-01 10:00:10 AM,796.05,0,0.0,966294800.7499986
2025-08-01 10:00:10 AM,796.05,50,39802.5,966334603.2499986
2025-08-01 10:00:10 AM,796.1,0,0.0,966334603.2499986
2025-08-01 10:00:10 AM,796.1,36,28659.600000000002,966363262.8499986
2025-08-01 10:00:11 AM,796.0,0,0.0,966363262.8499986
2025-08-01 10:00:11 AM,796.0,71,56516.0,966419778.8499986
2025-08-01 10:00:11 AM,795.95,17,13531.150000000001,966433309.9999986
2025-08-01 10:00:12 AM,795.8,0,0.0,966433309.9999986
2025-08-01 10:00:12 AM,795.8,74,58889.2,966492199.1999986
2025-08-01 10:00:12 AM,796.1,37,29455.7,966521654.8999987
2025-08-01 10:00:13 AM,795.95,0,0.0,966521654.8999987
2025-08-01 10:00:13 AM,795.95,171,136107.45,966657762.3499987
2025-08-01 10:00:13 AM,796.1,50,39805.0,966697567.3499987
2025-08-01 10:00:14 AM,796.1,44,35028.4,966732595.7499987
2025-08-01 10:00:15 AM,795.95,0,0.0,966732595.7499987
2025-08-01 10:00:15 AM,795.95,915,728294.25,967460889.9999987
2025-08-01 10:00:16 AM,796.1,0,0.0,967460889.9999987
2025-08-01 10:00:16 AM,796.1,251,199821.1,967660711.0999987
2025-08-01 10:00:16 AM,796.1,1,796.1,967661507.1999987
2025-08-01 10:00:17 AM,796.0,0,0.0,967661507.1999987
2025-08-01 10:00:17 AM,796.25,0,0.0,967661507.1999987
2025-08-01 10:00:17 AM,796.25,267,212598.75,967874105.9499987
2025-08-01 10:00:18 AM,796.25,77,61311.25,967935417.1999987
2025-08-01 10:00:19 AM,796.1,0,0.0,967935417.1999987
2025-08-01 10:00:19 AM,796.25,236,187915.0,968123332.1999987
2025-08-01 10:00:20 AM,796.1,0,0.0,968123332.1999987
2025-08-01 10:00:20 AM,796.2,346,275485.2,968398817.3999988
2025-08-01 10:00:20 AM,796.25,257,204636.25,968603453.6499988
2025-08-01 10:00:21 AM,796.2,0,0.0,968603453.6499988
2025-08-01 10:00:21 AM,796.0,0,0.0,968603453.6499988
2025-08-01 10:00:21 AM,796.25,153,121826.25,968725279.8999988
2025-08-01 10:00:21 AM,796.1,109,86774.90000000001,968812054.7999988
2025-08-01 10:00:22 AM,796.1,209,166384.9,968978439.6999987
2025-08-01 10:00:22 AM,796.1,112,89163.2,969067602.8999988
2025-08-01 10:00:24 AM,796.1,18,14329.800000000001,969081932.6999987
2025-08-01 10:00:24 AM,796.1,3,2388.3,969084320.9999987
2025-08-01 10:00:25 AM,796.1,118,93939.8,969178260.7999986
2025-08-01 10:00:25 AM,796.1,40,31844.0,969210104.7999986
2025-08-01 10:00:26 AM,796.1,103,81998.3,969292103.0999986
2025-08-01 10:00:26 AM,796.1,35,27863.5,969319966.5999986
2025-08-01 10:00:27 AM,796.0,3065,2439740.0,971759706.5999986
2025-08-01 10:00:27 AM,796.1,766,609812.6,972369519.1999986
2025-08-01 10:00:28 AM,796.15,0,0.0,972369519.1999986
2025-08-01 10:00:28 AM,796.1,0,0.0,972369519.1999986
2025-08-01 10:00:28 AM,796.1,771,613793.1,972983312.2999986
2025-08-01 10:00:29 AM,796.1,465,370186.5,973353498.7999986
2025-08-01 10:00:29 AM,796.1,94,74833.40000000001,973428332.1999986
2025-08-01 10:00:30 AM,796.05,0,0.0,973428332.1999986
2025-08-01 10:00:30 AM,796.05,130,103486.5,973531818.6999986
2025-08-01 10:00:30 AM,795.9,103,81977.7,973613796.3999987
2025-08-01 10:00:31 AM,795.85,0,0.0,973613796.3999987
2025-08-01 10:00:31 AM,795.85,72,57301.200000000004,973671097.5999987
2025-08-01 10:00:32 AM,795.95,0,0.0,973671097.5999987
2025-08-01 10:00:32 AM,795.65,227,180612.55,973851710.1499987
2025-08-01 10:00:33 AM,795.85,0,0.0,973851710.1499987
2025-08-01 10:00:33 AM,795.9,0,0.0,973851710.1499987
2025-08-01 10:00:33 AM,795.85,66,52526.1,973904236.2499987
