date,price,qty,trnvr,cum_trnvr
2025-08-01 09:15:04 AM,4116.1,175,720317.5000000001,720317.5000000001
2025-08-01 09:15:13 AM,4120.3,0,0.0,720317.5000000001
2025-08-01 09:15:16 AM,4122.6,26,107187.6,827505.1000000001
2025-08-01 09:15:22 AM,4135.0,0,0.0,827505.1000000001
2025-08-01 09:15:26 AM,4135.0,12,49620.0,877125.1000000001
2025-08-01 09:15:46 AM,4127.7,0,0.0,877125.1000000001
2025-08-01 09:15:51 AM,4118.0,61,251198.0,1128323.1
2025-08-01 09:15:53 AM,4115.9,190,782020.9999999999,1910344.1
2025-08-01 09:15:55 AM,4118.3,0,0.0,1910344.1
2025-08-01 09:15:59 AM,4118.0,119,490042.0,2400386.1
2025-08-01 09:16:18 AM,4113.0,0,0.0,2400386.1
2025-08-01 09:16:24 AM,4115.1,71,292172.10000000003,2692558.2
2025-08-01 09:16:29 AM,4110.7,0,0.0,2692558.2
2025-08-01 09:16:32 AM,4110.7,32,131542.4,2824100.6
2025-08-01 09:16:48 AM,4115.0,1,4115.0,2828215.6
2025-08-01 09:16:57 AM,4113.5,5,20567.5,2848783.1
2025-08-01 09:17:07 AM,4115.7,0,0.0,2848783.1
2025-08-01 09:17:13 AM,4115.7,15,61735.5,2910518.6
2025-08-01 09:17:21 AM,4116.0,27,111132.0,3021650.6
2025-08-01 09:18:01 AM,4119.5,0,0.0,3021650.6
2025-08-01 09:18:03 AM,4119.5,1,4119.5,3025770.1
2025-08-01 09:19:59 AM,4120.0,1,4120.0,3029890.1
2025-08-01 09:20:52 AM,4120.0,10,41200.0,3071090.1
2025-08-01 09:21:15 AM,4120.0,2,8240.0,3079330.1
2025-08-01 09:21:31 AM,4120.0,1,4120.0,3083450.1
2025-08-01 09:21:47 AM,4118.4,1,4118.4,3087568.5
2025-08-01 09:22:00 AM,4118.8,0,0.0,3087568.5
2025-08-01 09:22:01 AM,4118.8,1,4118.8,3091687.3
2025-08-01 09:22:14 AM,4120.0,0,0.0,3091687.3
2025-08-01 09:22:17 AM,4120.0,5,20600.0,3112287.3
2025-08-01 09:22:32 AM,4118.1,2,8236.2,3120523.5
2025-08-01 09:22:42 AM,4118.3,0,0.0,3120523.5
2025-08-01 09:22:47 AM,4118.3,1,4118.3,3124641.8
2025-08-01 09:23:19 AM,4118.3,2,8236.6,3132878.4
2025-08-01 09:23:39 AM,4113.3,0,0.0,3132878.4
2025-08-01 09:23:40 AM,4113.3,25,102832.5,3235710.9
2025-08-01 09:23:57 AM,4114.4,2,8228.8,3243939.6999999997
2025-08-01 09:24:13 AM,4117.4,10,41174.0,3285113.6999999997
2025-08-01 09:24:19 AM,4114.3,4,16457.2,3301570.9
2025-08-01 09:24:34 AM,4110.9,4,16443.6,3318014.5
2025-08-01 09:24:49 AM,4110.5,2,8221.0,3326235.5
2025-08-01 09:25:34 AM,4108.3,2,8216.6,3334452.1
2025-08-01 09:25:56 AM,4113.3,10,41133.0,3375585.1
2025-08-01 09:26:17 AM,4108.3,0,0.0,3375585.1
2025-08-01 09:26:19 AM,4108.3,22,90382.6,3465967.7
2025-08-01 09:26:58 AM,4107.1,75,308032.5,3774000.2
2025-08-01 09:27:19 AM,4105.0,0,0.0,3774000.2
2025-08-01 09:27:20 AM,4105.0,89,365345.0,4139345.2
2025-08-01 09:27:27 AM,4105.0,2,8210.0,4147555.2
2025-08-01 09:27:33 AM,4102.0,0,0.0,4147555.2
2025-08-01 09:27:34 AM,4102.0,18,73836.0,4221391.2
2025-08-01 09:27:53 AM,4100.0,0,0.0,4221391.2
2025-08-01 09:27:58 AM,4096.9,19,77841.09999999999,4299232.3
2025-08-01 09:28:11 AM,4093.4,0,0.0,4299232.3
2025-08-01 09:28:13 AM,4093.4,10,40934.0,4340166.3
2025-08-01 09:28:27 AM,4090.2,0,0.0,4340166.3
2025-08-01 09:28:28 AM,4090.2,1,4090.2,4344256.5
2025-08-01 09:28:36 AM,4090.2,3,12270.599999999999,4356527.1
2025-08-01 09:28:48 AM,4089.0,0,0.0,4356527.1
2025-08-01 09:28:49 AM,4089.9,0,0.0,4356527.1
2025-08-01 09:28:51 AM,4089.9,34,139056.6,4495583.699999999
2025-08-01 09:28:54 AM,4085.8,0,0.0,4495583.699999999
2025-08-01 09:28:59 AM,4085.8,6,24514.800000000003,4520098.499999999
2025-08-01 09:29:00 AM,4083.4,0,0.0,4520098.499999999
2025-08-01 09:29:00 AM,4083.4,3,12250.2,4532348.699999999
2025-08-01 09:29:06 AM,4081.0,9,36729.0,4569077.699999999
2025-08-01 09:29:12 AM,4084.9,0,0.0,4569077.699999999
2025-08-01 09:29:13 AM,4084.6,0,0.0,4569077.699999999
2025-08-01 09:29:14 AM,4084.6,4,16338.4,4585416.1
2025-08-01 09:29:27 AM,4084.8,0,0.0,4585416.1
2025-08-01 09:29:29 AM,4084.8,10,40848.0,4626264.1
2025-08-01 09:29:37 AM,4081.3,0,0.0,4626264.1
2025-08-01 09:29:38 AM,4081.3,20,81626.0,4707890.1
2025-08-01 09:29:44 AM,4085.6,39,159338.4,4867228.5
2025-08-01 09:29:45 AM,4082.1,1,4082.1,4871310.6
2025-08-01 09:30:44 AM,4088.5,1,4088.5,4875399.1
2025-08-01 09:30:49 AM,4089.0,0,0.0,4875399.1
2025-08-01 09:30:51 AM,4089.0,1,4089.0,4879488.1
2025-08-01 09:31:28 AM,4090.0,0,0.0,4879488.1
2025-08-01 09:31:29 AM,4090.0,27,110430.0,4989918.1
2025-08-01 09:33:27 AM,4090.6,0,0.0,4989918.1
2025-08-01 09:33:33 AM,4090.6,92,376335.2,5366253.3
2025-08-01 09:34:15 AM,4091.1,1,4091.1,5370344.399999999
2025-08-01 09:34:56 AM,4092.4,0,0.0,5370344.399999999
2025-08-01 09:34:57 AM,4092.4,2,8184.8,5378529.199999999
2025-08-01 09:39:01 AM,4092.3,0,0.0,5378529.199999999
2025-08-01 09:39:07 AM,4092.3,106,433783.80000000005,5812312.999999999
2025-08-01 09:39:21 AM,4090.8,1,4090.8,5816403.799999999
2025-08-01 09:39:34 AM,4092.1,2,8184.2,5824587.999999999
2025-08-01 09:39:42 AM,4090.2,0,0.0,5824587.999999999
2025-08-01 09:39:46 AM,4090.0,0,0.0,5824587.999999999
2025-08-01 09:39:47 AM,4090.0,174,711660.0,6536247.999999999
2025-08-01 09:40:18 AM,4089.2,0,0.0,6536247.999999999
2025-08-01 09:40:20 AM,4089.2,6,24535.199999999997,6560783.199999999
2025-08-01 09:40:33 AM,4089.2,3,12267.599999999999,6573050.799999999
2025-08-01 09:40:45 AM,4089.3,0,0.0,6573050.799999999
2025-08-01 09:40:46 AM,4089.3,2,8178.6,6581229.3999999985
2025-08-01 09:42:22 AM,4091.8,0,0.0,6581229.3999999985
2025-08-01 09:42:25 AM,4091.8,4,16367.2,6597596.599999999
2025-08-01 09:42:56 AM,4092.4,0,0.0,6597596.599999999
2025-08-01 09:42:57 AM,4092.4,27,110494.8,6708091.3999999985
2025-08-01 09:43:16 AM,4090.9,0,0.0,6708091.3999999985
2025-08-01 09:43:17 AM,4090.9,2,8181.8,6716273.199999998
2025-08-01 09:43:24 AM,4090.8,0,0.0,6716273.199999998
2025-08-01 09:43:24 AM,4090.8,53,216812.40000000002,6933085.599999999
2025-08-01 09:43:28 AM,4089.3,0,0.0,6933085.599999999
2025-08-01 09:43:30 AM,4085.0,118,482030.0,7415115.599999999
2025-08-01 09:43:36 AM,4083.0,0,0.0,7415115.599999999
2025-08-01 09:43:37 AM,4083.0,3,12249.0,7427364.599999999
2025-08-01 09:43:44 AM,4081.0,0,0.0,7427364.599999999
2025-08-01 09:43:44 AM,4081.0,34,138754.0,7566118.599999999
2025-08-01 09:44:24 AM,4080.0,0,0.0,7566118.599999999
2025-08-01 09:44:25 AM,4080.0,29,118320.0,7684438.599999999
2025-08-01 09:44:30 AM,4079.6,0,0.0,7684438.599999999
2025-08-01 09:44:30 AM,4079.6,3,12238.8,7696677.3999999985
2025-08-01 09:44:34 AM,4079.0,0,0.0,7696677.3999999985
2025-08-01 09:44:36 AM,4079.0,3,12237.0,7708914.3999999985
2025-08-01 09:44:48 AM,4078.2,0,0.0,7708914.3999999985
2025-08-01 09:44:49 AM,4078.2,1,4078.2,7712992.599999999
2025-08-01 09:45:02 AM,4076.3,3,12228.900000000001,7725221.499999999
2025-08-01 09:45:22 AM,4075.2,3,12225.599999999999,7737447.099999999
2025-08-01 09:45:29 AM,4075.0,0,0.0,7737447.099999999
2025-08-01 09:45:30 AM,4075.0,1,4075.0,7741522.099999999
2025-08-01 09:46:00 AM,4075.2,2,8150.4,7749672.499999999
2025-08-01 09:46:14 AM,4075.0,3,12225.0,7761897.499999999
2025-08-01 09:46:39 AM,4075.0,1,4075.0,7765972.499999999
2025-08-01 09:46:52 AM,4075.0,15,61125.0,7827097.499999999
2025-08-01 09:47:04 AM,4075.0,3,12225.0,7839322.499999999
2025-08-01 09:47:19 AM,4075.0,3,12225.0,7851547.499999999
2025-08-01 09:47:42 AM,4075.0,5,20375.0,7871922.499999999
2025-08-01 09:48:02 AM,4075.0,3,12225.0,7884147.499999999
2025-08-01 09:48:47 AM,4077.3,15,61159.5,7945306.999999999
2025-08-01 09:49:49 AM,4078.9,0,0.0,7945306.999999999
2025-08-01 09:49:50 AM,4078.9,10,40789.0,7986095.999999999
2025-08-01 09:50:33 AM,4075.2,0,0.0,7986095.999999999
2025-08-01 09:50:35 AM,4075.2,4,16300.8,8002396.799999999
2025-08-01 09:51:00 AM,4078.1,1,4078.1,8006474.8999999985
2025-08-01 09:51:42 AM,4080.0,0,0.0,8006474.8999999985
2025-08-01 09:51:44 AM,4080.0,10,40800.0,8047274.8999999985
2025-08-01 09:52:17 AM,4077.3,1,4077.3,8051352.199999998
2025-08-01 09:52:53 AM,4077.1,0,0.0,8051352.199999998
2025-08-01 09:52:54 AM,4077.1,1,4077.1,8055429.299999998
2025-08-01 09:54:30 AM,4077.1,3,12231.3,8067660.599999998
2025-08-01 09:55:29 AM,4079.0,1,4079.0,8071739.599999998
2025-08-01 09:55:48 AM,4078.9,1,4078.9,8075818.499999998
2025-08-01 09:56:28 AM,4076.0,0,0.0,8075818.499999998
2025-08-01 09:56:30 AM,4076.0,30,122280.0,8198098.499999998
2025-08-01 09:56:37 AM,4079.4,0,0.0,8198098.499999998
2025-08-01 09:56:41 AM,4079.4,1,4079.4,8202177.8999999985
2025-08-01 09:56:46 AM,4075.6,0,0.0,8202177.8999999985
2025-08-01 09:56:48 AM,4075.6,57,232309.19999999998,8434487.099999998
2025-08-01 09:56:49 AM,4073.2,2,8146.4,8442633.499999998
2025-08-01 09:57:07 AM,4080.9,284,1158975.6,9601609.099999998
2025-08-01 09:57:17 AM,4090.0,44,179960.0,9781569.099999998
2025-08-01 09:57:19 AM,4090.0,14,57260.0,9838829.099999998
2025-08-01 09:57:23 AM,4090.0,44,179960.0,10018789.099999998
2025-08-01 09:57:53 AM,4090.0,2,8180.0,10026969.099999998
2025-08-01 09:58:02 AM,4090.0,14,57260.0,10084229.099999998
2025-08-01 09:58:05 AM,4086.3,5,20431.5,10104660.599999998
2025-08-01 09:58:42 AM,4084.6,7,28592.2,10133252.799999997
2025-08-01 09:59:31 AM,4091.9,132,540130.8,10673383.599999998
2025-08-01 10:00:11 AM,4088.6,0,0.0,10673383.599999998
2025-08-01 10:00:11 AM,4088.6,4,16354.4,10689737.999999998
2025-08-01 10:00:15 AM,4088.5,1,4088.5,10693826.499999998
2025-08-01 10:00:21 AM,4085.4,5,20427.0,10714253.499999998
2025-08-01 10:00:27 AM,4084.0,15,61260.0,10775513.499999998
2025-08-01 10:00:40 AM,4084.0,9,36756.0,10812269.499999998
2025-08-01 10:00:56 AM,4081.1,25,102027.5,10914296.999999998
2025-08-01 10:00:59 AM,4081.1,2,8162.2,10922459.199999997
2025-08-01 10:02:16 AM,4083.2,0,0.0,10922459.199999997
2025-08-01 10:02:17 AM,4083.2,11,44915.2,10967374.399999997
2025-08-01 10:03:01 AM,4089.3,3,12267.900000000001,10979642.299999997
2025-08-01 10:03:07 AM,4093.4,0,0.0,10979642.299999997
2025-08-01 10:03:08 AM,4093.4,100,409340.0,11388982.299999997
2025-08-01 10:03:42 AM,4093.1,1,4093.1,11393075.399999997
2025-08-01 10:03:54 AM,4092.5,13,53202.5,11446277.899999997
2025-08-01 10:04:42 AM,4092.6,8,32740.8,11479018.699999997
2025-08-01 10:05:15 AM,4087.7,0,0.0,11479018.699999997
2025-08-01 10:05:15 AM,4087.7,9,36789.299999999996,11515807.999999998
2025-08-01 10:05:31 AM,4083.0,0,0.0,11515807.999999998
2025-08-01 10:05:32 AM,4087.6,0,0.0,11515807.999999998
2025-08-01 10:05:32 AM,4087.6,30,122628.0,11638435.999999998
2025-08-01 10:05:40 AM,4087.7,0,0.0,11638435.999999998
2025-08-01 10:05:40 AM,4087.7,2,8175.4,11646611.399999999
2025-08-01 10:06:24 AM,4083.9,0,0.0,11646611.399999999
2025-08-01 10:06:25 AM,4083.9,10,40839.0,11687450.399999999
2025-08-01 10:06:28 AM,4084.2,1,4084.2,11691534.599999998
2025-08-01 10:06:40 AM,4084.2,1,4084.2,11695618.799999997
2025-08-01 10:06:50 AM,4084.2,2,8168.4,11703787.199999997
2025-08-01 10:06:58 AM,4086.5,4,16346.0,11720133.199999997
2025-08-01 10:07:14 AM,4082.2,9,36739.799999999996,11756872.999999998
2025-08-01 10:07:16 AM,4084.9,1,4084.9,11760957.899999999
2025-08-01 10:07:21 AM,4082.9,5,20414.5,11781372.399999999
2025-08-01 10:07:51 AM,4082.8,6,24496.800000000003,11805869.2
2025-08-01 10:07:59 AM,4082.0,0,0.0,11805869.2
2025-08-01 10:07:59 AM,4082.0,10,40820.0,11846689.2
2025-08-01 10:09:45 AM,4085.4,0,0.0,11846689.2
2025-08-01 10:09:45 AM,4085.4,2,8170.8,11854860.0
2025-08-01 10:09:47 AM,4085.9,4,16343.6,11871203.6
2025-08-01 10:10:59 AM,4093.2,0,0.0,11871203.6
2025-08-01 10:11:02 AM,4093.2,59,241498.8,12112702.4
2025-08-01 10:11:51 AM,4091.9,0,0.0,12112702.4
2025-08-01 10:11:54 AM,4091.9,5,20459.5,12133161.9
2025-08-01 10:12:00 AM,4092.9,0,0.0,12133161.9
2025-08-01 10:12:00 AM,4092.9,28,114601.2,12247763.1
2025-08-01 10:12:09 AM,4092.3,0,0.0,12247763.1
2025-08-01 10:12:12 AM,4092.3,1,4092.3,12251855.4
2025-08-01 10:12:29 AM,4092.3,17,69569.1,12321424.5
2025-08-01 10:12:52 AM,4092.0,3,12276.0,12333700.5
2025-08-01 10:13:54 AM,4093.1,0,0.0,12333700.5
2025-08-01 10:13:57 AM,4093.1,12,49117.2,12382817.7
2025-08-01 10:14:03 AM,4089.7,0,0.0,12382817.7
2025-08-01 10:14:03 AM,4089.7,1,4089.7,12386907.399999999
2025-08-01 10:15:18 AM,4089.7,7,28627.899999999998,12415535.299999999
2025-08-01 10:15:21 AM,4094.8,0,0.0,12415535.299999999
2025-08-01 10:15:24 AM,4094.8,24,98275.20000000001,12513810.499999998
2025-08-01 10:17:20 AM,4094.8,99,405385.2,12919195.699999997
2025-08-01 10:18:23 AM,4087.9,0,0.0,12919195.699999997
2025-08-01 10:18:24 AM,4087.9,20,81758.0,13000953.699999997
2025-08-01 10:18:45 AM,4087.6,0,0.0,13000953.699999997
2025-08-01 10:18:47 AM,4087.6,1,4087.6,13005041.299999997
2025-08-01 10:18:51 AM,4087.9,0,0.0,13005041.299999997
2025-08-01 10:18:53 AM,4087.9,3,12263.7,13017304.999999996
2025-08-01 10:18:55 AM,4088.6,0,0.0,13017304.999999996
2025-08-01 10:18:58 AM,4088.6,9,36797.4,13054102.399999997
2025-08-01 10:19:37 AM,4091.5,0,0.0,13054102.399999997
2025-08-01 10:19:39 AM,4091.5,20,81830.0,13135932.399999997
2025-08-01 10:19:43 AM,4092.0,0,0.0,13135932.399999997
2025-08-01 10:19:45 AM,4092.0,3,12276.0,13148208.399999997
2025-08-01 10:20:01 AM,4092.0,2,8184.0,13156392.399999997
2025-08-01 10:22:18 AM,4090.9,0,0.0,13156392.399999997
2025-08-01 10:22:18 AM,4090.9,10,40909.0,13197301.399999997
2025-08-01 10:22:26 AM,4095.6,1,4095.6,13201396.999999996
2025-08-01 10:23:08 AM,4088.4,0,0.0,13201396.999999996
2025-08-01 10:23:08 AM,4088.4,113,461989.2,13663386.199999996
2025-08-01 10:23:12 AM,4087.4,0,0.0,13663386.199999996
2025-08-01 10:23:14 AM,4088.0,4,16352.0,13679738.199999996
2025-08-01 10:23:17 AM,4090.2,0,0.0,13679738.199999996
2025-08-01 10:23:17 AM,4090.2,10,40902.0,13720640.199999996
2025-08-01 10:23:20 AM,4090.2,4,16360.8,13737000.999999996
2025-08-01 10:23:26 AM,4088.3,2,8176.6,13745177.599999996
2025-08-01 10:24:37 AM,4088.3,11,44971.3,13790148.899999997
2025-08-01 10:24:46 AM,4088.3,2,8176.6,13798325.499999996
2025-08-01 10:24:57 AM,4089.2,0,0.0,13798325.499999996
2025-08-01 10:24:57 AM,4089.2,1,4089.2,13802414.699999996
2025-08-01 10:25:22 AM,4087.6,0,0.0,13802414.699999996
2025-08-01 10:25:23 AM,4087.6,3,12262.8,13814677.499999996
2025-08-01 10:26:12 AM,4089.8,0,0.0,13814677.499999996
2025-08-01 10:26:12 AM,4089.8,1,4089.8,13818767.299999997
2025-08-01 10:27:27 AM,4089.5,1,4089.5,13822856.799999997
2025-08-01 10:27:48 AM,4088.0,0,0.0,13822856.799999997
2025-08-01 10:27:49 AM,4088.0,2,8176.0,13831032.799999997
2025-08-01 10:28:27 AM,4088.0,2,8176.0,13839208.799999997
2025-08-01 10:28:31 AM,4089.5,0,0.0,13839208.799999997
2025-08-01 10:28:32 AM,4089.5,1,4089.5,13843298.299999997
2025-08-01 10:28:43 AM,4089.5,1,4089.5,13847387.799999997
2025-08-01 10:29:20 AM,4089.5,3,12268.5,13859656.299999997
2025-08-01 10:29:56 AM,4088.0,2,8176.0,13867832.299999997
2025-08-01 10:30:01 AM,4089.5,0,0.0,13867832.299999997
2025-08-01 10:30:01 AM,4089.5,1,4089.5,13871921.799999997
2025-08-01 10:30:04 AM,4089.6,0,0.0,13871921.799999997
2025-08-01 10:30:04 AM,4089.6,2,8179.2,13880100.999999996
2025-08-01 10:30:53 AM,4089.6,1,4089.6,13884190.599999996
2025-08-01 10:31:16 AM,4089.6,1,4089.6,13888280.199999996
2025-08-01 10:32:01 AM,4088.3,0,0.0,13888280.199999996
2025-08-01 10:32:02 AM,4088.3,2,8176.6,13896456.799999995
2025-08-01 10:32:33 AM,4093.9,0,0.0,13896456.799999995
2025-08-01 10:32:35 AM,4093.9,1,4093.9,13900550.699999996
2025-08-01 10:32:41 AM,4093.9,1,4093.9,13904644.599999996
2025-08-01 10:32:42 AM,4091.3,0,0.0,13904644.599999996
2025-08-01 10:32:44 AM,4091.3,2,8182.6,13912827.199999996
2025-08-01 10:33:48 AM,4094.0,0,0.0,13912827.199999996
2025-08-01 10:33:48 AM,4094.0,1,4094.0,13916921.199999996
2025-08-01 10:34:10 AM,4097.0,1,4097.0,13921018.199999996
2025-08-01 10:34:14 AM,4097.0,1,4097.0,13925115.199999996
2025-08-01 10:34:16 AM,4098.8,0,0.0,13925115.199999996
2025-08-01 10:34:16 AM,4098.8,1,4098.8,13929213.999999996
2025-08-01 10:34:19 AM,4097.0,0,0.0,13929213.999999996
2025-08-01 10:34:20 AM,4097.0,1,4097.0,13933310.999999996
2025-08-01 10:34:25 AM,4098.9,0,0.0,13933310.999999996
2025-08-01 10:34:25 AM,4097.0,2,8194.0,13941504.999999996
2025-08-01 10:34:34 AM,4099.0,0,0.0,13941504.999999996
2025-08-01 10:34:37 AM,4099.0,1,4099.0,13945603.999999996
2025-08-01 10:34:40 AM,4097.0,0,0.0,13945603.999999996
2025-08-01 10:34:42 AM,4097.0,14,57358.0,14002961.999999996
2025-08-01 10:34:46 AM,4098.8,0,0.0,14002961.999999996
2025-08-01 10:34:48 AM,4098.8,1,4098.8,14007060.799999997
2025-08-01 10:34:50 AM,4092.1,90,368289.0,14375349.799999997
2025-08-01 10:34:54 AM,4091.5,11,45006.5,14420356.299999997
2025-08-01 10:34:55 AM,4090.0,0,0.0,14420356.299999997
2025-08-01 10:34:56 AM,4089.6,40,163584.0,14583940.299999997
2025-08-01 10:35:00 AM,4086.9,5,20434.5,14604374.799999997
2025-08-01 10:35:01 AM,4089.6,0,0.0,14604374.799999997
2025-08-01 10:35:02 AM,4089.6,14,57254.4,14661629.199999997
2025-08-01 10:35:04 AM,4094.0,0,0.0,14661629.199999997
2025-08-01 10:35:05 AM,4094.0,1,4094.0,14665723.199999997
2025-08-01 10:35:07 AM,4092.4,3,12277.2,14678000.399999997
2025-08-01 10:35:10 AM,4092.6,0,0.0,14678000.399999997
2025-08-01 10:35:11 AM,4092.6,3,12277.8,14690278.199999997
2025-08-01 10:35:15 AM,4095.9,0,0.0,14690278.199999997
2025-08-01 10:35:17 AM,4095.9,1,4095.9,14694374.099999998
2025-08-01 10:35:21 AM,4093.3,0,0.0,14694374.099999998
2025-08-01 10:35:22 AM,4093.4,0,0.0,14694374.099999998
2025-08-01 10:35:22 AM,4093.4,2,8186.8,14702560.899999999
2025-08-01 10:35:30 AM,4087.8,0,0.0,14702560.899999999
2025-08-01 10:35:30 AM,4087.8,7,28614.600000000002,14731175.499999998
2025-08-01 10:35:31 AM,4087.4,0,0.0,14731175.499999998
2025-08-01 10:35:33 AM,4087.4,2,8174.8,14739350.299999999
2025-08-01 10:35:36 AM,4087.5,0,0.0,14739350.299999999
2025-08-01 10:35:36 AM,4087.5,1,4087.5,14743437.799999999
2025-08-01 10:35:40 AM,4088.0,0,0.0,14743437.799999999
2025-08-01 10:35:41 AM,4088.0,4,16352.0,14759789.799999999
2025-08-01 10:35:50 AM,4085.7,41,167513.69999999998,14927303.499999998
2025-08-01 10:35:51 AM,4085.0,0,0.0,14927303.499999998
2025-08-01 10:35:52 AM,4084.0,0,0.0,14927303.499999998
2025-08-01 10:35:53 AM,4084.0,3,12252.0,14939555.499999998
2025-08-01 10:35:54 AM,4085.6,0,0.0,14939555.499999998
2025-08-01 10:35:56 AM,4085.6,3,12256.8,14951812.299999999
2025-08-01 10:35:58 AM,4087.1,0,0.0,14951812.299999999
2025-08-01 10:35:58 AM,4087.1,1,4087.1,14955899.399999999
2025-08-01 10:36:00 AM,4083.7,0,0.0,14955899.399999999
2025-08-01 10:36:01 AM,4083.7,4,16334.8,14972234.2
2025-08-01 10:36:04 AM,4083.6,1,4083.6,14976317.799999999
2025-08-01 10:36:11 AM,4083.4,0,0.0,14976317.799999999
2025-08-01 10:36:12 AM,4083.4,4,16333.6,14992651.399999999
2025-08-01 10:36:15 AM,4086.3,1,4086.3,14996737.7
2025-08-01 10:36:17 AM,4087.9,0,0.0,14996737.7
2025-08-01 10:36:18 AM,4086.7,0,0.0,14996737.7
2025-08-01 10:36:18 AM,4086.7,16,65387.2,15062124.899999999
2025-08-01 10:36:20 AM,4085.5,0,0.0,15062124.899999999
2025-08-01 10:36:21 AM,4085.3,0,0.0,15062124.899999999
2025-08-01 10:36:21 AM,4085.3,5,20426.5,15082551.399999999
2025-08-01 10:36:23 AM,4088.4,0,0.0,15082551.399999999
2025-08-01 10:36:24 AM,4088.4,2,8176.8,15090728.2
2025-08-01 10:36:30 AM,4086.0,0,0.0,15090728.2
2025-08-01 10:36:32 AM,4085.6,5,20428.0,15111156.2
2025-08-01 10:36:36 AM,4085.3,0,0.0,15111156.2
2025-08-01 10:36:37 AM,4085.3,1,4085.3,15115241.5
2025-08-01 10:36:40 AM,4085.1,0,0.0,15115241.5
2025-08-01 10:36:40 AM,4085.1,1,4085.1,15119326.6
2025-08-01 10:36:41 AM,4084.8,0,0.0,15119326.6
2025-08-01 10:36:43 AM,4084.8,3,12254.400000000001,15131581.0
2025-08-01 10:36:46 AM,4084.7,1,4084.7,15135665.7
2025-08-01 10:36:51 AM,4083.7,4,16334.8,15152000.5
2025-08-01 10:37:01 AM,4083.8,0,0.0,15152000.5
2025-08-01 10:37:02 AM,4083.8,6,24502.800000000003,15176503.3
2025-08-01 10:37:05 AM,4087.2,0,0.0,15176503.3
2025-08-01 10:37:08 AM,4087.2,1,4087.2,15180590.5
2025-08-01 10:37:09 AM,4084.8,3,12254.400000000001,15192844.9
2025-08-01 10:37:11 AM,4084.7,0,0.0,15192844.9
2025-08-01 10:37:13 AM,4084.7,2,8169.4,15201014.3
2025-08-01 10:37:14 AM,4084.8,0,0.0,15201014.3
2025-08-01 10:37:15 AM,4084.8,1,4084.8,15205099.100000001
2025-08-01 10:37:17 AM,4084.7,0,0.0,15205099.100000001
2025-08-01 10:37:19 AM,4084.7,1,4084.7,15209183.8
2025-08-01 10:37:20 AM,4083.7,0,0.0,15209183.8
2025-08-01 10:37:21 AM,4083.4,4,16333.6,15225517.4
2025-08-01 10:37:26 AM,4083.4,35,142919.0,15368436.4
2025-08-01 10:37:28 AM,4082.0,0,0.0,15368436.4
2025-08-01 10:37:30 AM,4081.0,3,12243.0,15380679.4
2025-08-01 10:37:31 AM,4080.0,0,0.0,15380679.4
2025-08-01 10:37:32 AM,4080.0,2,8160.0,15388839.4
2025-08-01 10:37:35 AM,4082.0,0,0.0,15388839.4
2025-08-01 10:37:35 AM,4082.0,1,4082.0,15392921.4
2025-08-01 10:37:40 AM,4078.9,0,0.0,15392921.4
2025-08-01 10:37:41 AM,4081.0,0,0.0,15392921.4
2025-08-01 10:37:41 AM,4081.0,4,16324.0,15409245.4
2025-08-01 10:37:43 AM,4077.8,0,0.0,15409245.4
2025-08-01 10:37:44 AM,4077.8,2,8155.6,15417401.0
2025-08-01 10:37:46 AM,4076.4,0,0.0,15417401.0
2025-08-01 10:37:46 AM,4076.4,1,4076.4,15421477.4
2025-08-01 10:37:52 AM,4078.7,0,0.0,15421477.4
2025-08-01 10:37:52 AM,4078.7,1,4078.7,15425556.1
2025-08-01 10:37:53 AM,4076.4,0,0.0,15425556.1
2025-08-01 10:37:54 AM,4076.4,2,8152.8,15433708.9
2025-08-01 10:38:01 AM,4074.1,0,0.0,15433708.9
2025-08-01 10:38:03 AM,4076.6,8,32612.8,15466321.700000001
2025-08-01 10:38:06 AM,4076.6,1,4076.6,15470398.3
2025-08-01 10:38:11 AM,4075.2,0,0.0,15470398.3
2025-08-01 10:38:11 AM,4074.3,0,0.0,15470398.3
2025-08-01 10:38:12 AM,4073.7,7,28515.899999999998,15498914.200000001
2025-08-01 10:38:18 AM,4076.3,0,0.0,15498914.200000001
2025-08-01 10:38:19 AM,4076.3,1,4076.3,15502990.500000002
2025-08-01 10:38:21 AM,4073.2,0,0.0,15502990.500000002
2025-08-01 10:38:22 AM,4073.2,3,12219.599999999999,15515210.100000001
2025-08-01 10:38:28 AM,4069.6,0,0.0,15515210.100000001
2025-08-01 10:38:28 AM,4069.6,175,712180.0,16227390.100000001
2025-08-01 10:38:30 AM,4075.3,0,0.0,16227390.100000001
2025-08-01 10:38:31 AM,4075.0,0,0.0,16227390.100000001
2025-08-01 10:38:31 AM,4075.0,18,73350.0,16300740.100000001
2025-08-01 10:38:33 AM,4076.6,0,0.0,16300740.100000001
2025-08-01 10:38:34 AM,4076.6,17,69302.2,16370042.3
2025-08-01 10:38:36 AM,4077.7,0,0.0,16370042.3
2025-08-01 10:38:37 AM,4078.3,11,44861.3,16414903.600000001
2025-08-01 10:38:42 AM,4079.1,0,0.0,16414903.600000001
2025-08-01 10:38:43 AM,4079.3,0,0.0,16414903.600000001
2025-08-01 10:38:43 AM,4081.6,7,28571.2,16443474.8
2025-08-01 10:38:45 AM,4076.0,0,0.0,16443474.8
2025-08-01 10:38:46 AM,4074.6,0,0.0,16443474.8
2025-08-01 10:38:46 AM,4074.6,17,69268.2,16512743.0
2025-08-01 10:38:48 AM,4068.1,0,0.0,16512743.0
2025-08-01 10:38:48 AM,4068.1,69,280698.89999999997,16793441.9
2025-08-01 10:38:49 AM,4073.2,0,0.0,16793441.9
2025-08-01 10:38:51 AM,4073.4,0,0.0,16793441.9
2025-08-01 10:38:51 AM,4073.4,6,24440.4,16817882.299999997
2025-08-01 10:38:59 AM,4075.0,23,93725.0,16911607.299999997
2025-08-01 10:39:01 AM,4074.5,0,0.0,16911607.299999997
2025-08-01 10:39:02 AM,4074.5,3,12223.5,16923830.799999997
2025-08-01 10:39:08 AM,4074.5,3,12223.5,16936054.299999997
2025-08-01 10:39:09 AM,4070.4,0,0.0,16936054.299999997
2025-08-01 10:39:11 AM,4074.5,49,199650.5,17135704.799999997
2025-08-01 10:39:13 AM,4074.5,6,24447.0,17160151.799999997
2025-08-01 10:39:19 AM,4073.0,21,85533.0,17245684.799999997
2025-08-01 10:39:21 AM,4069.2,0,0.0,17245684.799999997
2025-08-01 10:39:22 AM,4071.2,0,0.0,17245684.799999997
2025-08-01 10:39:22 AM,4071.2,18,73281.59999999999,17318966.4
2025-08-01 10:39:27 AM,4074.5,0,0.0,17318966.4
2025-08-01 10:39:28 AM,4074.5,2,8149.0,17327115.4
2025-08-01 10:39:30 AM,4070.9,2,8141.8,17335257.2
2025-08-01 10:39:42 AM,4071.3,5,20356.5,17355613.7
2025-08-01 10:39:51 AM,4071.7,0,0.0,17355613.7
2025-08-01 10:39:53 AM,4071.7,2,8143.4,17363757.099999998
2025-08-01 10:40:01 AM,4071.7,3,12215.099999999999,17375972.2
2025-08-01 10:40:07 AM,4073.6,0,0.0,17375972.2
2025-08-01 10:40:09 AM,4073.6,1,4073.6,17380045.8
2025-08-01 10:40:12 AM,4070.6,3,12211.8,17392257.6
2025-08-01 10:40:16 AM,4070.7,0,0.0,17392257.6
2025-08-01 10:40:17 AM,4070.7,2,8141.4,17400399.0
2025-08-01 10:40:22 AM,4070.1,0,0.0,17400399.0
2025-08-01 10:40:23 AM,4070.1,4,16280.4,17416679.4
2025-08-01 10:40:31 AM,4070.2,2,8140.4,17424819.799999997
2025-08-01 10:40:40 AM,4073.3,0,0.0,17424819.799999997
2025-08-01 10:40:42 AM,4070.3,0,0.0,17424819.799999997
2025-08-01 10:40:42 AM,4070.3,4,16281.2,17441100.999999996
2025-08-01 10:40:51 AM,4070.0,2,8140.0,17449240.999999996
2025-08-01 10:41:01 AM,4070.0,3,12210.0,17461450.999999996
2025-08-01 10:41:07 AM,4072.6,1,4072.6,17465523.599999998
2025-08-01 10:41:09 AM,4070.0,0,0.0,17465523.599999998
2025-08-01 10:41:10 AM,4070.0,7,28490.0,17494013.599999998
2025-08-01 10:41:21 AM,4070.2,0,0.0,17494013.599999998
2025-08-01 10:41:22 AM,4070.2,3,12210.599999999999,17506224.2
2025-08-01 10:41:23 AM,4072.7,1,4072.7,17510296.9
2025-08-01 10:41:29 AM,4072.6,0,0.0,17510296.9
2025-08-01 10:41:29 AM,4072.6,1,4072.6,17514369.5
2025-08-01 10:41:32 AM,4069.2,0,0.0,17514369.5
2025-08-01 10:41:33 AM,4069.2,2,8138.4,17522507.9
2025-08-01 10:41:44 AM,4069.2,3,12207.599999999999,17534715.5
2025-08-01 10:41:51 AM,4069.2,2,8138.4,17542853.9
2025-08-01 10:42:02 AM,4068.5,0,0.0,17542853.9
2025-08-01 10:42:02 AM,4068.5,4,16274.0,17559127.9
2025-08-01 10:42:08 AM,4068.0,0,0.0,17559127.9
2025-08-01 10:42:12 AM,4068.0,7,28476.0,17587603.9
2025-08-01 10:42:22 AM,4069.2,0,0.0,17587603.9
2025-08-01 10:42:23 AM,4069.2,4,16276.8,17603880.7
2025-08-01 10:42:32 AM,4069.9,0,0.0,17603880.7
2025-08-01 10:42:34 AM,4069.1,0,0.0,17603880.7
2025-08-01 10:42:34 AM,4069.1,6,24414.6,17628295.3
2025-08-01 10:42:38 AM,4069.8,0,0.0,17628295.3
2025-08-01 10:42:39 AM,4069.8,2,8139.6,17636434.900000002
2025-08-01 10:42:41 AM,4069.8,4,16279.2,17652714.1
2025-08-01 10:42:51 AM,4068.2,0,0.0,17652714.1
2025-08-01 10:42:53 AM,4069.1,3,12207.3,17664921.400000002
2025-08-01 10:43:01 AM,4068.1,0,0.0,17664921.400000002
2025-08-01 10:43:01 AM,4068.1,3,12204.3,17677125.700000003
2025-08-01 10:43:09 AM,4068.1,2,8136.2,17685261.900000002
2025-08-01 10:43:12 AM,4068.0,2,8136.0,17693397.900000002
2025-08-01 10:43:14 AM,4067.1,8,32536.8,17725934.700000003
2025-08-01 10:43:20 AM,4068.7,1,4068.7,17730003.400000002
2025-08-01 10:43:21 AM,4067.4,0,0.0,17730003.400000002
2025-08-01 10:43:23 AM,4067.4,3,12202.2,17742205.6
2025-08-01 10:43:29 AM,4068.6,0,0.0,17742205.6
2025-08-01 10:43:31 AM,4068.6,1,4068.6,17746274.200000003
2025-08-01 10:43:33 AM,4067.4,0,0.0,17746274.200000003
2025-08-01 10:43:34 AM,4067.4,2,8134.8,17754409.000000004
2025-08-01 10:43:35 AM,4068.5,0,0.0,17754409.000000004
2025-08-01 10:43:36 AM,4068.5,2,8137.0,17762546.000000004
2025-08-01 10:43:49 AM,4067.1,0,0.0,17762546.000000004
2025-08-01 10:43:50 AM,4067.1,1,4067.1,17766613.100000005
2025-08-01 10:43:55 AM,4067.3,0,0.0,17766613.100000005
2025-08-01 10:43:57 AM,4067.3,1,4067.3,17770680.400000006
2025-08-01 10:44:11 AM,4066.7,0,0.0,17770680.400000006
2025-08-01 10:44:13 AM,4066.7,1,4066.7,17774747.100000005
2025-08-01 10:44:19 AM,4071.3,0,0.0,17774747.100000005
2025-08-01 10:44:21 AM,4072.3,0,0.0,17774747.100000005
2025-08-01 10:44:22 AM,4072.3,69,280988.7,18055735.800000004
2025-08-01 10:44:31 AM,4067.5,0,0.0,18055735.800000004
2025-08-01 10:44:32 AM,4071.5,8,32572.0,18088307.800000004
2025-08-01 10:44:34 AM,4074.0,0,0.0,18088307.800000004
2025-08-01 10:44:35 AM,4072.7,10,40727.0,18129034.800000004
2025-08-01 10:44:41 AM,4067.4,0,0.0,18129034.800000004
2025-08-01 10:44:43 AM,4071.5,0,0.0,18129034.800000004
2025-08-01 10:44:43 AM,4071.5,5,20357.5,18149392.300000004
2025-08-01 10:44:46 AM,4072.5,1,4072.5,18153464.800000004
2025-08-01 10:44:47 AM,4072.6,0,0.0,18153464.800000004
2025-08-01 10:44:48 AM,4072.6,1,4072.6,18157537.400000006
2025-08-01 10:44:51 AM,4070.5,0,0.0,18157537.400000006
2025-08-01 10:44:51 AM,4070.5,5,20352.5,18177889.900000006
2025-08-01 10:45:11 AM,4073.0,0,0.0,18177889.900000006
2025-08-01 10:45:13 AM,4073.0,1,4073.0,18181962.900000006
2025-08-01 10:45:19 AM,4072.8,1,4072.8,18186035.700000007
2025-08-01 10:45:33 AM,4073.3,0,0.0,18186035.700000007
2025-08-01 10:45:35 AM,4073.3,1,4073.3,18190109.000000007
2025-08-01 10:46:10 AM,4070.0,0,0.0,18190109.000000007
2025-08-01 10:46:11 AM,4070.0,6,24420.0,18214529.000000007
2025-08-01 10:46:14 AM,4072.1,0,0.0,18214529.000000007
2025-08-01 10:46:17 AM,4072.1,1,4072.1,18218601.10000001
2025-08-01 10:46:23 AM,4068.0,0,0.0,18218601.10000001
2025-08-01 10:46:24 AM,4068.0,14,56952.0,18275553.10000001
2025-08-01 10:46:28 AM,4070.8,1,4070.8,18279623.90000001
2025-08-01 10:46:32 AM,4070.9,0,0.0,18279623.90000001
2025-08-01 10:46:33 AM,4070.9,153,622847.7000000001,18902471.60000001
2025-08-01 10:46:38 AM,4071.0,0,0.0,18902471.60000001
2025-08-01 10:46:39 AM,4072.4,9,36651.6,18939123.20000001
2025-08-01 10:46:41 AM,4072.9,0,0.0,18939123.20000001
2025-08-01 10:46:44 AM,4076.2,0,0.0,18939123.20000001
2025-08-01 10:46:45 AM,4076.5,0,0.0,18939123.20000001
2025-08-01 10:46:45 AM,4076.5,15,61147.5,19000270.70000001
2025-08-01 10:46:46 AM,4076.5,1,4076.5,19004347.20000001
2025-08-01 10:46:50 AM,4074.0,0,0.0,19004347.20000001
2025-08-01 10:46:50 AM,4074.0,4,16296.0,19020643.20000001
2025-08-01 10:47:10 AM,4074.8,0,0.0,19020643.20000001
2025-08-01 10:47:12 AM,4074.8,2,8149.6,19028792.800000012
2025-08-01 10:47:15 AM,4074.0,0,0.0,19028792.800000012
2025-08-01 10:47:17 AM,4074.0,1,4074.0,19032866.800000012
2025-08-01 10:47:44 AM,4073.8,1,4073.8,19036940.600000013
2025-08-01 10:48:00 AM,4073.8,10,40738.0,19077678.600000013
2025-08-01 10:48:02 AM,4074.0,2,8148.0,19085826.600000013
2025-08-01 10:48:31 AM,4072.0,0,0.0,19085826.600000013
2025-08-01 10:48:32 AM,4072.0,8509,34648648.0,53734474.60000001
2025-08-01 10:48:35 AM,4073.6,0,0.0,53734474.60000001
2025-08-01 10:48:38 AM,4075.4,0,0.0,53734474.60000001
2025-08-01 10:48:38 AM,4075.4,119,484972.60000000003,54219447.20000001
2025-08-01 10:48:40 AM,4076.6,52,211983.19999999998,54431430.40000001
2025-08-01 10:48:42 AM,4081.7,0,0.0,54431430.40000001
2025-08-01 10:48:44 AM,4081.4,7,28569.8,54460000.20000001
2025-08-01 10:48:44 AM,4085.4,0,0.0,54460000.20000001
2025-08-01 10:48:45 AM,4085.1,45,183829.5,54643829.70000001
2025-08-01 10:48:48 AM,4084.7,0,0.0,54643829.70000001
2025-08-01 10:48:49 AM,4084.7,10,40847.0,54684676.70000001
2025-08-01 10:48:50 AM,4087.5,0,0.0,54684676.70000001
2025-08-01 10:48:51 AM,4087.5,10,40875.0,54725551.70000001
2025-08-01 10:48:52 AM,4085.6,0,0.0,54725551.70000001
2025-08-01 10:48:53 AM,4089.8,0,0.0,54725551.70000001
2025-08-01 10:48:54 AM,4087.3,0,0.0,54725551.70000001
2025-08-01 10:48:55 AM,4087.4,105,429177.0,55154728.70000001
2025-08-01 10:48:56 AM,4090.5,0,0.0,55154728.70000001
2025-08-01 10:48:56 AM,4090.5,94,384507.0,55539235.70000001
2025-08-01 10:48:58 AM,4090.6,0,0.0,55539235.70000001
2025-08-01 10:48:59 AM,4094.8,0,0.0,55539235.70000001
2025-08-01 10:49:00 AM,4094.8,3,12284.400000000001,55551520.10000001
2025-08-01 10:49:02 AM,4088.7,19,77685.3,55629205.400000006
2025-08-01 10:49:03 AM,4088.7,3,12266.099999999999,55641471.50000001
2025-08-01 10:49:06 AM,4090.4,0,0.0,55641471.50000001
2025-08-01 10:49:06 AM,4090.4,2,8180.8,55649652.300000004
2025-08-01 10:49:08 AM,4094.2,0,0.0,55649652.300000004
2025-08-01 10:49:08 AM,4090.4,14,57265.6,55706917.900000006
2025-08-01 10:49:10 AM,4095.9,0,0.0,55706917.900000006
2025-08-01 10:49:10 AM,4095.9,4,16383.6,55723301.50000001
2025-08-01 10:49:11 AM,4091.4,0,0.0,55723301.50000001
2025-08-01 10:49:11 AM,4091.4,32,130924.8,55854226.300000004
2025-08-01 10:49:13 AM,4087.8,0,0.0,55854226.300000004
2025-08-01 10:49:13 AM,4087.8,4,16351.2,55870577.50000001
2025-08-01 10:49:14 AM,4091.3,0,0.0,55870577.50000001
2025-08-01 10:49:14 AM,4091.3,5,20456.5,55891034.00000001
2025-08-01 10:49:16 AM,4096.6,4,16386.4,55907420.400000006
2025-08-01 10:49:17 AM,4092.2,0,0.0,55907420.400000006
2025-08-01 10:49:17 AM,4100.2,307,1258761.4,57166181.800000004
2025-08-01 10:49:18 AM,4097.9,0,0.0,57166181.800000004
2025-08-01 10:49:19 AM,4098.4,28,114755.19999999998,57280937.00000001
2025-08-01 10:49:19 AM,4098.5,1,4098.5,57285035.50000001
2025-08-01 10:49:22 AM,4093.4,40,163736.0,57448771.50000001
2025-08-01 10:49:25 AM,4093.2,0,0.0,57448771.50000001
2025-08-01 10:49:25 AM,4093.2,6,24559.199999999997,57473330.70000001
2025-08-01 10:49:32 AM,4093.3,5,20466.5,57493797.20000001
2025-08-01 10:49:35 AM,4097.8,0,0.0,57493797.20000001
2025-08-01 10:49:35 AM,4097.8,7,28684.600000000002,57522481.80000001
2025-08-01 10:49:36 AM,4093.2,15,61398.0,57583879.80000001
2025-08-01 10:49:36 AM,4099.4,0,0.0,57583879.80000001
2025-08-01 10:49:36 AM,4099.4,21,86087.4,57669967.20000001
2025-08-01 10:49:37 AM,4095.7,5,20478.5,57690445.70000001
2025-08-01 10:49:39 AM,4097.4,6,24584.399999999998,57715030.10000001
2025-08-01 10:49:41 AM,4099.1,8,32792.8,57747822.900000006
2025-08-01 10:49:43 AM,4095.4,4,16381.6,57764204.50000001
2025-08-01 10:49:43 AM,4097.2,0,0.0,57764204.50000001
2025-08-01 10:49:43 AM,4097.2,17,69652.4,57833856.900000006
2025-08-01 10:49:45 AM,4102.0,0,0.0,57833856.900000006
2025-08-01 10:49:45 AM,4102.0,117,479934.0,58313790.900000006
2025-08-01 10:49:46 AM,4103.8,36,147736.80000000002,58461527.7
2025-08-01 10:49:47 AM,4103.5,0,0.0,58461527.7
2025-08-01 10:49:48 AM,4103.5,1,4103.5,58465631.2
2025-08-01 10:49:50 AM,4104.4,1,4104.4,58469735.6
2025-08-01 10:49:52 AM,4107.9,3,12323.699999999999,58482059.300000004
2025-08-01 10:49:52 AM,4105.8,0,0.0,58482059.300000004
2025-08-01 10:49:53 AM,4105.8,4,16423.2,58498482.50000001
2025-08-01 10:49:53 AM,4103.7,30,123111.0,58621593.50000001
2025-08-01 10:49:55 AM,4102.1,0,0.0,58621593.50000001
2025-08-01 10:49:55 AM,4102.1,3,12306.300000000001,58633899.800000004
2025-08-01 10:49:57 AM,4105.0,16,65680.0,58699579.800000004
2025-08-01 10:49:59 AM,4108.9,10,41089.0,58740668.800000004
2025-08-01 10:49:59 AM,4101.1,74,303481.4,59044150.2
2025-08-01 10:50:00 AM,4101.0,10,41010.0,59085160.2
2025-08-01 10:50:02 AM,4097.5,5,20487.5,59105647.7
2025-08-01 10:50:03 AM,4101.9,0,0.0,59105647.7
2025-08-01 10:50:03 AM,4101.9,10,41019.0,59146666.7
2025-08-01 10:50:05 AM,4101.5,0,0.0,59146666.7
2025-08-01 10:50:05 AM,4101.5,1,4101.5,59150768.2
2025-08-01 10:50:07 AM,4100.5,0,0.0,59150768.2
2025-08-01 10:50:07 AM,4100.5,33,135316.5,59286084.7
2025-08-01 10:50:09 AM,4100.4,0,0.0,59286084.7
2025-08-01 10:50:09 AM,4100.4,3,12301.199999999999,59298385.900000006
2025-08-01 10:50:10 AM,4104.9,0,0.0,59298385.900000006
2025-08-01 10:50:10 AM,4104.9,8,32839.2,59331225.10000001
2025-08-01 10:50:12 AM,4101.8,12,49221.600000000006,59380446.70000001
2025-08-01 10:50:13 AM,4105.6,20,82112.0,59462558.70000001
2025-08-01 10:50:13 AM,4107.6,0,0.0,59462558.70000001
2025-08-01 10:50:13 AM,4107.6,2,8215.2,59470773.90000001
2025-08-01 10:50:15 AM,4108.9,0,0.0,59470773.90000001
2025-08-01 10:50:15 AM,4106.4,13,53383.2,59524157.10000002
2025-08-01 10:50:17 AM,4106.5,0,0.0,59524157.10000002
2025-08-01 10:50:17 AM,4106.5,4,16426.0,59540583.10000002
2025-08-01 10:50:17 AM,4104.2,2,8208.4,59548791.500000015
2025-08-01 10:50:19 AM,4110.3,0,0.0,59548791.500000015
2025-08-01 10:50:19 AM,4110.3,9,36992.700000000004,59585784.20000002
2025-08-01 10:50:20 AM,4107.6,0,0.0,59585784.20000002
2025-08-01 10:50:20 AM,4107.6,12,49291.200000000004,59635075.40000002
2025-08-01 10:50:21 AM,4107.5,0,0.0,59635075.40000002
2025-08-01 10:50:21 AM,4107.5,13,53397.5,59688472.90000002
2025-08-01 10:50:21 AM,4106.2,0,0.0,59688472.90000002
2025-08-01 10:50:22 AM,4106.2,25,102655.0,59791127.90000002
2025-08-01 10:50:23 AM,4105.4,0,0.0,59791127.90000002
2025-08-01 10:50:23 AM,4105.4,14,57475.59999999999,59848603.50000002
2025-08-01 10:50:25 AM,4105.6,0,0.0,59848603.50000002
2025-08-01 10:50:25 AM,4105.6,6,24633.600000000002,59873237.100000024
2025-08-01 10:50:26 AM,4107.7,0,0.0,59873237.100000024
2025-08-01 10:50:26 AM,4107.7,13,53400.1,59926637.200000025
2025-08-01 10:50:27 AM,4110.6,0,0.0,59926637.200000025
2025-08-01 10:50:27 AM,4110.6,2,8221.2,59934858.40000003
2025-08-01 10:50:29 AM,4107.3,3,12321.900000000001,59947180.30000003
2025-08-01 10:50:29 AM,4109.9,0,0.0,59947180.30000003
2025-08-01 10:50:29 AM,4109.9,30,123296.99999999999,60070477.30000003
2025-08-01 10:50:30 AM,4109.2,12,49310.399999999994,60119787.700000025
2025-08-01 10:50:31 AM,4109.4,0,0.0,60119787.700000025
2025-08-01 10:50:31 AM,4109.4,1,4109.4,60123897.100000024
2025-08-01 10:50:32 AM,4106.5,5,20532.5,60144429.600000024
2025-08-01 10:50:34 AM,4112.4,10,41124.0,60185553.600000024
2025-08-01 10:50:37 AM,4116.2,0,0.0,60185553.600000024
2025-08-01 10:50:37 AM,4116.2,9,37045.799999999996,60222599.40000002
2025-08-01 10:50:39 AM,4112.1,0,0.0,60222599.40000002
2025-08-01 10:50:39 AM,4112.1,32,131587.2,60354186.600000024
2025-08-01 10:50:42 AM,4110.2,4,16440.8,60370627.40000002
2025-08-01 10:50:43 AM,4105.6,81,332553.60000000003,60703181.00000002
2025-08-01 10:50:43 AM,4104.6,0,0.0,60703181.00000002
2025-08-01 10:50:43 AM,4104.6,14,57464.40000000001,60760645.40000002
2025-08-01 10:50:45 AM,4105.8,0,0.0,60760645.40000002
2025-08-01 10:50:45 AM,4105.8,20,82116.0,60842761.40000002
2025-08-01 10:50:47 AM,4110.0,0,0.0,60842761.40000002
2025-08-01 10:50:47 AM,4110.0,19,78090.0,60920851.40000002
2025-08-01 10:50:49 AM,4111.2,0,0.0,60920851.40000002
2025-08-01 10:50:49 AM,4111.2,2,8222.4,60929073.80000002
2025-08-01 10:50:51 AM,4113.9,0,0.0,60929073.80000002
2025-08-01 10:50:51 AM,4113.9,26,106961.4,61036035.20000002
2025-08-01 10:50:52 AM,4114.1,0,0.0,61036035.20000002
2025-08-01 10:50:52 AM,4114.1,18,74053.8,61110089.000000015
2025-08-01 10:50:52 AM,4110.4,10,41104.0,61151193.000000015
2025-08-01 10:50:53 AM,4107.7,6,24646.199999999997,61175839.20000002
2025-08-01 10:50:54 AM,4114.1,0,0.0,61175839.20000002
2025-08-01 10:50:54 AM,4114.1,50,205705.00000000003,61381544.20000002
2025-08-01 10:50:56 AM,4118.7,0,0.0,61381544.20000002
2025-08-01 10:50:56 AM,4118.7,18,74136.59999999999,61455680.80000002
2025-08-01 10:50:57 AM,4110.7,57,234309.9,61689990.70000002
2025-08-01 10:50:58 AM,4107.8,1,4107.8,61694098.500000015
2025-08-01 10:51:00 AM,4108.1,0,0.0,61694098.500000015
2025-08-01 10:51:00 AM,4108.1,4,16432.4,61710530.90000001
2025-08-01 10:51:02 AM,4107.7,6,24646.199999999997,61735177.10000002
2025-08-01 10:51:03 AM,4104.6,5,20523.0,61755700.10000002
2025-08-01 10:51:04 AM,4110.4,0,0.0,61755700.10000002
2025-08-01 10:51:04 AM,4110.4,16,65766.4,61821466.500000015
2025-08-01 10:51:07 AM,4112.0,0,0.0,61821466.500000015
2025-08-01 10:51:07 AM,4112.0,10,41120.0,61862586.500000015
2025-08-01 10:51:09 AM,4114.3,0,0.0,61862586.500000015
2025-08-01 10:51:09 AM,4114.3,17,69943.1,61932529.60000002
2025-08-01 10:51:11 AM,4104.2,119,488399.8,62420929.40000001
2025-08-01 10:51:13 AM,4097.8,4,16391.2,62437320.60000002
2025-08-01 10:51:14 AM,4101.2,10,41012.0,62478332.60000002
2025-08-01 10:51:16 AM,4104.0,0,0.0,62478332.60000002
2025-08-01 10:51:16 AM,4104.0,10,41040.0,62519372.60000002
2025-08-01 10:51:17 AM,4104.0,10,41040.0,62560412.60000002
2025-08-01 10:51:19 AM,4105.1,0,0.0,62560412.60000002
2025-08-01 10:51:19 AM,4105.1,24,98522.40000000001,62658935.000000015
2025-08-01 10:51:20 AM,4106.1,16,65697.6,62724632.60000002
2025-08-01 10:51:22 AM,4103.9,44,180571.59999999998,62905204.20000002
2025-08-01 10:51:25 AM,4108.1,29,119134.90000000001,63024339.10000002
2025-08-01 10:51:27 AM,4109.6,0,0.0,63024339.10000002
2025-08-01 10:51:27 AM,4109.6,16,65753.6,63090092.70000002
2025-08-01 10:51:28 AM,4104.3,0,0.0,63090092.70000002
2025-08-01 10:51:28 AM,4104.3,65,266779.5,63356872.20000002
2025-08-01 10:51:29 AM,4102.6,3,12307.800000000001,63369180.000000015
2025-08-01 10:51:31 AM,4101.6,1,4101.6,63373281.60000002
2025-08-01 10:51:31 AM,4102.0,0,0.0,63373281.60000002
2025-08-01 10:51:32 AM,4102.0,10,41020.0,63414301.60000002
2025-08-01 10:51:33 AM,4103.3,0,0.0,63414301.60000002
2025-08-01 10:51:33 AM,4103.3,15,61549.5,63475851.10000002
2025-08-01 10:51:35 AM,4105.8,10,41058.0,63516909.10000002
2025-08-01 10:51:37 AM,4107.6,20,82152.0,63599061.10000002
2025-08-01 10:51:37 AM,4107.9,0,0.0,63599061.10000002
2025-08-01 10:51:37 AM,4107.9,16,65726.4,63664787.500000015
2025-08-01 10:51:38 AM,4110.4,0,0.0,63664787.500000015
2025-08-01 10:51:38 AM,4110.4,4,16441.6,63681229.10000002
2025-08-01 10:51:40 AM,4113.2,0,0.0,63681229.10000002
2025-08-01 10:51:40 AM,4113.2,6,24679.199999999997,63705908.30000002
2025-08-01 10:51:42 AM,4112.3,34,139818.2,63845726.50000002
2025-08-01 10:51:43 AM,4109.9,0,0.0,63845726.50000002
2025-08-01 10:51:43 AM,4109.9,1,4109.9,63849836.40000002
2025-08-01 10:51:46 AM,4111.5,0,0.0,63849836.40000002
2025-08-01 10:51:46 AM,4111.5,10,41115.0,63890951.40000002
2025-08-01 10:51:47 AM,4107.3,0,0.0,63890951.40000002
2025-08-01 10:51:47 AM,4109.9,95,390440.49999999994,64281391.90000002
2025-08-01 10:51:48 AM,4112.8,4,16451.2,64297843.100000024
2025-08-01 10:51:49 AM,4112.0,0,0.0,64297843.100000024
2025-08-01 10:51:49 AM,4112.0,5,20560.0,64318403.100000024
2025-08-01 10:51:51 AM,4115.7,0,0.0,64318403.100000024
2025-08-01 10:51:51 AM,4115.7,5,20578.5,64338981.600000024
2025-08-01 10:51:52 AM,4113.8,4,16455.2,64355436.80000003
2025-08-01 10:51:53 AM,4113.0,0,0.0,64355436.80000003
2025-08-01 10:51:53 AM,4113.0,41,168633.0,64524069.80000003
2025-08-01 10:51:55 AM,4112.0,7,28784.0,64552853.80000003
2025-08-01 10:51:57 AM,4107.5,15,61612.5,64614466.30000003
2025-08-01 10:51:59 AM,4104.2,0,0.0,64614466.30000003
2025-08-01 10:51:59 AM,4104.2,87,357065.39999999997,64971531.700000025
2025-08-01 10:52:00 AM,4104.2,1,4104.2,64975635.90000003
2025-08-01 10:52:02 AM,4099.2,5,20496.0,64996131.90000003
2025-08-01 10:52:05 AM,4096.6,109,446529.4,65442661.30000003
2025-08-01 10:52:06 AM,4088.0,42,171696.0,65614357.30000003
2025-08-01 10:52:07 AM,4090.2,0,0.0,65614357.30000003
2025-08-01 10:52:07 AM,4090.2,13,53172.6,65667529.90000003
2025-08-01 10:52:08 AM,4096.9,0,0.0,65667529.90000003
2025-08-01 10:52:08 AM,4096.9,29,118810.09999999999,65786340.00000003
2025-08-01 10:52:09 AM,4100.4,0,0.0,65786340.00000003
2025-08-01 10:52:09 AM,4100.4,1,4100.4,65790440.40000003
2025-08-01 10:52:10 AM,4096.3,0,0.0,65790440.40000003
2025-08-01 10:52:10 AM,4096.3,82,335896.60000000003,66126337.00000003
2025-08-01 10:52:10 AM,4096.1,2,8192.2,66134529.20000003
2025-08-01 10:52:11 AM,4098.8,0,0.0,66134529.20000003
2025-08-01 10:52:11 AM,4098.8,22,90173.6,66224702.800000034
2025-08-01 10:52:12 AM,4101.3,0,0.0,66224702.800000034
2025-08-01 10:52:12 AM,4101.3,9,36911.700000000004,66261614.50000004
2025-08-01 10:52:12 AM,4099.4,4,16397.6,66278012.10000004
2025-08-01 10:52:14 AM,4101.8,0,0.0,66278012.10000004
2025-08-01 10:52:14 AM,4101.8,4,16407.2,66294419.30000004
2025-08-01 10:52:23 AM,4100.4,4,16401.6,66310820.90000004
2025-08-01 10:52:24 AM,4099.8,4,16399.2,66327220.100000046
2025-08-01 10:52:32 AM,4097.2,5,20486.0,66347706.100000046
2025-08-01 10:52:42 AM,4096.8,0,0.0,66347706.100000046
2025-08-01 10:52:42 AM,4096.8,4,16387.2,66364093.30000005
2025-08-01 10:52:47 AM,4099.8,0,0.0,66364093.30000005
2025-08-01 10:52:47 AM,4099.8,1,4099.8,66368193.100000046
2025-08-01 10:52:52 AM,4097.5,0,0.0,66368193.100000046
2025-08-01 10:52:52 AM,4097.5,4,16390.0,66384583.100000046
2025-08-01 10:52:54 AM,4096.9,4,16387.6,66400970.70000005
2025-08-01 10:52:57 AM,4096.8,0,0.0,66400970.70000005
2025-08-01 10:52:57 AM,4096.8,5,20484.0,66421454.70000005
2025-08-01 10:52:59 AM,4099.8,0,0.0,66421454.70000005
2025-08-01 10:52:59 AM,4099.8,3,12299.400000000001,66433754.100000046
2025-08-01 10:53:03 AM,4095.3,5,20476.5,66454230.600000046
2025-08-01 10:53:12 AM,4093.0,4,16372.0,66470602.600000046
2025-08-01 10:53:22 AM,4091.2,4,16364.8,66486967.40000004
2025-08-01 10:53:32 AM,4088.8,5,20444.0,66507411.40000004
2025-08-01 10:53:42 AM,4086.6,4,16346.4,66523757.80000004
2025-08-01 10:53:52 AM,4083.3,11,44916.3,66568674.10000004
2025-08-01 10:54:03 AM,4081.3,0,0.0,66568674.10000004
2025-08-01 10:54:04 AM,4084.4,6,24506.4,66593180.50000004
2025-08-01 10:54:13 AM,4083.3,0,0.0,66593180.50000004
2025-08-01 10:54:15 AM,4083.3,9,36749.700000000004,66629930.20000004
2025-08-01 10:54:23 AM,4079.5,0,0.0,66629930.20000004
2025-08-01 10:54:26 AM,4079.5,4,16318.0,66646248.20000004
2025-08-01 10:54:34 AM,4077.4,0,0.0,66646248.20000004
2025-08-01 10:54:36 AM,4077.4,5,20387.0,66666635.20000004
2025-08-01 10:54:42 AM,4076.8,4,16307.2,66682942.40000004
2025-08-01 10:54:46 AM,4076.7,0,0.0,66682942.40000004
2025-08-01 10:54:47 AM,4076.7,1,4076.7,66687019.100000046
2025-08-01 10:54:52 AM,4075.1,7,28525.7,66715544.80000005
2025-08-01 10:55:18 AM,4077.7,14,57087.799999999996,66772632.600000046
2025-08-01 10:55:19 AM,4078.6,1,4078.6,66776711.20000005
2025-08-01 10:55:24 AM,4078.6,2,8157.2,66784868.40000005
2025-08-01 10:55:46 AM,4079.2,1,4079.2,66788947.60000005
2025-08-01 10:55:55 AM,4079.1,0,0.0,66788947.60000005
2025-08-01 10:55:55 AM,4079.2,0,0.0,66788947.60000005
2025-08-01 10:55:56 AM,4079.0,0,0.0,66788947.60000005
2025-08-01 10:55:56 AM,4079.0,8,32632.0,66821579.60000005
2025-08-01 10:56:01 AM,4078.9,0,0.0,66821579.60000005
2025-08-01 10:56:02 AM,4078.9,2,8157.8,66829737.40000005
2025-08-01 10:56:27 AM,4078.7,0,0.0,66829737.40000005
2025-08-01 10:56:28 AM,4078.7,1,4078.7,66833816.10000005
2025-08-01 10:56:33 AM,4078.7,3,12236.099999999999,66846052.200000055
2025-08-01 10:56:37 AM,4079.9,0,0.0,66846052.200000055
2025-08-01 10:56:38 AM,4079.3,25,101982.5,66948034.700000055
2025-08-01 10:56:49 AM,4080.4,0,0.0,66948034.700000055
2025-08-01 10:56:49 AM,4080.4,5,20402.0,66968436.700000055
2025-08-01 10:56:55 AM,4080.9,1,4080.9,66972517.60000005
2025-08-01 10:57:00 AM,4082.9,2,8165.8,66980683.40000005
2025-08-01 10:57:15 AM,4080.6,0,0.0,66980683.40000005
2025-08-01 10:57:15 AM,4080.6,1,4080.6,66984764.00000005
2025-08-01 10:57:39 AM,4079.3,0,0.0,66984764.00000005
2025-08-01 10:57:42 AM,4079.2,6,24475.199999999997,67009239.200000055
2025-08-01 10:57:47 AM,4080.0,0,0.0,67009239.200000055
2025-08-01 10:57:47 AM,4080.0,2,8160.0,67017399.200000055
2025-08-01 10:57:52 AM,4080.7,0,0.0,67017399.200000055
2025-08-01 10:57:52 AM,4080.7,2,8161.4,67025560.60000005
2025-08-01 10:57:53 AM,4080.0,1,4080.0,67029640.60000005
2025-08-01 10:57:57 AM,4078.8,0,0.0,67029640.60000005
2025-08-01 10:57:58 AM,4078.8,10,40788.0,67070428.60000005
2025-08-01 10:58:28 AM,4080.9,0,0.0,67070428.60000005
2025-08-01 10:58:30 AM,4080.9,29,118346.1,67188774.70000005
2025-08-01 10:58:34 AM,4080.6,0,0.0,67188774.70000005
2025-08-01 10:58:36 AM,4080.6,1,4080.6,67192855.30000004
2025-08-01 10:58:38 AM,4082.2,0,0.0,67192855.30000004
2025-08-01 10:58:41 AM,4082.2,3,12246.599999999999,67205101.90000004
2025-08-01 10:58:49 AM,4080.9,0,0.0,67205101.90000004
2025-08-01 10:58:52 AM,4080.9,3,12242.7,67217344.60000004
2025-08-01 10:59:07 AM,4082.6,0,0.0,67217344.60000004
2025-08-01 10:59:08 AM,4082.6,3,12247.8,67229592.40000004
2025-08-01 10:59:23 AM,4079.3,1,4079.3,67233671.70000003
2025-08-01 10:59:47 AM,4079.1,0,0.0,67233671.70000003
2025-08-01 10:59:49 AM,4079.1,2,8158.2,67241829.90000004
2025-08-01 10:59:52 AM,4078.8,0,0.0,67241829.90000004
2025-08-01 10:59:55 AM,4078.8,8,32630.4,67274460.30000004
2025-08-01 11:00:04 AM,4079.5,0,0.0,67274460.30000004
2025-08-01 11:00:06 AM,4079.5,2,8159.0,67282619.30000004
2025-08-01 11:00:18 AM,4080.6,2,8161.2,67290780.50000004
2025-08-01 11:00:23 AM,4081.6,1,4081.6,67294862.10000004
2025-08-01 11:00:29 AM,4081.5,0,0.0,67294862.10000004
2025-08-01 11:00:29 AM,4081.5,7,28570.5,67323432.60000004
2025-08-01 11:00:33 AM,4083.0,0,0.0,67323432.60000004
2025-08-01 11:00:34 AM,4081.3,2,8162.6,67331595.20000003
2025-08-01 11:00:54 AM,4081.2,0,0.0,67331595.20000003
2025-08-01 11:00:55 AM,4081.2,1,4081.2,67335676.40000004
2025-08-01 11:01:09 AM,4080.2,0,0.0,67335676.40000004
2025-08-01 11:01:11 AM,4080.2,2,8160.4,67343836.80000004
2025-08-01 11:01:26 AM,4080.1,0,0.0,67343836.80000004
2025-08-01 11:01:27 AM,4080.1,2,8160.2,67351997.00000004
2025-08-01 11:01:32 AM,4080.1,2,8160.2,67360157.20000005
2025-08-01 11:01:37 AM,4082.2,0,0.0,67360157.20000005
2025-08-01 11:01:37 AM,4082.2,1,4082.2,67364239.40000005
2025-08-01 11:01:43 AM,4082.2,1,4082.2,67368321.60000005
2025-08-01 11:01:44 AM,4085.1,0,0.0,67368321.60000005
2025-08-01 11:01:45 AM,4090.2,0,0.0,67368321.60000005
2025-08-01 11:01:47 AM,4089.8,0,0.0,67368321.60000005
2025-08-01 11:01:48 AM,4089.8,28,114514.40000000001,67482836.00000006
2025-08-01 11:01:54 AM,4093.3,5,20466.5,67503302.50000006
2025-08-01 11:02:12 AM,4090.1,0,0.0,67503302.50000006
2025-08-01 11:02:13 AM,4090.1,1,4090.1,67507392.60000005
2025-08-01 11:02:29 AM,4091.0,0,0.0,67507392.60000005
2025-08-01 11:02:31 AM,4091.0,2,8182.0,67515574.60000005
2025-08-01 11:02:52 AM,4090.4,0,0.0,67515574.60000005
2025-08-01 11:02:52 AM,4089.8,0,0.0,67515574.60000005
2025-08-01 11:02:53 AM,4089.8,9,36808.200000000004,67552382.80000006
2025-08-01 11:02:55 AM,4092.7,0,0.0,67552382.80000006
2025-08-01 11:02:58 AM,4092.7,1,4092.7,67556475.50000006
2025-08-01 11:03:11 AM,4089.9,0,0.0,67556475.50000006
2025-08-01 11:03:13 AM,4089.9,1,4089.9,67560565.40000007
2025-08-01 11:03:29 AM,4089.5,0,0.0,67560565.40000007
2025-08-01 11:03:30 AM,4089.5,1,4089.5,67564654.90000007
2025-08-01 11:03:46 AM,4089.8,0,0.0,67564654.90000007
2025-08-01 11:03:47 AM,4089.8,1,4089.8,67568744.70000006
2025-08-01 11:03:52 AM,4088.6,8,32708.8,67601453.50000006
2025-08-01 11:03:59 AM,4089.1,0,0.0,67601453.50000006
2025-08-01 11:04:00 AM,4089.1,2,8178.2,67609631.70000006
2025-08-01 11:04:12 AM,4091.3,0,0.0,67609631.70000006
2025-08-01 11:04:13 AM,4091.3,1,4091.3,67613723.00000006
2025-08-01 11:04:18 AM,4091.3,1,4091.3,67617814.30000006
2025-08-01 11:04:30 AM,4091.0,0,0.0,67617814.30000006
2025-08-01 11:04:31 AM,4091.0,1,4091.0,67621905.30000006
2025-08-01 11:04:34 AM,4089.3,0,0.0,67621905.30000006
2025-08-01 11:04:36 AM,4089.3,2,8178.6,67630083.90000005
2025-08-01 11:04:38 AM,4090.9,1,4090.9,67634174.80000006
2025-08-01 11:04:54 AM,4088.6,4,16354.4,67650529.20000006
2025-08-01 11:05:24 AM,4090.3,1,4090.3,67654619.50000006
2025-08-01 11:05:29 AM,4090.3,1,4090.3,67658709.80000006
2025-08-01 11:05:43 AM,4091.6,0,0.0,67658709.80000006
2025-08-01 11:05:46 AM,4094.1,116,474915.6,68133625.40000005
2025-08-01 11:05:52 AM,4097.3,0,0.0,68133625.40000005
2025-08-01 11:05:53 AM,4097.3,18,73751.40000000001,68207376.80000006
2025-08-01 11:06:12 AM,4097.3,100,409730.0,68617106.80000006
2025-08-01 11:06:15 AM,4097.7,0,0.0,68617106.80000006
2025-08-01 11:06:17 AM,4097.7,27,110637.9,68727744.70000006
2025-08-01 11:06:19 AM,4097.9,0,0.0,68727744.70000006
2025-08-01 11:06:23 AM,4097.9,2,8195.8,68735940.50000006
2025-08-01 11:06:29 AM,4100.0,0,0.0,68735940.50000006
2025-08-01 11:06:30 AM,4100.0,2,8200.0,68744140.50000006
2025-08-01 11:06:43 AM,4102.1,1,4102.1,68748242.60000005
2025-08-01 11:07:46 AM,4099.1,0,0.0,68748242.60000005
2025-08-01 11:07:48 AM,4099.1,1,4099.1,68752341.70000005
2025-08-01 11:07:52 AM,4097.3,0,0.0,68752341.70000005
2025-08-01 11:07:53 AM,4097.3,8,32778.4,68785120.10000005
2025-08-01 11:07:59 AM,4100.7,2,8201.4,68793321.50000006
2025-08-01 11:08:46 AM,4097.3,0,0.0,68793321.50000006
2025-08-01 11:08:46 AM,4097.3,1,4097.3,68797418.80000006
2025-08-01 11:08:54 AM,4094.3,115,470844.5,69268263.30000006
2025-08-01 11:08:56 AM,4096.4,0,0.0,69268263.30000006
2025-08-01 11:08:56 AM,4096.4,43,176145.19999999998,69444408.50000006
2025-08-01 11:08:59 AM,4094.1,1,4094.1,69448502.60000005
2025-08-01 11:09:05 AM,4094.0,0,0.0,69448502.60000005
2025-08-01 11:09:06 AM,4094.0,7,28658.0,69477160.60000005
2025-08-01 11:09:15 AM,4094.1,0,0.0,69477160.60000005
2025-08-01 11:09:17 AM,4094.1,1,4094.1,69481254.70000005
2025-08-01 11:10:31 AM,4093.4,1,4093.4,69485348.10000005
2025-08-01 11:10:52 AM,4091.2,0,0.0,69485348.10000005
2025-08-01 11:10:52 AM,4091.2,7,28638.399999999998,69513986.50000006
2025-08-01 11:11:45 AM,4091.7,0,0.0,69513986.50000006
2025-08-01 11:11:47 AM,4092.1,3,12276.3,69526262.80000006
2025-08-01 11:11:49 AM,4096.1,0,0.0,69526262.80000006
2025-08-01 11:11:52 AM,4096.1,25,102402.50000000001,69628665.30000006
2025-08-01 11:11:52 AM,4096.0,0,0.0,69628665.30000006
2025-08-01 11:11:52 AM,4096.0,7,28672.0,69657337.30000006
2025-08-01 11:11:54 AM,4099.3,0,0.0,69657337.30000006
2025-08-01 11:11:57 AM,4099.3,4,16397.2,69673734.50000006
2025-08-01 11:12:03 AM,4099.5,0,0.0,69673734.50000006
2025-08-01 11:12:07 AM,4099.5,1,4099.5,69677834.00000006
2025-08-01 11:13:03 AM,4099.1,0,0.0,69677834.00000006
2025-08-01 11:13:06 AM,4099.1,1,4099.1,69681933.10000005
2025-08-01 11:13:38 AM,4098.6,0,0.0,69681933.10000005
2025-08-01 11:13:39 AM,4098.6,2,8197.2,69690130.30000006
2025-08-01 11:13:51 AM,4097.3,0,0.0,69690130.30000006
2025-08-01 11:13:53 AM,4094.2,0,0.0,69690130.30000006
2025-08-01 11:13:54 AM,4094.2,6,24565.199999999997,69714695.50000006
2025-08-01 11:14:08 AM,4107.2,0,0.0,69714695.50000006
2025-08-01 11:14:11 AM,4107.2,114,468220.8,70182916.30000006
2025-08-01 11:14:17 AM,4113.1,22,90488.20000000001,70273404.50000006
2025-08-01 11:14:19 AM,4118.3,0,0.0,70273404.50000006
2025-08-01 11:14:22 AM,4119.2,0,0.0,70273404.50000006
2025-08-01 11:14:22 AM,4119.2,19,78264.8,70351669.30000006
2025-08-01 11:14:26 AM,4110.2,0,0.0,70351669.30000006
2025-08-01 11:14:26 AM,4105.7,0,0.0,70351669.30000006
2025-08-01 11:14:27 AM,4105.7,99,406464.3,70758133.60000005
2025-08-01 11:14:29 AM,4109.3,1,4109.3,70762242.90000005
2025-08-01 11:14:32 AM,4110.2,0,0.0,70762242.90000005
2025-08-01 11:14:33 AM,4112.0,14,57568.0,70819810.90000005
2025-08-01 11:14:43 AM,4111.9,2,8223.8,70828034.70000005
2025-08-01 11:15:36 AM,4110.6,0,0.0,70828034.70000005
2025-08-01 11:15:37 AM,4110.6,1,4110.6,70832145.30000004
2025-08-01 11:15:46 AM,4108.2,0,0.0,70832145.30000004
2025-08-01 11:15:47 AM,4108.2,1,4108.2,70836253.50000004
2025-08-01 11:15:52 AM,4105.8,0,0.0,70836253.50000004
2025-08-01 11:15:52 AM,4105.8,8,32846.4,70869099.90000005
2025-08-01 11:15:57 AM,4109.8,1,4109.8,70873209.70000005
2025-08-01 11:16:36 AM,4107.2,2,8214.4,70881424.10000005
2025-08-01 11:16:42 AM,4108.2,0,0.0,70881424.10000005
2025-08-01 11:16:45 AM,4108.2,7,28757.399999999998,70910181.50000006
2025-08-01 11:16:51 AM,4107.4,0,0.0,70910181.50000006
2025-08-01 11:16:51 AM,4107.4,1,4107.4,70914288.90000007
2025-08-01 11:16:52 AM,4105.4,0,0.0,70914288.90000007
2025-08-01 11:16:55 AM,4105.4,7,28737.799999999996,70943026.70000006
2025-08-01 11:17:45 AM,4104.2,1,4104.2,70947130.90000007
2025-08-01 11:17:53 AM,4103.7,0,0.0,70947130.90000007
2025-08-01 11:17:54 AM,4103.7,7,28725.899999999998,70975856.80000007
2025-08-01 11:18:08 AM,4106.1,0,0.0,70975856.80000007
2025-08-01 11:18:10 AM,4106.1,1,4106.1,70979962.90000007
2025-08-01 11:18:13 AM,4105.2,0,0.0,70979962.90000007
2025-08-01 11:18:16 AM,4105.2,2,8210.4,70988173.30000007
2025-08-01 11:18:52 AM,4103.2,0,0.0,70988173.30000007
2025-08-01 11:18:56 AM,4105.2,7,28736.399999999998,71016909.70000008
2025-08-01 11:19:05 AM,4108.8,0,0.0,71016909.70000008
2025-08-01 11:19:07 AM,4108.8,30,123264.0,71140173.70000008
2025-08-01 11:19:09 AM,4115.0,0,0.0,71140173.70000008
2025-08-01 11:19:13 AM,4115.0,5,20575.0,71160748.70000008
2025-08-01 11:19:18 AM,4115.0,1,4115.0,71164863.70000008
2025-08-01 11:19:24 AM,4114.0,1,4114.0,71168977.70000008
2025-08-01 11:19:40 AM,4114.0,6,24684.0,71193661.70000008
2025-08-01 11:19:45 AM,4114.0,1,4114.0,71197775.70000008
2025-08-01 11:20:10 AM,4112.3,0,0.0,71197775.70000008
2025-08-01 11:20:12 AM,4112.3,1,4112.3,71201888.00000007
2025-08-01 11:20:17 AM,4112.3,1,4112.3,71206000.30000007
2025-08-01 11:20:39 AM,4113.6,0,0.0,71206000.30000007
2025-08-01 11:20:43 AM,4112.3,0,0.0,71206000.30000007
2025-08-01 11:20:43 AM,4112.3,3,12336.900000000001,71218337.20000008
2025-08-01 11:20:49 AM,4112.3,1,4112.3,71222449.50000007
2025-08-01 11:20:53 AM,4110.8,0,0.0,71222449.50000007
2025-08-01 11:20:53 AM,4110.8,8,32886.4,71255335.90000008
2025-08-01 11:20:55 AM,4113.1,0,0.0,71255335.90000008
2025-08-01 11:20:59 AM,4113.1,1,4113.1,71259449.00000007
2025-08-01 11:21:20 AM,4111.3,1,4111.3,71263560.30000007
2025-08-01 11:21:31 AM,4112.7,1,4112.7,71267673.00000007
2025-08-01 11:21:52 AM,4110.3,7,28772.100000000002,71296445.10000007
2025-08-01 11:21:54 AM,4112.4,0,0.0,71296445.10000007
2025-08-01 11:21:56 AM,4112.4,3,12337.199999999999,71308782.30000007
2025-08-01 11:22:06 AM,4114.0,94,386716.0,71695498.30000007
2025-08-01 11:22:09 AM,4120.6,0,0.0,71695498.30000007
2025-08-01 11:22:12 AM,4120.6,97,399698.2,72095196.50000007
2025-08-01 11:22:13 AM,4122.9,1,4122.9,72099319.40000008
2025-08-01 11:22:16 AM,4116.1,0,0.0,72099319.40000008
2025-08-01 11:22:17 AM,4121.8,0,0.0,72099319.40000008
2025-08-01 11:22:17 AM,4121.8,212,873821.6000000001,72973141.00000007
2025-08-01 11:22:27 AM,4124.1,0,0.0,72973141.00000007
2025-08-01 11:22:28 AM,4122.3,0,0.0,72973141.00000007
2025-08-01 11:22:28 AM,4122.3,13,53589.9,73026730.90000008
2025-08-01 11:22:29 AM,4126.2,0,0.0,73026730.90000008
2025-08-01 11:22:34 AM,4126.2,26,107281.2,73134012.10000008
2025-08-01 11:23:11 AM,4126.9,0,0.0,73134012.10000008
2025-08-01 11:23:16 AM,4126.9,1,4126.9,73138139.00000009
2025-08-01 11:23:38 AM,4125.0,0,0.0,73138139.00000009
2025-08-01 11:23:42 AM,4125.0,2,8250.0,73146389.00000009
2025-08-01 11:23:45 AM,4123.1,0,0.0,73146389.00000009
2025-08-01 11:23:47 AM,4123.1,1,4123.1,73150512.10000008
2025-08-01 11:23:49 AM,4124.8,0,0.0,73150512.10000008
2025-08-01 11:23:52 AM,4124.8,4,16499.2,73167011.30000009
2025-08-01 11:23:52 AM,4122.2,0,0.0,73167011.30000009
2025-08-01 11:23:54 AM,4122.0,0,0.0,73167011.30000009
2025-08-01 11:23:56 AM,4122.0,8,32976.0,73199987.30000009
2025-08-01 11:23:58 AM,4124.7,0,0.0,73199987.30000009
2025-08-01 11:24:01 AM,4124.7,1,4124.7,73204112.00000009
2025-08-01 11:24:24 AM,4123.0,0,0.0,73204112.00000009
2025-08-01 11:24:26 AM,4124.2,0,0.0,73204112.00000009
2025-08-01 11:24:28 AM,4124.2,27,111353.4,73315465.4000001
2025-08-01 11:24:32 AM,4124.7,0,0.0,73315465.4000001
2025-08-01 11:24:33 AM,4124.7,2,8249.4,73323714.8000001
2025-08-01 11:24:42 AM,4122.6,0,0.0,73323714.8000001
2025-08-01 11:24:43 AM,4122.6,1,4122.6,73327837.4000001
2025-08-01 11:24:52 AM,4122.5,0,0.0,73327837.4000001
2025-08-01 11:24:54 AM,4122.5,1,4122.5,73331959.9000001
2025-08-01 11:24:59 AM,4122.7,0,0.0,73331959.9000001
2025-08-01 11:25:00 AM,4122.7,3,12368.099999999999,73344328.00000009
2025-08-01 11:25:29 AM,4117.6,0,0.0,73344328.00000009
2025-08-01 11:25:31 AM,4117.6,50,205880.00000000003,73550208.00000009
2025-08-01 11:25:34 AM,4122.0,0,0.0,73550208.00000009
2025-08-01 11:25:36 AM,4122.0,8,32976.0,73583184.00000009
2025-08-01 11:25:40 AM,4121.7,0,0.0,73583184.00000009
2025-08-01 11:25:41 AM,4122.4,0,0.0,73583184.00000009
2025-08-01 11:25:41 AM,4122.4,2,8244.8,73591428.80000009
2025-08-01 11:25:46 AM,4124.7,0,0.0,73591428.80000009
2025-08-01 11:25:46 AM,4124.7,51,210359.69999999998,73801788.50000009
2025-08-01 11:25:49 AM,4125.6,0,0.0,73801788.50000009
2025-08-01 11:25:52 AM,4125.6,7,28879.200000000004,73830667.70000009
2025-08-01 11:25:59 AM,4127.1,0,0.0,73830667.70000009
2025-08-01 11:26:01 AM,4127.1,9,37143.9,73867811.6000001
2025-08-01 11:26:18 AM,4125.0,1,4125.0,73871936.6000001
2025-08-01 11:26:43 AM,4125.0,2,8250.0,73880186.6000001
2025-08-01 11:26:59 AM,4124.8,1,4124.8,73884311.4000001
2025-08-01 11:27:07 AM,4124.7,0,0.0,73884311.4000001
2025-08-01 11:27:08 AM,4124.7,4,16498.8,73900810.20000009
2025-08-01 11:27:10 AM,4124.6,0,0.0,73900810.20000009
2025-08-01 11:27:12 AM,4124.6,2,8249.2,73909059.4000001
2025-08-01 11:27:35 AM,4124.0,2,8248.0,73917307.4000001
2025-08-01 11:27:46 AM,4124.0,1,4124.0,73921431.4000001
2025-08-01 11:28:15 AM,4124.5,1,4124.5,73925555.9000001
2025-08-01 11:28:23 AM,4124.4,0,0.0,73925555.9000001
2025-08-01 11:28:26 AM,4124.4,1,4124.4,73929680.3000001
2025-08-01 11:28:30 AM,4124.3,0,0.0,73929680.3000001
2025-08-01 11:28:30 AM,4124.3,1,4124.3,73933804.6000001
2025-08-01 11:28:33 AM,4124.0,0,0.0,73933804.6000001
2025-08-01 11:28:36 AM,4124.0,2,8248.0,73942052.6000001
2025-08-01 11:28:52 AM,4122.5,0,0.0,73942052.6000001
2025-08-01 11:28:53 AM,4122.5,5,20612.5,73962665.1000001
2025-08-01 11:29:11 AM,4122.2,1,4122.2,73966787.3000001
2025-08-01 11:29:32 AM,4122.2,7,28855.399999999998,73995642.7000001
2025-08-01 11:29:35 AM,4122.2,1,4122.2,73999764.90000011
2025-08-01 11:29:39 AM,4120.0,0,0.0,73999764.90000011
2025-08-01 11:29:40 AM,4120.0,8,32960.0,74032724.90000011
2025-08-01 11:29:58 AM,4120.0,22,90640.0,74123364.90000011
2025-08-01 11:30:02 AM,4122.1,0,0.0,74123364.90000011
2025-08-01 11:30:03 AM,4122.1,3,12366.300000000001,74135731.2000001
2025-08-01 11:30:46 AM,4120.6,0,0.0,74135731.2000001
2025-08-01 11:30:47 AM,4120.6,1,4120.6,74139851.8000001
2025-08-01 11:30:48 AM,4121.5,0,0.0,74139851.8000001
2025-08-01 11:30:49 AM,4121.5,1,4121.5,74143973.3000001
2025-08-01 11:30:51 AM,4119.7,1,4119.7,74148093.0000001
2025-08-01 11:30:52 AM,4119.5,0,0.0,74148093.0000001
2025-08-01 11:30:53 AM,4119.5,6,24717.0,74172810.0000001
2025-08-01 11:31:20 AM,4126.6,0,0.0,74172810.0000001
2025-08-01 11:31:23 AM,4126.6,203,837699.8,75010509.8000001
2025-08-01 11:31:25 AM,4128.8,16,66060.8,75076570.6000001
2025-08-01 11:31:26 AM,4131.4,0,0.0,75076570.6000001
2025-08-01 11:31:28 AM,4131.4,65,268541.0,75345111.6000001
2025-08-01 11:31:40 AM,4131.4,18,74365.2,75419476.8000001
2025-08-01 11:31:42 AM,4131.0,0,0.0,75419476.8000001
2025-08-01 11:31:43 AM,4131.0,1,4131.0,75423607.8000001
2025-08-01 11:32:03 AM,4130.8,1,4130.8,75427738.6000001
2025-08-01 11:32:31 AM,4128.9,0,0.0,75427738.6000001
2025-08-01 11:32:32 AM,4128.9,1,4128.9,75431867.5000001
2025-08-01 11:32:32 AM,4129.0,0,0.0,75431867.5000001
2025-08-01 11:32:35 AM,4129.0,30,123870.0,75555737.5000001
2025-08-01 11:32:47 AM,4129.7,129,532731.2999999999,76088468.8000001
2025-08-01 11:32:48 AM,4128.3,0,0.0,76088468.8000001
2025-08-01 11:32:49 AM,4125.2,0,0.0,76088468.8000001
2025-08-01 11:32:50 AM,4124.6,23,94865.8,76183334.6000001
2025-08-01 11:32:52 AM,4125.1,10,41251.0,76224585.6000001
2025-08-01 11:32:54 AM,4124.7,0,0.0,76224585.6000001
2025-08-01 11:32:55 AM,4127.5,0,0.0,76224585.6000001
2025-08-01 11:32:56 AM,4127.5,21,86677.5,76311263.1000001
2025-08-01 11:33:19 AM,4128.7,0,0.0,76311263.1000001
2025-08-01 11:33:21 AM,4127.5,0,0.0,76311263.1000001
2025-08-01 11:33:22 AM,4127.5,18,74295.0,76385558.1000001
2025-08-01 11:33:24 AM,4127.6,0,0.0,76385558.1000001
2025-08-01 11:33:27 AM,4127.6,8,33020.8,76418578.9000001
2025-08-01 11:33:46 AM,4125.6,0,0.0,76418578.9000001
2025-08-01 11:33:47 AM,4125.6,14,57758.40000000001,76476337.3000001
2025-08-01 11:33:54 AM,4126.5,0,0.0,76476337.3000001
2025-08-01 11:33:57 AM,4126.5,2,8253.0,76484590.3000001
2025-08-01 11:34:34 AM,4123.6,0,0.0,76484590.3000001
2025-08-01 11:34:38 AM,4123.6,37,152573.2,76637163.5000001
2025-08-01 11:34:44 AM,4123.5,5,20617.5,76657781.0000001
2025-08-01 11:34:54 AM,4122.7,2,8245.4,76666026.40000011
2025-08-01 11:34:58 AM,4117.7,0,0.0,76666026.40000011
2025-08-01 11:34:59 AM,4117.7,156,642361.2,77308387.60000011
2025-08-01 11:35:06 AM,4122.4,0,0.0,77308387.60000011
2025-08-01 11:35:08 AM,4122.8,0,0.0,77308387.60000011
2025-08-01 11:35:10 AM,4122.8,7,28859.600000000002,77337247.2000001
2025-08-01 11:35:10 AM,4123.8,2,8247.6,77345494.8000001
2025-08-01 11:35:12 AM,4125.8,0,0.0,77345494.8000001
2025-08-01 11:35:15 AM,4125.8,15,61887.0,77407381.8000001
2025-08-01 11:35:29 AM,4128.5,0,0.0,77407381.8000001
2025-08-01 11:35:32 AM,4128.5,1,4128.5,77411510.3000001
2025-08-01 11:35:52 AM,4128.3,0,0.0,77411510.3000001
2025-08-01 11:35:52 AM,4128.3,1,4128.3,77415638.6000001
2025-08-01 11:36:52 AM,4123.6,0,0.0,77415638.6000001
2025-08-01 11:36:54 AM,4123.6,7,28865.200000000004,77444503.8000001
2025-08-01 11:37:07 AM,4126.9,0,0.0,77444503.8000001
2025-08-01 11:37:10 AM,4126.9,1,4126.9,77448630.7000001
2025-08-01 11:37:45 AM,4124.1,0,0.0,77448630.7000001
2025-08-01 11:37:47 AM,4124.1,1,4124.1,77452754.8000001
2025-08-01 11:37:52 AM,4123.1,7,28861.700000000004,77481616.5000001
2025-08-01 11:38:06 AM,4126.8,0,0.0,77481616.5000001
2025-08-01 11:38:07 AM,4126.8,1,4126.8,77485743.3000001
2025-08-01 11:38:07 AM,4123.4,0,0.0,77485743.3000001
2025-08-01 11:38:07 AM,4123.4,1,4123.4,77489866.7000001
2025-08-01 11:38:23 AM,4126.6,0,0.0,77489866.7000001
2025-08-01 11:38:27 AM,4126.6,1,4126.6,77493993.3000001
2025-08-01 11:38:52 AM,4123.0,6,24738.0,77518731.3000001
2025-08-01 11:39:12 AM,4124.3,1,4124.3,77522855.6000001
2025-08-01 11:39:16 AM,4125.3,0,0.0,77522855.6000001
2025-08-01 11:39:17 AM,4125.3,1,4125.3,77526980.9000001
2025-08-01 11:39:32 AM,4124.3,0,0.0,77526980.9000001
2025-08-01 11:39:32 AM,4124.3,7,28870.100000000002,77555851.00000009
2025-08-01 11:39:34 AM,4119.3,6,24715.800000000003,77580566.80000009
2025-08-01 11:39:34 AM,4116.1,0,0.0,77580566.80000009
2025-08-01 11:39:38 AM,4116.1,1,4116.1,77584682.90000008
2025-08-01 11:39:40 AM,4117.0,1,4117.0,77588799.90000008
2025-08-01 11:39:52 AM,4113.1,0,0.0,77588799.90000008
2025-08-01 11:39:55 AM,4113.1,7,28791.700000000004,77617591.60000008
2025-08-01 11:40:35 AM,4113.1,1,4113.1,77621704.70000008
2025-08-01 11:40:45 AM,4113.1,1,4113.1,77625817.80000007
2025-08-01 11:40:52 AM,4111.6,0,0.0,77625817.80000007
2025-08-01 11:40:53 AM,4117.8,0,0.0,77625817.80000007
2025-08-01 11:40:56 AM,4119.3,46,189487.80000000002,77815305.60000007
2025-08-01 11:40:59 AM,4121.6,0,0.0,77815305.60000007
2025-08-01 11:41:01 AM,4121.3,9,37091.700000000004,77852397.30000007
2025-08-01 11:41:01 AM,4124.9,0,0.0,77852397.30000007
2025-08-01 11:41:01 AM,4124.9,1,4124.9,77856522.20000008
2025-08-01 11:41:09 AM,4124.7,0,0.0,77856522.20000008
2025-08-01 11:41:11 AM,4124.7,1,4124.7,77860646.90000008
2025-08-01 11:41:18 AM,4118.8,0,0.0,77860646.90000008
2025-08-01 11:41:21 AM,4118.8,35,144158.0,78004804.90000008
2025-08-01 11:41:26 AM,4123.1,7,28861.700000000004,78033666.60000008
2025-08-01 11:41:29 AM,4122.3,0,0.0,78033666.60000008
2025-08-01 11:41:31 AM,4122.3,3,12366.900000000001,78046033.50000009
2025-08-01 11:41:40 AM,4122.2,0,0.0,78046033.50000009
2025-08-01 11:41:41 AM,4122.2,2,8244.4,78054277.9000001
2025-08-01 11:42:11 AM,4121.7,0,0.0,78054277.9000001
2025-08-01 11:42:12 AM,4121.7,1,4121.7,78058399.6000001
2025-08-01 11:42:24 AM,4116.1,0,0.0,78058399.6000001
2025-08-01 11:42:27 AM,4116.0,85,349860.0,78408259.6000001
2025-08-01 11:42:30 AM,4120.0,0,0.0,78408259.6000001
2025-08-01 11:42:32 AM,4119.6,0,0.0,78408259.6000001
2025-08-01 11:42:32 AM,4119.6,25,102990.00000000001,78511249.6000001
2025-08-01 11:42:41 AM,4120.1,0,0.0,78511249.6000001
2025-08-01 11:42:43 AM,4120.1,6,24720.600000000002,78535970.20000009
2025-08-01 11:42:47 AM,4119.9,0,0.0,78535970.20000009
2025-08-01 11:42:48 AM,4119.9,2,8239.8,78544210.00000009
2025-08-01 11:42:54 AM,4119.9,1,4119.9,78548329.9000001
2025-08-01 11:43:00 AM,4119.8,0,0.0,78548329.9000001
2025-08-01 11:43:04 AM,4119.8,1,4119.8,78552449.70000009
2025-08-01 11:43:19 AM,4118.3,0,0.0,78552449.70000009
2025-08-01 11:43:20 AM,4118.3,1,4118.3,78556568.00000009
2025-08-01 11:43:28 AM,4119.5,0,0.0,78556568.00000009
2025-08-01 11:43:31 AM,4119.5,1,4119.5,78560687.50000009
2025-08-01 11:43:52 AM,4117.8,0,0.0,78560687.50000009
2025-08-01 11:43:57 AM,4117.8,1,4117.8,78564805.30000009
2025-08-01 11:44:28 AM,4114.3,0,0.0,78564805.30000009
2025-08-01 11:44:31 AM,4117.6,0,0.0,78564805.30000009
2025-08-01 11:44:31 AM,4117.6,24,98822.40000000001,78663627.70000009
2025-08-01 11:44:37 AM,4118.2,0,0.0,78663627.70000009
2025-08-01 11:44:37 AM,4118.2,2,8236.4,78671864.1000001
2025-08-01 11:44:40 AM,4118.1,0,0.0,78671864.1000001
2025-08-01 11:44:43 AM,4118.1,1,4118.1,78675982.20000009
2025-08-01 11:44:48 AM,4118.1,1,4118.1,78680100.30000009
2025-08-01 11:44:52 AM,4115.7,0,0.0,78680100.30000009
2025-08-01 11:44:54 AM,4115.7,1,4115.7,78684216.00000009
2025-08-01 11:45:07 AM,4113.1,0,0.0,78684216.00000009
2025-08-01 11:45:09 AM,4113.1,50,205655.00000000003,78889871.00000009
2025-08-01 11:45:10 AM,4116.7,0,0.0,78889871.00000009
2025-08-01 11:45:12 AM,4117.8,0,0.0,78889871.00000009
2025-08-01 11:45:15 AM,4117.8,82,337659.60000000003,79227530.60000008
2025-08-01 11:45:20 AM,4120.0,0,0.0,79227530.60000008
2025-08-01 11:45:20 AM,4120.0,12,49440.0,79276970.60000008
2025-08-01 11:45:22 AM,4115.7,0,0.0,79276970.60000008
2025-08-01 11:45:23 AM,4116.2,0,0.0,79276970.60000008
2025-08-01 11:45:25 AM,4116.2,29,119369.79999999999,79396340.40000008
2025-08-01 11:45:29 AM,4118.6,0,0.0,79396340.40000008
2025-08-01 11:45:31 AM,4118.6,8,32948.8,79429289.20000008
2025-08-01 11:45:36 AM,4118.5,0,0.0,79429289.20000008
2025-08-01 11:45:36 AM,4118.5,2,8237.0,79437526.20000008
2025-08-01 11:45:41 AM,4118.5,1,4118.5,79441644.70000008
2025-08-01 11:45:57 AM,4116.2,0,0.0,79441644.70000008
2025-08-01 11:45:58 AM,4116.2,2,8232.4,79449877.10000008
2025-08-01 11:45:59 AM,4118.1,0,0.0,79449877.10000008
2025-08-01 11:46:00 AM,4118.0,0,0.0,79449877.10000008
2025-08-01 11:46:03 AM,4118.0,2,8236.0,79458113.10000008
2025-08-01 11:46:27 AM,4111.8,0,0.0,79458113.10000008
2025-08-01 11:46:28 AM,4113.0,0,0.0,79458113.10000008
2025-08-01 11:46:29 AM,4113.0,40,164520.0,79622633.10000008
2025-08-01 11:46:30 AM,4115.6,0,0.0,79622633.10000008
2025-08-01 11:46:33 AM,4115.4,0,0.0,79622633.10000008
2025-08-01 11:46:34 AM,4115.4,9,37038.6,79659671.70000008
2025-08-01 11:46:40 AM,4116.3,1,4116.3,79663788.00000007
2025-08-01 11:46:43 AM,4116.4,0,0.0,79663788.00000007
2025-08-01 11:46:45 AM,4116.4,1,4116.4,79667904.40000008
2025-08-01 11:46:50 AM,4116.2,0,0.0,79667904.40000008
2025-08-01 11:46:50 AM,4116.2,1,4116.2,79672020.60000008
2025-08-01 11:47:03 AM,4120.0,0,0.0,79672020.60000008
2025-08-01 11:47:06 AM,4120.0,207,852840.0,80524860.60000008
2025-08-01 11:47:10 AM,4121.0,0,0.0,80524860.60000008
2025-08-01 11:47:11 AM,4121.0,53,218413.0,80743273.60000008
2025-08-01 11:47:12 AM,4122.2,0,0.0,80743273.60000008
2025-08-01 11:47:15 AM,4126.4,0,0.0,80743273.60000008
2025-08-01 11:47:16 AM,4126.4,14,57769.59999999999,80801043.20000008
2025-08-01 11:47:17 AM,4128.5,1,4128.5,80805171.70000008
2025-08-01 11:47:20 AM,4129.0,0,0.0,80805171.70000008
2025-08-01 11:47:21 AM,4129.0,10,41290.0,80846461.70000008
2025-08-01 11:47:22 AM,4129.4,0,0.0,80846461.70000008
2025-08-01 11:47:22 AM,4129.4,3,12388.199999999999,80858849.90000008
2025-08-01 11:47:27 AM,4129.4,2,8258.8,80867108.70000008
2025-08-01 11:47:31 AM,4129.2,0,0.0,80867108.70000008
2025-08-01 11:47:32 AM,4129.2,2,8258.4,80875367.10000008
2025-08-01 11:47:57 AM,4128.9,0,0.0,80875367.10000008
2025-08-01 11:47:57 AM,4128.9,3,12386.699999999999,80887753.80000009
2025-08-01 11:48:00 AM,4128.8,0,0.0,80887753.80000009
2025-08-01 11:48:03 AM,4128.7,2,8257.4,80896011.20000009
2025-08-01 11:48:07 AM,4125.2,0,0.0,80896011.20000009
2025-08-01 11:48:08 AM,4125.2,1,4125.2,80900136.4000001
2025-08-01 11:48:27 AM,4124.0,0,0.0,80900136.4000001
2025-08-01 11:48:27 AM,4124.0,18,74232.0,80974368.4000001
2025-08-01 11:48:29 AM,4127.8,0,0.0,80974368.4000001
2025-08-01 11:48:31 AM,4128.0,0,0.0,80974368.4000001
2025-08-01 11:48:32 AM,4128.0,5,20640.0,80995008.4000001
2025-08-01 11:48:34 AM,4127.9,0,0.0,80995008.4000001
2025-08-01 11:48:37 AM,4127.9,1,4127.9,80999136.3000001
2025-08-01 11:48:40 AM,4127.8,0,0.0,80999136.3000001
2025-08-01 11:48:43 AM,4127.8,1,4127.8,81003264.1000001
2025-08-01 11:48:53 AM,4123.9,0,0.0,81003264.1000001
2025-08-01 11:48:58 AM,4123.9,4,16495.6,81019759.70000009
2025-08-01 11:49:01 AM,4123.8,0,0.0,81019759.70000009
2025-08-01 11:49:01 AM,4127.2,0,0.0,81019759.70000009
2025-08-01 11:49:03 AM,4127.2,5,20636.0,81040395.70000009
2025-08-01 11:49:24 AM,4127.2,3,12381.599999999999,81052777.30000009
2025-08-01 11:49:27 AM,4123.0,0,0.0,81052777.30000009
2025-08-01 11:49:29 AM,4123.0,18,74214.0,81126991.30000009
2025-08-01 11:49:32 AM,4127.2,0,0.0,81126991.30000009
2025-08-01 11:49:35 AM,4126.7,3,12380.099999999999,81139371.40000008
2025-08-01 11:49:45 AM,4126.7,1,4126.7,81143498.10000008
2025-08-01 11:49:50 AM,4126.7,2,8253.4,81151751.50000009
2025-08-01 11:50:01 AM,4125.5,4,16502.0,81168253.50000009
2025-08-01 11:50:02 AM,4126.7,0,0.0,81168253.50000009
2025-08-01 11:50:03 AM,4123.7,0,0.0,81168253.50000009
2025-08-01 11:50:05 AM,4123.7,4,16494.8,81184748.30000009
2025-08-01 11:50:11 AM,4126.7,1,4126.7,81188875.00000009
2025-08-01 11:50:27 AM,4122.2,16,65955.2,81254830.20000009
2025-08-01 11:50:31 AM,4125.6,0,0.0,81254830.20000009
2025-08-01 11:50:32 AM,4126.0,4,16504.0,81271334.20000009
2025-08-01 11:50:42 AM,4126.0,1,4126.0,81275460.20000009
2025-08-01 11:50:45 AM,4123.4,0,0.0,81275460.20000009
2025-08-01 11:50:46 AM,4123.4,1,4123.4,81279583.6000001
2025-08-01 11:51:01 AM,4125.6,1,4125.6,81283709.20000009
2025-08-01 11:51:01 AM,4122.4,0,0.0,81283709.20000009
2025-08-01 11:51:01 AM,4122.4,5,20612.0,81304321.20000009
2025-08-01 11:51:03 AM,4125.1,0,0.0,81304321.20000009
2025-08-01 11:51:06 AM,4125.1,1,4125.1,81308446.30000009
2025-08-01 11:51:11 AM,4125.2,0,0.0,81308446.30000009
2025-08-01 11:51:11 AM,4125.2,1,4125.2,81312571.50000009
2025-08-01 11:51:27 AM,4121.6,0,0.0,81312571.50000009
2025-08-01 11:51:30 AM,4121.6,21,86553.6,81399125.10000008
2025-08-01 11:51:31 AM,4127.6,0,0.0,81399125.10000008
2025-08-01 11:51:35 AM,4129.1,42,173422.2,81572547.30000009
2025-08-01 11:51:42 AM,4129.2,0,0.0,81572547.30000009
2025-08-01 11:51:45 AM,4129.2,7,28904.399999999998,81601451.70000009
2025-08-01 11:51:46 AM,4129.1,1,4129.1,81605580.80000009
2025-08-01 11:51:49 AM,4129.7,0,0.0,81605580.80000009
2025-08-01 11:51:51 AM,4129.7,1,4129.7,81609710.50000009
2025-08-01 11:51:51 AM,4129.9,1,4129.9,81613840.4000001
2025-08-01 11:51:52 AM,4129.7,0,0.0,81613840.4000001
2025-08-01 11:51:56 AM,4129.7,2,8259.4,81622099.8000001
2025-08-01 11:52:00 AM,4129.7,1,4129.7,81626229.5000001
2025-08-01 11:52:01 AM,4129.8,1,4129.8,81630359.3000001
2025-08-01 11:52:12 AM,4129.7,0,0.0,81630359.3000001
2025-08-01 11:52:16 AM,4129.7,2,8259.4,81638618.7000001
2025-08-01 11:52:21 AM,4129.7,1,4129.7,81642748.40000011
2025-08-01 11:52:41 AM,4129.7,1,4129.7,81646878.10000011
2025-08-01 11:52:44 AM,4133.7,0,0.0,81646878.10000011
2025-08-01 11:52:46 AM,4138.8,179,740845.2000000001,82387723.30000012
2025-08-01 11:52:52 AM,4134.4,6,24806.399999999998,82412529.70000012
2025-08-01 11:53:04 AM,4136.5,0,0.0,82412529.70000012
2025-08-01 11:53:06 AM,4136.5,29,119958.5,82532488.20000012
2025-08-01 11:53:36 AM,4137.1,0,0.0,82532488.20000012
2025-08-01 11:53:37 AM,4137.1,1,4137.1,82536625.30000012
2025-08-01 11:54:07 AM,4137.1,4,16548.4,82553173.70000012
2025-08-01 11:54:08 AM,4137.1,1,4137.1,82557310.80000012
2025-08-01 11:54:22 AM,4136.8,0,0.0,82557310.80000012
2025-08-01 11:54:23 AM,4136.8,1,4136.8,82561447.60000011
2025-08-01 11:54:27 AM,4132.4,0,0.0,82561447.60000011
2025-08-01 11:54:28 AM,4132.4,20,82648.0,82644095.60000011
2025-08-01 11:54:51 AM,4136.5,0,0.0,82644095.60000011
2025-08-01 11:54:52 AM,4133.0,0,0.0,82644095.60000011
2025-08-01 11:54:53 AM,4133.0,6,24798.0,82668893.60000011
2025-08-01 11:55:03 AM,4135.5,0,0.0,82668893.60000011
2025-08-01 11:55:03 AM,4135.5,4,16542.0,82685435.60000011
2025-08-01 11:55:27 AM,4130.4,0,0.0,82685435.60000011
2025-08-01 11:55:29 AM,4130.4,18,74347.2,82759782.80000012
2025-08-01 11:55:40 AM,4132.2,0,0.0,82759782.80000012
2025-08-01 11:55:43 AM,4132.2,2,8264.4,82768047.20000012
2025-08-01 11:55:45 AM,4131.2,0,0.0,82768047.20000012
2025-08-01 11:55:47 AM,4132.0,0,0.0,82768047.20000012
2025-08-01 11:55:48 AM,4132.0,4,16528.0,82784575.20000012
2025-08-01 11:55:52 AM,4129.0,0,0.0,82784575.20000012
2025-08-01 11:55:53 AM,4129.0,5,20645.0,82805220.20000012
2025-08-01 11:55:57 AM,4133.2,0,0.0,82805220.20000012
2025-08-01 11:55:58 AM,4133.2,36,148795.19999999998,82954015.40000013
2025-08-01 11:56:00 AM,4132.0,0,0.0,82954015.40000013
2025-08-01 11:56:03 AM,4132.0,46,190072.0,83144087.40000013
2025-08-01 11:56:07 AM,4134.0,0,0.0,83144087.40000013
2025-08-01 11:56:08 AM,4134.0,1,4134.0,83148221.40000013
2025-08-01 11:56:13 AM,4134.9,0,0.0,83148221.40000013
2025-08-01 11:56:14 AM,4134.9,3,12404.699999999999,83160626.10000013
2025-08-01 11:56:41 AM,4134.6,2,8269.2,83168895.30000013
2025-08-01 11:56:50 AM,4134.5,2,8269.0,83177164.30000013
2025-08-01 11:57:03 AM,4134.3,0,0.0,83177164.30000013
2025-08-01 11:57:04 AM,4134.3,3,12402.900000000001,83189567.20000014
2025-08-01 11:57:17 AM,4131.5,0,0.0,83189567.20000014
2025-08-01 11:57:19 AM,4131.5,2,8263.0,83197830.20000014
2025-08-01 11:57:22 AM,4135.0,0,0.0,83197830.20000014
2025-08-01 11:57:24 AM,4135.5,0,0.0,83197830.20000014
2025-08-01 11:57:24 AM,4135.5,53,219181.5,83417011.70000014
2025-08-01 11:57:25 AM,4136.0,0,0.0,83417011.70000014
2025-08-01 11:57:26 AM,4136.0,1,4136.0,83421147.70000014
2025-08-01 11:57:35 AM,4134.9,0,0.0,83421147.70000014
2025-08-01 11:57:36 AM,4134.9,1,4134.9,83425282.60000014
2025-08-01 11:57:43 AM,4131.8,0,0.0,83425282.60000014
2025-08-01 11:57:44 AM,4131.8,8,33054.4,83458337.00000015
2025-08-01 11:57:49 AM,4131.8,4,16527.2,83474864.20000015
2025-08-01 11:57:55 AM,4132.7,0,0.0,83474864.20000015
2025-08-01 11:57:56 AM,4132.7,1,4132.7,83478996.90000015
2025-08-01 11:58:03 AM,4133.6,0,0.0,83478996.90000015
2025-08-01 11:58:04 AM,4134.9,0,0.0,83478996.90000015
2025-08-01 11:58:04 AM,4134.9,65,268768.5,83747765.40000015
2025-08-01 11:58:09 AM,4138.0,0,0.0,83747765.40000015
2025-08-01 11:58:10 AM,4138.0,1,4138.0,83751903.40000015
2025-08-01 11:58:16 AM,4138.0,3,12414.0,83764317.40000015
2025-08-01 11:58:27 AM,4136.3,0,0.0,83764317.40000015
2025-08-01 11:58:28 AM,4136.3,4,16545.2,83780862.60000016
2025-08-01 11:58:30 AM,4137.4,0,0.0,83780862.60000016
2025-08-01 11:58:32 AM,4137.4,1,4137.4,83785000.00000016
2025-08-01 11:58:39 AM,4137.2,0,0.0,83785000.00000016
2025-08-01 11:58:42 AM,4137.2,1,4137.2,83789137.20000017
2025-08-01 11:58:51 AM,4133.1,0,0.0,83789137.20000017
2025-08-01 11:58:53 AM,4135.0,3,12405.0,83801542.20000017
2025-08-01 11:59:03 AM,4134.3,0,0.0,83801542.20000017
2025-08-01 11:59:03 AM,4134.3,11,45477.3,83847019.50000016
2025-08-01 11:59:22 AM,4134.2,0,0.0,83847019.50000016
2025-08-01 11:59:24 AM,4134.2,1,4134.2,83851153.70000017
2025-08-01 11:59:28 AM,4130.0,0,0.0,83851153.70000017
2025-08-01 11:59:29 AM,4130.0,34,140420.0,83991573.70000017
2025-08-01 11:59:38 AM,4129.3,0,0.0,83991573.70000017
2025-08-01 11:59:39 AM,4129.3,6,24775.800000000003,84016349.50000016
2025-08-01 11:59:41 AM,4128.9,0,0.0,84016349.50000016
2025-08-01 11:59:41 AM,4128.9,10,41289.0,84057638.50000016
2025-08-01 11:59:46 AM,4129.3,0,0.0,84057638.50000016
2025-08-01 11:59:47 AM,4129.3,1,4129.3,84061767.80000016
2025-08-01 11:59:49 AM,4131.0,0,0.0,84061767.80000016
2025-08-01 11:59:50 AM,4128.4,0,0.0,84061767.80000016
2025-08-01 11:59:50 AM,4128.4,2,8256.8,84070024.60000016
2025-08-01 11:59:52 AM,4125.8,0,0.0,84070024.60000016
2025-08-01 11:59:55 AM,4128.3,7,28898.100000000002,84098922.70000015
2025-08-01 12:00:03 PM,4129.5,0,0.0,84098922.70000015
2025-08-01 12:00:05 PM,4129.5,47,194086.5,84293009.20000015
2025-08-01 12:00:14 PM,4131.1,0,0.0,84293009.20000015
2025-08-01 12:00:16 PM,4131.1,1,4131.1,84297140.30000015
2025-08-01 12:00:18 PM,4131.1,6,24786.600000000002,84321926.90000014
2025-08-01 12:00:21 PM,4127.6,0,0.0,84321926.90000014
2025-08-01 12:00:21 PM,4127.6,4,16510.4,84338437.30000015
2025-08-01 12:00:43 PM,4128.0,0,0.0,84338437.30000015
2025-08-01 12:00:43 PM,4128.0,11,45408.0,84383845.30000015
2025-08-01 12:00:59 PM,4129.1,0,0.0,84383845.30000015
2025-08-01 12:01:01 PM,4129.1,26,107356.6,84491201.90000014
2025-08-01 12:01:03 PM,4129.5,0,0.0,84491201.90000014
2025-08-01 12:01:03 PM,4129.5,17,70201.5,84561403.40000014
2025-08-01 12:01:11 PM,4133.0,0,0.0,84561403.40000014
2025-08-01 12:01:13 PM,4133.0,1,4133.0,84565536.40000014
2025-08-01 12:01:29 PM,4131.3,0,0.0,84565536.40000014
2025-08-01 12:01:30 PM,4131.3,2,8262.6,84573799.00000013
2025-08-01 12:01:32 PM,4131.3,4,16525.2,84590324.20000014
2025-08-01 12:01:35 PM,4132.6,0,0.0,84590324.20000014
2025-08-01 12:01:37 PM,4132.6,10,41326.0,84631650.20000014
2025-08-01 12:02:03 PM,4131.9,0,0.0,84631650.20000014
2025-08-01 12:02:05 PM,4131.9,5,20659.5,84652309.70000014
2025-08-01 12:02:07 PM,4131.6,3,12394.800000000001,84664704.50000013
2025-08-01 12:02:27 PM,4127.0,0,0.0,84664704.50000013
2025-08-01 12:02:28 PM,4127.0,60,247620.0,84912324.50000013
2025-08-01 12:02:33 PM,4127.1,6,24762.600000000002,84937087.10000013
2025-08-01 12:02:34 PM,4128.3,0,0.0,84937087.10000013
2025-08-01 12:02:35 PM,4128.3,1,4128.3,84941215.40000013
2025-08-01 12:02:43 PM,4128.6,2,8257.2,84949472.60000013
2025-08-01 12:02:45 PM,4126.5,2,8253.0,84957725.60000013
2025-08-01 12:02:52 PM,4125.7,0,0.0,84957725.60000013
2025-08-01 12:02:53 PM,4125.7,5,20628.5,84978354.10000013
2025-08-01 12:03:03 PM,4128.4,0,0.0,84978354.10000013
2025-08-01 12:03:03 PM,4128.4,12,49540.799999999996,85027894.90000013
2025-08-01 12:03:08 PM,4128.3,0,0.0,85027894.90000013
2025-08-01 12:03:08 PM,4128.3,1,4128.3,85032023.20000012
2025-08-01 12:03:15 PM,4126.2,2,8252.4,85040275.60000013
2025-08-01 12:03:27 PM,4123.7,0,0.0,85040275.60000013
2025-08-01 12:03:28 PM,4123.7,26,107216.2,85147491.80000013
2025-08-01 12:03:34 PM,4127.6,0,0.0,85147491.80000013
2025-08-01 12:03:34 PM,4127.6,2,8255.2,85155747.00000013
2025-08-01 12:03:45 PM,4127.6,2,8255.2,85164002.20000014
2025-08-01 12:03:52 PM,4124.9,0,0.0,85164002.20000014
2025-08-01 12:03:53 PM,4124.9,2,8249.8,85172252.00000013
2025-08-01 12:04:03 PM,4127.2,0,0.0,85172252.00000013
2025-08-01 12:04:03 PM,4127.2,7,28890.399999999998,85201142.40000014
2025-08-01 12:04:12 PM,4127.2,3,12381.599999999999,85213524.00000013
2025-08-01 12:04:22 PM,4127.1,1,4127.1,85217651.10000013
2025-08-01 12:04:28 PM,4123.1,22,90708.20000000001,85308359.30000013
2025-08-01 12:04:35 PM,4126.7,0,0.0,85308359.30000013
2025-08-01 12:04:38 PM,4126.7,1,4126.7,85312486.00000013
2025-08-01 12:04:51 PM,4123.2,0,0.0,85312486.00000013
2025-08-01 12:04:52 PM,4122.1,6,24732.600000000002,85337218.60000013
2025-08-01 12:04:59 PM,4123.7,0,0.0,85337218.60000013
2025-08-01 12:05:00 PM,4123.7,1,4123.7,85341342.30000013
2025-08-01 12:05:03 PM,4123.7,2,8247.4,85349589.70000014
2025-08-01 12:05:05 PM,4123.8,3,12371.400000000001,85361961.10000014
2025-08-01 12:05:08 PM,4123.8,5,20619.0,85382580.10000014
2025-08-01 12:05:09 PM,4123.6,0,0.0,85382580.10000014
2025-08-01 12:05:10 PM,4123.6,3,12370.800000000001,85394950.90000014
2025-08-01 12:05:15 PM,4123.5,0,0.0,85394950.90000014
2025-08-01 12:05:15 PM,4123.5,1,4123.5,85399074.40000014
2025-08-01 12:05:24 PM,4125.1,39,160878.90000000002,85559953.30000015
2025-08-01 12:05:25 PM,4127.1,7,28889.700000000004,85588843.00000015
2025-08-01 12:06:03 PM,4127.7,0,0.0,85588843.00000015
2025-08-01 12:06:04 PM,4127.7,10,41277.0,85630120.00000015
2025-08-01 12:06:17 PM,4127.6,0,0.0,85630120.00000015
2025-08-01 12:06:18 PM,4127.6,2,8255.2,85638375.20000015
2025-08-01 12:06:27 PM,4123.1,0,0.0,85638375.20000015
2025-08-01 12:06:28 PM,4123.1,23,94831.3,85733206.50000015
2025-08-01 12:06:36 PM,4126.8,0,0.0,85733206.50000015
2025-08-01 12:06:38 PM,4126.8,2,8253.6,85741460.10000014
2025-08-01 12:06:39 PM,4126.7,0,0.0,85741460.10000014
2025-08-01 12:06:43 PM,4126.7,1,4126.7,85745586.80000015
2025-08-01 12:06:52 PM,4123.6,0,0.0,85745586.80000015
2025-08-01 12:06:53 PM,4123.6,6,24741.600000000002,85770328.40000014
2025-08-01 12:07:03 PM,4126.5,0,0.0,85770328.40000014
2025-08-01 12:07:08 PM,4126.5,6,24759.0,85795087.40000014
2025-08-01 12:07:13 PM,4126.5,1,4126.5,85799213.90000014
2025-08-01 12:07:28 PM,4122.3,0,0.0,85799213.90000014
2025-08-01 12:07:28 PM,4122.3,28,115424.40000000001,85914638.30000015
2025-08-01 12:07:32 PM,4126.0,0,0.0,85914638.30000015
2025-08-01 12:07:33 PM,4126.0,1,4126.0,85918764.30000015
2025-08-01 12:07:36 PM,4126.4,0,0.0,85918764.30000015
2025-08-01 12:07:38 PM,4126.4,2,8252.8,85927017.10000014
2025-08-01 12:07:42 PM,4124.4,0,0.0,85927017.10000014
2025-08-01 12:07:44 PM,4124.4,3,12373.199999999999,85939390.30000015
2025-08-01 12:07:49 PM,4126.2,0,0.0,85939390.30000015
2025-08-01 12:07:52 PM,4123.5,0,0.0,85939390.30000015
2025-08-01 12:07:54 PM,4123.5,4,16494.0,85955884.30000015
2025-08-01 12:08:03 PM,4125.4,0,0.0,85955884.30000015
2025-08-01 12:08:03 PM,4125.4,5,20627.0,85976511.30000015
2025-08-01 12:08:13 PM,4126.2,2,8252.4,85984763.70000015
2025-08-01 12:08:29 PM,4122.2,33,136032.6,86120796.30000015
2025-08-01 12:08:32 PM,4125.3,0,0.0,86120796.30000015
2025-08-01 12:08:33 PM,4125.3,3,12375.900000000001,86133172.20000015
2025-08-01 12:08:45 PM,4122.9,0,0.0,86133172.20000015
2025-08-01 12:08:47 PM,4125.1,0,0.0,86133172.20000015
2025-08-01 12:08:48 PM,4125.1,2,8250.2,86141422.40000015
2025-08-01 12:08:52 PM,4121.7,0,0.0,86141422.40000015
2025-08-01 12:08:53 PM,4121.7,6,24730.199999999997,86166152.60000016
2025-08-01 12:09:03 PM,4125.1,0,0.0,86166152.60000016
2025-08-01 12:09:03 PM,4125.1,7,28875.700000000004,86195028.30000016
2025-08-01 12:09:23 PM,4124.3,0,0.0,86195028.30000016
2025-08-01 12:09:23 PM,4124.3,1,4124.3,86199152.60000016
2025-08-01 12:09:28 PM,4120.3,0,0.0,86199152.60000016
2025-08-01 12:09:28 PM,4120.3,31,127729.3,86326881.90000015
2025-08-01 12:09:34 PM,4120.4,0,0.0,86326881.90000015
2025-08-01 12:09:36 PM,4123.1,0,0.0,86326881.90000015
2025-08-01 12:09:38 PM,4120.1,16,65921.6,86392803.50000015
2025-08-01 12:09:42 PM,4122.6,0,0.0,86392803.50000015
2025-08-01 12:09:43 PM,4122.6,1,4122.6,86396926.10000014
2025-08-01 12:09:52 PM,4120.0,0,0.0,86396926.10000014
2025-08-01 12:09:53 PM,4120.0,13,53560.0,86450486.10000014
2025-08-01 12:10:03 PM,4120.3,1,4120.3,86454606.40000014
2025-08-01 12:10:03 PM,4120.6,0,0.0,86454606.40000014
2025-08-01 12:10:08 PM,4120.6,5,20603.0,86475209.40000014
2025-08-01 12:10:09 PM,4125.2,0,0.0,86475209.40000014
2025-08-01 12:10:11 PM,4126.6,0,0.0,86475209.40000014
2025-08-01 12:10:13 PM,4127.5,0,0.0,86475209.40000014
2025-08-01 12:10:13 PM,4127.5,63,260032.5,86735241.90000014
2025-08-01 12:10:18 PM,4128.2,0,0.0,86735241.90000014
2025-08-01 12:10:19 PM,4128.2,1,4128.2,86739370.10000014
2025-08-01 12:10:20 PM,4129.2,0,0.0,86739370.10000014
2025-08-01 12:10:24 PM,4129.2,9,37162.799999999996,86776532.90000014
2025-08-01 12:10:24 PM,4129.8,5,20649.0,86797181.90000014
2025-08-01 12:10:28 PM,4124.0,0,0.0,86797181.90000014
2025-08-01 12:10:29 PM,4125.9,36,148532.4,86945714.30000015
2025-08-01 12:10:33 PM,4127.0,5,20635.0,86966349.30000015
2025-08-01 12:10:58 PM,4127.0,2,8254.0,86974603.30000015
2025-08-01 12:11:00 PM,4127.1,0,0.0,86974603.30000015
2025-08-01 12:11:03 PM,4128.7,2,8257.4,86982860.70000015
2025-08-01 12:11:03 PM,4128.7,19,78445.3,87061306.00000015
2025-08-01 12:11:08 PM,4129.2,3,12387.599999999999,87073693.60000014
2025-08-01 12:11:19 PM,4129.8,0,0.0,87073693.60000014
2025-08-01 12:11:23 PM,4129.8,1,4129.8,87077823.40000014
2025-08-01 12:12:03 PM,4129.0,0,0.0,87077823.40000014
2025-08-01 12:12:07 PM,4129.0,4,16516.0,87094339.40000014
2025-08-01 12:12:10 PM,4126.5,0,0.0,87094339.40000014
2025-08-01 12:12:12 PM,4126.5,1,4126.5,87098465.90000014
2025-08-01 12:12:26 PM,4123.5,0,0.0,87098465.90000014
2025-08-01 12:12:27 PM,4123.5,10,41235.0,87139700.90000014
2025-08-01 12:12:28 PM,4122.0,0,0.0,87139700.90000014
2025-08-01 12:12:32 PM,4122.0,35,144270.0,87283970.90000014
2025-08-01 12:12:35 PM,4124.9,0,0.0,87283970.90000014
2025-08-01 12:12:36 PM,4124.8,0,0.0,87283970.90000014
2025-08-01 12:12:37 PM,4124.8,5,20624.0,87304594.90000014
2025-08-01 12:12:42 PM,4122.1,5,20610.5,87325205.40000014
2025-08-01 12:12:42 PM,4122.6,1,4122.6,87329328.00000013
2025-08-01 12:12:47 PM,4122.0,11,45342.0,87374670.00000013
2025-08-01 12:12:52 PM,4122.0,6,24732.0,87399402.00000013
2025-08-01 12:13:03 PM,4123.4,11,45357.399999999994,87444759.40000014
2025-08-01 12:13:08 PM,4123.3,2,8246.6,87453006.00000013
2025-08-01 12:13:17 PM,4122.0,0,0.0,87453006.00000013
2025-08-01 12:13:18 PM,4122.0,2,8244.0,87461250.00000013
2025-08-01 12:13:27 PM,4122.0,41,169002.0,87630252.00000013
2025-08-01 12:13:34 PM,4123.2,0,0.0,87630252.00000013
2025-08-01 12:13:37 PM,4123.2,1,4123.2,87634375.20000014
2025-08-01 12:13:39 PM,4123.1,0,0.0,87634375.20000014
2025-08-01 12:13:40 PM,4122.0,0,0.0,87634375.20000014
2025-08-01 12:13:42 PM,4122.0,9,37098.0,87671473.20000014
2025-08-01 12:13:47 PM,4122.0,3,12366.0,87683839.20000014
2025-08-01 12:13:52 PM,4118.2,0,0.0,87683839.20000014
2025-08-01 12:13:52 PM,4118.2,4,16472.8,87700312.00000013
2025-08-01 12:14:03 PM,4121.8,61,251429.80000000002,87951741.80000013
2025-08-01 12:14:12 PM,4128.7,16,66059.2,88017801.00000013
2025-08-01 12:14:17 PM,4128.7,2,8257.4,88026058.40000014
2025-08-01 12:14:20 PM,4127.6,0,0.0,88026058.40000014
2025-08-01 12:14:22 PM,4127.6,1,4127.6,88030186.00000013
2025-08-01 12:14:28 PM,4129.1,0,0.0,88030186.00000013
2025-08-01 12:14:32 PM,4129.1,1,4129.1,88034315.10000013
2025-08-01 12:14:42 PM,4126.0,0,0.0,88034315.10000013
2025-08-01 12:14:42 PM,4126.0,1,4126.0,88038441.10000013
2025-08-01 12:15:03 PM,4127.5,0,0.0,88038441.10000013
2025-08-01 12:15:03 PM,4127.5,13,53657.5,88092098.60000013
2025-08-01 12:15:06 PM,4127.7,0,0.0,88092098.60000013
2025-08-01 12:15:08 PM,4127.7,2,8255.4,88100354.00000013
2025-08-01 12:15:19 PM,4127.3,1,4127.3,88104481.30000013
2025-08-01 12:15:28 PM,4124.9,0,0.0,88104481.30000013
2025-08-01 12:15:28 PM,4124.9,82,338241.8,88442723.10000013
2025-08-01 12:15:33 PM,4124.9,165,680608.4999999999,89123331.60000013
2025-08-01 12:15:36 PM,4124.2,0,0.0,89123331.60000013
2025-08-01 12:15:38 PM,4125.3,13,53628.9,89176960.50000013
2025-08-01 12:15:40 PM,4123.4,0,0.0,89176960.50000013
2025-08-01 12:15:41 PM,4127.2,0,0.0,89176960.50000013
2025-08-01 12:15:44 PM,4127.2,15,61908.0,89238868.50000013
2025-08-01 12:15:47 PM,4126.9,0,0.0,89238868.50000013
2025-08-01 12:15:49 PM,4126.9,1,4126.9,89242995.40000014
2025-08-01 12:15:52 PM,4125.0,0,0.0,89242995.40000014
2025-08-01 12:15:54 PM,4125.0,2,8250.0,89251245.40000014
2025-08-01 12:16:04 PM,4127.2,44,181596.8,89432842.20000014
2025-08-01 12:16:07 PM,4128.4,0,0.0,89432842.20000014
2025-08-01 12:16:09 PM,4128.4,8,33027.2,89465869.40000014
2025-08-01 12:16:10 PM,4130.0,0,0.0,89465869.40000014
2025-08-01 12:16:14 PM,4130.0,2,8260.0,89474129.40000014
2025-08-01 12:16:23 PM,4129.9,1,4129.9,89478259.30000015
2025-08-01 12:16:28 PM,4129.9,2,8259.8,89486519.10000014
2025-08-01 12:17:04 PM,4129.3,0,0.0,89486519.10000014
2025-08-01 12:17:07 PM,4129.3,8,33034.4,89519553.50000015
2025-08-01 12:17:12 PM,4128.8,1,4128.8,89523682.30000015
2025-08-01 12:17:14 PM,4128.0,0,0.0,89523682.30000015
2025-08-01 12:17:17 PM,4128.0,4,16512.0,89540194.30000015
2025-08-01 12:17:20 PM,4125.0,0,0.0,89540194.30000015
2025-08-01 12:17:22 PM,4125.0,32,132000.0,89672194.30000015
2025-08-01 12:17:26 PM,4123.1,0,0.0,89672194.30000015
2025-08-01 12:17:27 PM,4123.1,2,8246.2,89680440.50000015
2025-08-01 12:17:27 PM,4118.9,31,127685.9,89808126.40000015
2025-08-01 12:17:30 PM,4123.3,0,0.0,89808126.40000015
2025-08-01 12:17:31 PM,4123.3,3,12369.900000000001,89820496.30000016
2025-08-01 12:17:34 PM,4120.7,0,0.0,89820496.30000016
2025-08-01 12:17:36 PM,4120.7,1,4120.7,89824617.00000016
2025-08-01 12:17:40 PM,4120.1,0,0.0,89824617.00000016
2025-08-01 12:17:41 PM,4120.1,6,24720.600000000002,89849337.60000016
2025-08-01 12:17:52 PM,4120.0,0,0.0,89849337.60000016
2025-08-01 12:17:55 PM,4120.0,5,20600.0,89869937.60000016
2025-08-01 12:18:00 PM,4120.0,6,24720.0,89894657.60000016
2025-08-01 12:18:05 PM,4122.5,0,0.0,89894657.60000016
2025-08-01 12:18:05 PM,4122.5,4,16490.0,89911147.60000016
2025-08-01 12:18:06 PM,4122.6,0,0.0,89911147.60000016
2025-08-01 12:18:10 PM,4122.6,9,37103.4,89948251.00000016
2025-08-01 12:18:13 PM,4122.5,0,0.0,89948251.00000016
2025-08-01 12:18:15 PM,4122.5,14,57715.0,90005966.00000016
2025-08-01 12:18:17 PM,4122.4,0,0.0,90005966.00000016
2025-08-01 12:18:20 PM,4122.4,10,41224.0,90047190.00000016
2025-08-01 12:18:24 PM,4121.9,0,0.0,90047190.00000016
2025-08-01 12:18:24 PM,4121.9,2,8243.8,90055433.80000016
2025-08-01 12:18:29 PM,4120.0,0,0.0,90055433.80000016
2025-08-01 12:18:29 PM,4120.0,23,94760.0,90150193.80000016
2025-08-01 12:18:34 PM,4121.7,0,0.0,90150193.80000016
2025-08-01 12:18:34 PM,4121.7,3,12365.099999999999,90162558.90000015
2025-08-01 12:18:40 PM,4120.1,0,0.0,90162558.90000015
2025-08-01 12:18:41 PM,4120.2,0,0.0,90162558.90000015
2025-08-01 12:18:44 PM,4120.2,7,28841.399999999998,90191400.30000016
2025-08-01 12:18:52 PM,4120.1,0,0.0,90191400.30000016
2025-08-01 12:18:55 PM,4120.1,4,16480.4,90207880.70000017
2025-08-01 12:18:55 PM,4121.5,1,4121.5,90212002.20000017
2025-08-01 12:18:59 PM,4121.4,0,0.0,90212002.20000017
2025-08-01 12:19:00 PM,4121.4,6,24728.399999999998,90236730.60000017
2025-08-01 12:19:05 PM,4121.3,0,0.0,90236730.60000017
2025-08-01 12:19:05 PM,4121.3,12,49455.600000000006,90286186.20000017
2025-08-01 12:19:14 PM,4121.1,0,0.0,90286186.20000017
2025-08-01 12:19:15 PM,4121.1,2,8242.2,90294428.40000017
2025-08-01 12:19:25 PM,4120.9,1,4120.9,90298549.30000018
2025-08-01 12:19:28 PM,4120.0,0,0.0,90298549.30000018
2025-08-01 12:19:30 PM,4120.0,15,61800.0,90360349.30000018
2025-08-01 12:19:34 PM,4120.7,0,0.0,90360349.30000018
2025-08-01 12:19:35 PM,4120.7,1,4120.7,90364470.00000018
2025-08-01 12:19:40 PM,4120.0,12,49440.0,90413910.00000018
2025-08-01 12:19:45 PM,4120.0,9,37080.0,90450990.00000018
2025-08-01 12:19:46 PM,4120.5,0,0.0,90450990.00000018
2025-08-01 12:19:50 PM,4120.4,5,20602.0,90471592.00000018
2025-08-01 12:19:52 PM,4120.0,0,0.0,90471592.00000018
2025-08-01 12:19:55 PM,4120.0,1,4120.0,90475712.00000018
2025-08-01 12:20:00 PM,4120.0,5,20600.0,90496312.00000018
2025-08-01 12:20:03 PM,4120.2,0,0.0,90496312.00000018
2025-08-01 12:20:04 PM,4120.0,0,0.0,90496312.00000018
2025-08-01 12:20:06 PM,4120.0,14,57680.0,90553992.00000018
2025-08-01 12:20:11 PM,4120.1,0,0.0,90553992.00000018
2025-08-01 12:20:11 PM,4120.1,1,4120.1,90558112.10000017
2025-08-01 12:20:17 PM,4120.1,1,4120.1,90562232.20000017
2025-08-01 12:20:22 PM,4120.0,1,4120.0,90566352.20000017
2025-08-01 12:20:23 PM,4120.1,0,0.0,90566352.20000017
2025-08-01 12:20:27 PM,4120.0,27,111240.0,90677592.20000017
2025-08-01 12:20:31 PM,4121.1,0,0.0,90677592.20000017
2025-08-01 12:20:32 PM,4121.1,47,193691.7,90871283.90000017
2025-08-01 12:20:36 PM,4122.1,0,0.0,90871283.90000017
2025-08-01 12:20:38 PM,4122.1,16,65953.6,90937237.50000016
2025-08-01 12:20:41 PM,4125.1,0,0.0,90937237.50000016
2025-08-01 12:20:42 PM,4125.1,2,8250.2,90945487.70000017
2025-08-01 12:20:58 PM,4122.3,0,0.0,90945487.70000017
2025-08-01 12:20:58 PM,4122.3,1,4122.3,90949610.00000016
2025-08-01 12:21:03 PM,4124.2,0,0.0,90949610.00000016
2025-08-01 12:21:03 PM,4124.2,16,65987.2,91015597.20000017
2025-08-01 12:21:08 PM,4124.2,3,12372.599999999999,91027969.80000016
2025-08-01 12:21:27 PM,4124.2,3,12372.599999999999,91040342.40000015
2025-08-01 12:21:32 PM,4124.1,1,4124.1,91044466.50000015
2025-08-01 12:21:58 PM,4123.9,0,0.0,91044466.50000015
2025-08-01 12:21:59 PM,4123.2,0,0.0,91044466.50000015
2025-08-01 12:22:01 PM,4123.2,5,20616.0,91065082.50000015
2025-08-01 12:22:03 PM,4123.9,0,0.0,91065082.50000015
2025-08-01 12:22:04 PM,4123.2,0,0.0,91065082.50000015
2025-08-01 12:22:06 PM,4123.2,6,24739.199999999997,91089821.70000015
2025-08-01 12:22:20 PM,4123.6,0,0.0,91089821.70000015
2025-08-01 12:22:22 PM,4123.6,1,4123.6,91093945.30000015
2025-08-01 12:22:27 PM,4120.0,27,111240.0,91205185.30000015
2025-08-01 12:22:32 PM,4122.6,0,0.0,91205185.30000015
2025-08-01 12:22:33 PM,4122.6,3,12367.800000000001,91217553.10000014
2025-08-01 12:22:38 PM,4122.6,1,4122.6,91221675.70000014
2025-08-01 12:22:40 PM,4120.0,0,0.0,91221675.70000014
2025-08-01 12:22:43 PM,4122.5,11,45347.5,91267023.20000014
2025-08-01 12:22:43 PM,4121.6,0,0.0,91267023.20000014
2025-08-01 12:22:43 PM,4121.6,1,4121.6,91271144.80000013
2025-08-01 12:22:52 PM,4120.1,0,0.0,91271144.80000013
2025-08-01 12:22:53 PM,4120.1,5,20600.5,91291745.30000013
2025-08-01 12:23:03 PM,4120.1,1,4120.1,91295865.40000013
2025-08-01 12:23:03 PM,4122.2,8,32977.6,91328843.00000012
2025-08-01 12:23:27 PM,4118.0,35,144130.0,91472973.00000012
2025-08-01 12:23:31 PM,4120.7,0,0.0,91472973.00000012
2025-08-01 12:23:32 PM,4120.7,4,16482.8,91489455.80000012
2025-08-01 12:23:40 PM,4117.6,0,0.0,91489455.80000012
2025-08-01 12:23:41 PM,4117.6,9,37058.4,91526514.20000012
2025-08-01 12:23:52 PM,4117.5,6,24705.0,91551219.20000012
2025-08-01 12:23:59 PM,4120.2,0,0.0,91551219.20000012
2025-08-01 12:24:02 PM,4120.2,2,8240.4,91559459.60000013
2025-08-01 12:24:04 PM,4120.9,0,0.0,91559459.60000013
2025-08-01 12:24:07 PM,4120.9,61,251374.89999999997,91810834.50000013
2025-08-01 12:24:17 PM,4126.1,30,123783.00000000001,91934617.50000013
2025-08-01 12:24:19 PM,4128.9,0,0.0,91934617.50000013
2025-08-01 12:24:22 PM,4127.3,0,0.0,91934617.50000013
2025-08-01 12:24:22 PM,4127.3,5,20636.5,91955254.00000013
2025-08-01 12:25:03 PM,4126.1,0,0.0,91955254.00000013
2025-08-01 12:25:06 PM,4126.1,14,57765.40000000001,92013019.40000014
2025-08-01 12:25:09 PM,4125.9,0,0.0,92013019.40000014
2025-08-01 12:25:11 PM,4125.9,2,8251.8,92021271.20000014
2025-08-01 12:25:15 PM,4125.8,0,0.0,92021271.20000014
2025-08-01 12:25:16 PM,4125.8,1,4125.8,92025397.00000013
2025-08-01 12:25:27 PM,4121.6,27,111283.20000000001,92136680.20000014
2025-08-01 12:25:28 PM,4124.6,0,0.0,92136680.20000014
2025-08-01 12:25:32 PM,4124.6,2,8249.2,92144929.40000014
2025-08-01 12:25:40 PM,4120.6,0,0.0,92144929.40000014
2025-08-01 12:25:41 PM,4120.6,7,28844.200000000004,92173773.60000014
2025-08-01 12:25:52 PM,4120.4,0,0.0,92173773.60000014
2025-08-01 12:25:52 PM,4120.4,4,16481.6,92190255.20000014
2025-08-01 12:26:03 PM,4123.0,0,0.0,92190255.20000014
2025-08-01 12:26:04 PM,4122.5,0,0.0,92190255.20000014
2025-08-01 12:26:07 PM,4122.5,12,49470.0,92239725.20000014
2025-08-01 12:26:22 PM,4122.5,1,4122.5,92243847.70000014
2025-08-01 12:26:27 PM,4116.1,31,127599.1,92371446.80000013
2025-08-01 12:26:27 PM,4120.9,26,107143.4,92478590.20000014
2025-08-01 12:26:31 PM,4121.1,0,0.0,92478590.20000014
2025-08-01 12:26:32 PM,4121.1,4,16484.4,92495074.60000014
2025-08-01 12:26:40 PM,4119.0,0,0.0,92495074.60000014
2025-08-01 12:26:42 PM,4119.0,9,37071.0,92532145.60000014
2025-08-01 12:26:52 PM,4117.1,4,16468.4,92548614.00000015
2025-08-01 12:27:03 PM,4118.8,0,0.0,92548614.00000015
2025-08-01 12:27:07 PM,4118.8,13,53544.4,92602158.40000015
2025-08-01 12:27:09 PM,4119.3,0,0.0,92602158.40000015
2025-08-01 12:27:13 PM,4119.3,8,32954.4,92635112.80000016
2025-08-01 12:27:19 PM,4119.7,0,0.0,92635112.80000016
2025-08-01 12:27:23 PM,4119.7,1,4119.7,92639232.50000016
2025-08-01 12:27:27 PM,4114.7,30,123441.0,92762673.50000016
2025-08-01 12:27:35 PM,4117.3,0,0.0,92762673.50000016
2025-08-01 12:27:37 PM,4117.3,1,4117.3,92766790.80000016
2025-08-01 12:27:40 PM,4112.8,0,0.0,92766790.80000016
2025-08-01 12:27:42 PM,4112.8,36,148060.80000000002,92914851.60000016
2025-08-01 12:27:46 PM,4115.9,0,0.0,92914851.60000016
2025-08-01 12:27:47 PM,4115.9,6,24695.399999999998,92939547.00000016
2025-08-01 12:27:48 PM,4114.8,0,0.0,92939547.00000016
2025-08-01 12:27:52 PM,4112.3,7,28786.100000000002,92968333.10000016
2025-08-01 12:28:04 PM,4115.6,0,0.0,92968333.10000016
2025-08-01 12:28:06 PM,4114.8,0,0.0,92968333.10000016
2025-08-01 12:28:07 PM,4114.8,17,69951.6,93038284.70000015
2025-08-01 12:28:09 PM,4114.9,0,0.0,93038284.70000015
2025-08-01 12:28:11 PM,4114.9,3,12344.699999999999,93050629.40000015
2025-08-01 12:28:27 PM,4111.3,0,0.0,93050629.40000015
2025-08-01 12:28:28 PM,4111.3,27,111005.1,93161634.50000015
2025-08-01 12:28:29 PM,4114.3,0,0.0,93161634.50000015
2025-08-01 12:28:31 PM,4114.3,2,8228.6,93169863.10000014
2025-08-01 12:28:41 PM,4109.7,0,0.0,93169863.10000014
2025-08-01 12:28:41 PM,4109.7,118,484944.6,93654807.70000014
2025-08-01 12:28:52 PM,4110.0,0,0.0,93654807.70000014
2025-08-01 12:28:53 PM,4110.0,4,16440.0,93671247.70000014
2025-08-01 12:28:56 PM,4113.0,71,292023.0,93963270.70000014
2025-08-01 12:29:03 PM,4115.0,0,0.0,93963270.70000014
2025-08-01 12:29:06 PM,4115.0,37,152255.0,94115525.70000014
2025-08-01 12:29:22 PM,4114.3,0,0.0,94115525.70000014
2025-08-01 12:29:22 PM,4114.3,1,4114.3,94119640.00000013
2025-08-01 12:29:27 PM,4111.1,30,123333.00000000001,94242973.00000013
2025-08-01 12:29:41 PM,4106.4,0,0.0,94242973.00000013
2025-08-01 12:29:41 PM,4106.4,2,8212.8,94251185.80000013
2025-08-01 12:30:03 PM,4110.8,11,45218.8,94296404.60000013
2025-08-01 12:30:19 PM,4109.9,0,0.0,94296404.60000013
2025-08-01 12:30:21 PM,4109.9,1,4109.9,94300514.50000013
2025-08-01 12:30:23 PM,4108.0,0,0.0,94300514.50000013
2025-08-01 12:30:24 PM,4108.0,11,45188.0,94345702.50000013
2025-08-01 12:30:29 PM,4108.0,35,143780.0,94489482.50000013
2025-08-01 12:30:42 PM,4108.0,16,65728.0,94555210.50000013
2025-08-01 12:30:50 PM,4108.0,42,172536.0,94727746.50000013
2025-08-01 12:30:52 PM,4101.2,0,0.0,94727746.50000013
2025-08-01 12:30:53 PM,4101.2,3,12303.599999999999,94740050.10000013
2025-08-01 12:31:04 PM,4105.2,81,332521.2,95072571.30000013
2025-08-01 12:31:04 PM,4108.3,0,0.0,95072571.30000013
