date,price,qty,trnvr,cum_trnvr
2025-08-01 09:15:07 AM,216.01,20221,4367938.21,4367938.21
2025-08-01 09:15:15 AM,215.78,0,0.0,4367938.21
2025-08-01 09:15:19 AM,215.78,3,647.34,4368585.55
2025-08-01 09:15:24 AM,216.16,0,0.0,4368585.55
2025-08-01 09:15:28 AM,215.44,8178,1761868.32,6130453.87
2025-08-01 09:15:30 AM,215.5,115,24782.5,6155236.37
2025-08-01 09:15:35 AM,215.36,0,0.0,6155236.37
2025-08-01 09:15:36 AM,215.36,60,12921.6,6168157.97
2025-08-01 09:15:38 AM,215.78,761,164208.58,6332366.55
2025-08-01 09:15:44 AM,216.07,0,0.0,6332366.55
2025-08-01 09:15:45 AM,216.07,69,14908.83,6347275.38
2025-08-01 09:15:46 AM,215.78,69,14888.82,6362164.2
2025-08-01 09:15:48 AM,216.0,0,0.0,6362164.2
2025-08-01 09:15:51 AM,215.78,0,0.0,6362164.2
2025-08-01 09:15:53 AM,215.78,588,126878.64,6489042.84
2025-08-01 09:15:55 AM,215.85,295,63675.75,6552718.59
2025-08-01 09:15:57 AM,215.99,0,0.0,6552718.59
2025-08-01 09:15:59 AM,215.5,0,0.0,6552718.59
2025-08-01 09:16:01 AM,215.5,1993,429491.5,6982210.09
2025-08-01 09:16:03 AM,214.41,8167,1751086.47,8733296.56
2025-08-01 09:16:05 AM,214.4,0,0.0,8733296.56
2025-08-01 09:16:09 AM,214.4,69,14793.6,8748090.16
2025-08-01 09:16:13 AM,215.41,0,0.0,8748090.16
2025-08-01 09:16:17 AM,215.01,2407,517529.07,9265619.23
2025-08-01 09:16:19 AM,215.01,848,182328.47999999998,9447947.71
2025-08-01 09:16:23 AM,215.0,0,0.0,9447947.71
2025-08-01 09:16:26 AM,215.0,448,96320.0,9544267.71
2025-08-01 09:16:27 AM,215.0,15,3225.0,9547492.71
2025-08-01 09:16:35 AM,215.14,301,64757.14,9612249.850000001
2025-08-01 09:16:41 AM,215.26,0,0.0,9612249.850000001
2025-08-01 09:16:42 AM,215.26,829,178450.53999999998,9790700.39
2025-08-01 09:16:50 AM,215.19,54,11620.26,9802320.65
2025-08-01 09:16:53 AM,215.39,0,0.0,9802320.65
2025-08-01 09:16:59 AM,215.3,291,62652.3,9864972.950000001
2025-08-01 09:17:00 AM,215.3,3,645.9000000000001,9865618.850000001
2025-08-01 09:17:01 AM,215.39,0,0.0,9865618.850000001
2025-08-01 09:17:03 AM,215.38,0,0.0,9865618.850000001
2025-08-01 09:17:07 AM,215.68,1920,414105.60000000003,10279724.450000001
2025-08-01 09:17:09 AM,215.7,0,0.0,10279724.450000001
2025-08-01 09:17:11 AM,215.5,0,0.0,10279724.450000001
2025-08-01 09:17:15 AM,215.61,672,144889.92,10424614.370000001
2025-08-01 09:17:18 AM,215.57,0,0.0,10424614.370000001
2025-08-01 09:17:23 AM,215.56,230,49578.8,10474193.170000002
2025-08-01 09:17:36 AM,215.53,0,0.0,10474193.170000002
2025-08-01 09:17:40 AM,215.5,1366,294373.0,10768566.170000002
2025-08-01 09:17:43 AM,215.09,0,0.0,10768566.170000002
2025-08-01 09:17:48 AM,215.09,189,40652.01,10809218.180000002
2025-08-01 09:17:52 AM,215.24,0,0.0,10809218.180000002
2025-08-01 09:17:54 AM,215.07,0,0.0,10809218.180000002
2025-08-01 09:17:57 AM,215.18,221,47554.78,10856772.96
2025-08-01 09:18:05 AM,215.4,164,35325.6,10892098.56
2025-08-01 09:18:10 AM,215.61,0,0.0,10892098.56
2025-08-01 09:18:13 AM,215.74,195,42069.3,10934167.860000001
2025-08-01 09:18:22 AM,216.0,1085,234360.0,11168527.860000001
2025-08-01 09:18:23 AM,216.0,2387,515592.0,11684119.860000001
2025-08-01 09:18:26 AM,215.99,0,0.0,11684119.860000001
2025-08-01 09:18:30 AM,215.99,26,5615.74,11689735.600000001
2025-08-01 09:18:32 AM,216.06,0,0.0,11689735.600000001
2025-08-01 09:18:34 AM,216.3,0,0.0,11689735.600000001
2025-08-01 09:18:38 AM,216.3,1803,389988.9,12079724.500000002
2025-08-01 09:18:42 AM,216.22,0,0.0,12079724.500000002
2025-08-01 09:18:46 AM,216.3,225,48667.5,12128392.000000002
2025-08-01 09:18:50 AM,216.24,0,0.0,12128392.000000002
2025-08-01 09:18:54 AM,216.37,1748,378214.76,12506606.760000002
2025-08-01 09:18:58 AM,216.33,0,0.0,12506606.760000002
2025-08-01 09:19:02 AM,215.8,1929,416278.2,12922884.96
2025-08-01 09:19:03 AM,215.76,9,1941.84,12924826.8
2025-08-01 09:19:07 AM,215.86,0,0.0,12924826.8
2025-08-01 09:19:10 AM,215.8,406,87614.8,13012441.600000001
2025-08-01 09:19:14 AM,215.86,0,0.0,13012441.600000001
2025-08-01 09:19:18 AM,216.0,718,155088.0,13167529.600000001
2025-08-01 09:19:20 AM,216.19,167,36103.73,13203633.330000002
2025-08-01 09:19:20 AM,216.08,0,0.0,13203633.330000002
2025-08-01 09:19:27 AM,216.07,52,11235.64,13214868.970000003
2025-08-01 09:19:27 AM,216.0,0,0.0,13214868.970000003
2025-08-01 09:19:28 AM,216.0,267,57672.0,13272540.970000003
2025-08-01 09:19:34 AM,216.06,0,0.0,13272540.970000003
2025-08-01 09:19:35 AM,216.06,54,11667.24,13284208.210000003
2025-08-01 09:19:37 AM,216.12,0,0.0,13284208.210000003
2025-08-01 09:19:42 AM,215.91,0,0.0,13284208.210000003
2025-08-01 09:19:43 AM,215.91,250,53977.5,13338185.710000003
2025-08-01 09:19:45 AM,216.08,0,0.0,13338185.710000003
2025-08-01 09:19:50 AM,216.12,0,0.0,13338185.710000003
2025-08-01 09:19:51 AM,216.12,305,65916.6,13404102.310000002
2025-08-01 09:19:52 AM,216.17,2,432.34,13404534.650000002
2025-08-01 09:19:58 AM,216.0,0,0.0,13404534.650000002
2025-08-01 09:19:59 AM,216.0,3,648.0,13405182.650000002
2025-08-01 09:20:00 AM,215.86,1100,237446.00000000003,13642628.650000002
2025-08-01 09:20:06 AM,215.95,0,0.0,13642628.650000002
2025-08-01 09:20:06 AM,215.95,15,3239.25,13645867.900000002
2025-08-01 09:20:13 AM,216.19,0,0.0,13645867.900000002
2025-08-01 09:20:14 AM,216.02,0,0.0,13645867.900000002
2025-08-01 09:20:15 AM,216.02,500,108010.0,13753877.900000002
2025-08-01 09:20:16 AM,216.01,3,648.03,13754525.930000002
2025-08-01 09:20:22 AM,216.05,0,0.0,13754525.930000002
2025-08-01 09:20:23 AM,216.05,12,2592.6000000000004,13757118.530000001
2025-08-01 09:20:24 AM,216.2,4,864.8,13757983.330000002
2025-08-01 09:20:27 AM,216.03,0,0.0,13757983.330000002
2025-08-01 09:20:30 AM,216.03,69,14906.07,13772889.400000002
2025-08-01 09:20:32 AM,216.03,1,216.03,13773105.430000002
2025-08-01 09:20:38 AM,216.17,10,2161.7,13775267.13
2025-08-01 09:20:40 AM,216.01,50,10800.5,13786067.63
2025-08-01 09:20:51 AM,216.17,0,0.0,13786067.63
2025-08-01 09:20:54 AM,216.17,60,12970.199999999999,13799037.83
2025-08-01 09:20:58 AM,216.16,0,0.0,13799037.83
2025-08-01 09:21:01 AM,216.18,180,38912.4,13837950.23
2025-08-01 09:21:03 AM,216.18,9508,2055439.4400000002,15893389.67
2025-08-01 09:21:17 AM,216.16,25,5404.0,15898793.67
2025-08-01 09:21:19 AM,216.17,0,0.0,15898793.67
2025-08-01 09:21:21 AM,216.22,0,0.0,15898793.67
2025-08-01 09:21:25 AM,216.2,1638,354135.6,16252929.27
2025-08-01 09:21:26 AM,216.22,40,8648.8,16261578.07
2025-08-01 09:21:33 AM,216.22,400,86488.0,16348066.07
2025-08-01 09:21:41 AM,216.22,98,21189.56,16369255.63
2025-08-01 09:21:45 AM,216.12,0,0.0,16369255.63
2025-08-01 09:21:48 AM,216.22,160,34595.2,16403850.83
2025-08-01 09:21:51 AM,215.92,0,0.0,16403850.83
2025-08-01 09:21:54 AM,215.94,0,0.0,16403850.83
2025-08-01 09:21:56 AM,215.94,4277,923575.38,17327426.21
2025-08-01 09:22:04 AM,215.8,109,23522.2,17350948.41
2025-08-01 09:22:08 AM,215.92,0,0.0,17350948.41
2025-08-01 09:22:11 AM,215.92,30,6477.599999999999,17357426.01
2025-08-01 09:22:15 AM,215.8,0,0.0,17357426.01
2025-08-01 09:22:18 AM,215.8,117,25248.600000000002,17382674.610000003
2025-08-01 09:22:19 AM,215.67,0,0.0,17382674.610000003
2025-08-01 09:22:20 AM,215.67,4,862.68,17383537.290000003
2025-08-01 09:22:28 AM,215.8,1000,215800.0,17599337.290000003
2025-08-01 09:22:30 AM,215.42,0,0.0,17599337.290000003
2025-08-01 09:22:34 AM,215.49,657,141576.93,17740914.220000003
2025-08-01 09:22:35 AM,215.49,25,5387.25,17746301.470000003
2025-08-01 09:22:37 AM,215.24,0,0.0,17746301.470000003
2025-08-01 09:22:41 AM,215.57,2000,431140.0,18177441.470000003
2025-08-01 09:22:48 AM,215.27,0,0.0,18177441.470000003
2025-08-01 09:22:49 AM,215.27,525,113016.75,18290458.220000003
2025-08-01 09:23:06 AM,215.32,1,215.32,18290673.540000003
2025-08-01 09:23:14 AM,215.38,5,1076.9,18291750.44
2025-08-01 09:23:20 AM,215.32,1,215.32,18291965.76
2025-08-01 09:23:21 AM,215.3,29,6243.700000000001,18298209.46
2025-08-01 09:23:22 AM,215.2,0,0.0,18298209.46
2025-08-01 09:23:27 AM,215.11,342,73567.62000000001,18371777.080000002
2025-08-01 09:23:28 AM,215.0,0,0.0,18371777.080000002
2025-08-01 09:23:29 AM,215.0,111,23865.0,18395642.080000002
2025-08-01 09:23:34 AM,215.08,0,0.0,18395642.080000002
2025-08-01 09:23:35 AM,215.08,3,645.24,18396287.32
2025-08-01 09:23:41 AM,215.0,0,0.0,18396287.32
2025-08-01 09:23:42 AM,215.0,240,51600.0,18447887.32
2025-08-01 09:23:44 AM,214.85,3407,731993.95,19179881.27
2025-08-01 09:23:47 AM,214.91,0,0.0,19179881.27
2025-08-01 09:23:50 AM,214.93,37,7952.41,19187833.68
2025-08-01 09:23:52 AM,214.95,50,10747.5,19198581.18
2025-08-01 09:23:58 AM,214.86,85,18263.100000000002,19216844.28
2025-08-01 09:23:59 AM,214.95,30,6448.5,19223292.78
2025-08-01 09:24:07 AM,214.97,23,4944.31,19228237.09
2025-08-01 09:24:13 AM,214.95,28,6018.599999999999,19234255.69
2025-08-01 09:24:21 AM,214.95,1001,215164.94999999998,19449420.64
2025-08-01 09:24:28 AM,214.86,250,53715.0,19503135.64
2025-08-01 09:24:33 AM,214.97,0,0.0,19503135.64
2025-08-01 09:24:36 AM,214.85,788,169301.8,19672437.44
2025-08-01 09:24:44 AM,214.87,0,0.0,19672437.44
2025-08-01 09:24:45 AM,214.87,100,21487.0,19693924.44
2025-08-01 09:24:57 AM,214.84,0,0.0,19693924.44
2025-08-01 09:24:58 AM,214.84,983,211187.72,19905112.16
2025-08-01 09:25:04 AM,214.58,0,0.0,19905112.16
2025-08-01 09:25:05 AM,214.58,200,42916.0,19948028.16
2025-08-01 09:25:11 AM,214.51,0,0.0,19948028.16
2025-08-01 09:25:12 AM,214.84,0,0.0,19948028.16
2025-08-01 09:25:13 AM,214.84,1294,278002.96,20226031.12
2025-08-01 09:25:21 AM,214.8,45,9666.0,20235697.12
2025-08-01 09:25:23 AM,214.79,80,17183.2,20252880.32
2025-08-01 09:25:35 AM,214.87,0,0.0,20252880.32
2025-08-01 09:25:36 AM,214.87,1801,386980.87,20639861.19
2025-08-01 09:25:47 AM,214.84,0,0.0,20639861.19
2025-08-01 09:25:51 AM,214.99,9,1934.91,20641796.1
2025-08-01 09:25:52 AM,214.7,0,0.0,20641796.1
2025-08-01 09:25:53 AM,214.7,258,55392.6,20697188.700000003
2025-08-01 09:25:58 AM,214.75,12,2577.0,20699765.700000003
2025-08-01 09:26:05 AM,214.7,0,0.0,20699765.700000003
2025-08-01 09:26:06 AM,214.7,16,3435.2,20703200.900000002
2025-08-01 09:26:13 AM,214.7,10,2147.0,20705347.900000002
2025-08-01 09:26:18 AM,214.72,0,0.0,20705347.900000002
2025-08-01 09:26:21 AM,214.71,300,64413.0,20769760.900000002
2025-08-01 09:26:24 AM,214.69,0,0.0,20769760.900000002
2025-08-01 09:26:29 AM,214.69,100,21469.0,20791229.900000002
2025-08-01 09:26:30 AM,214.7,0,0.0,20791229.900000002
2025-08-01 09:26:31 AM,214.7,24,5152.799999999999,20796382.700000003
2025-08-01 09:26:34 AM,214.52,0,0.0,20796382.700000003
2025-08-01 09:26:36 AM,214.7,0,0.0,20796382.700000003
2025-08-01 09:26:37 AM,214.7,401,86094.7,20882477.400000002
2025-08-01 09:26:38 AM,214.53,1,214.53,20882691.930000003
2025-08-01 09:26:48 AM,214.71,0,0.0,20882691.930000003
2025-08-01 09:26:52 AM,214.71,59,12667.890000000001,20895359.820000004
2025-08-01 09:27:01 AM,214.73,5,1073.6499999999999,20896433.470000003
2025-08-01 09:27:02 AM,215.0,0,0.0,20896433.470000003
2025-08-01 09:27:07 AM,215.0,1234,265310.0,21161743.470000003
2025-08-01 09:27:09 AM,215.11,0,0.0,21161743.470000003
2025-08-01 09:27:14 AM,215.11,50,10755.5,21172498.970000003
2025-08-01 09:27:22 AM,215.18,9,1936.6200000000001,21174435.590000004
2025-08-01 09:27:36 AM,215.3,253,54470.9,21228906.490000002
2025-08-01 09:27:38 AM,215.3,100,21530.0,21250436.490000002
2025-08-01 09:27:49 AM,215.1,0,0.0,21250436.490000002
2025-08-01 09:27:52 AM,215.1,511,109916.09999999999,21360352.590000004
2025-08-01 09:27:55 AM,215.13,0,0.0,21360352.590000004
2025-08-01 09:27:59 AM,215.13,100,21513.0,21381865.590000004
2025-08-01 09:28:05 AM,215.0,0,0.0,21381865.590000004
2025-08-01 09:28:07 AM,215.0,201,43215.0,21425080.590000004
2025-08-01 09:28:08 AM,214.93,1,214.93,21425295.520000003
2025-08-01 09:28:12 AM,214.84,0,0.0,21425295.520000003
2025-08-01 09:28:12 AM,214.75,0,0.0,21425295.520000003
2025-08-01 09:28:15 AM,214.89,884,189962.75999999998,21615258.280000005
2025-08-01 09:28:22 AM,214.89,1,214.89,21615473.170000006
2025-08-01 09:28:23 AM,214.8,0,0.0,21615473.170000006
2025-08-01 09:28:24 AM,214.8,6,1288.8000000000002,21616761.970000006
2025-08-01 09:28:29 AM,214.56,0,0.0,21616761.970000006
2025-08-01 09:28:30 AM,214.56,372,79816.32,21696578.290000007
2025-08-01 09:28:31 AM,214.56,180,38620.8,21735199.090000007
2025-08-01 09:28:38 AM,214.56,316,67800.96,21803000.05000001
2025-08-01 09:28:39 AM,214.6,12,2575.2,21805575.250000007
2025-08-01 09:28:40 AM,214.62,0,0.0,21805575.250000007
2025-08-01 09:28:45 AM,214.62,130,27900.600000000002,21833475.85000001
2025-08-01 09:28:50 AM,214.68,0,0.0,21833475.85000001
2025-08-01 09:28:51 AM,214.61,0,0.0,21833475.85000001
2025-08-01 09:28:53 AM,214.61,386,82839.46,21916315.31000001
2025-08-01 09:29:01 AM,214.85,652,140082.19999999998,22056397.51000001
2025-08-01 09:29:03 AM,214.89,0,0.0,22056397.51000001
2025-08-01 09:29:08 AM,214.73,128,27485.44,22083882.95000001
2025-08-01 09:29:09 AM,214.68,0,0.0,22083882.95000001
2025-08-01 09:29:10 AM,214.68,20,4293.6,22088176.550000012
2025-08-01 09:29:14 AM,214.8,0,0.0,22088176.550000012
2025-08-01 09:29:16 AM,214.8,25,5370.0,22093546.550000012
2025-08-01 09:29:25 AM,214.8,5,1074.0,22094620.550000012
2025-08-01 09:29:31 AM,214.63,50,10731.5,22105352.050000012
2025-08-01 09:29:32 AM,214.56,300,64368.0,22169720.050000012
2025-08-01 09:29:38 AM,214.45,0,0.0,22169720.050000012
2025-08-01 09:29:38 AM,214.45,600,128670.0,22298390.050000012
2025-08-01 09:29:39 AM,214.46,30,6433.8,22304823.850000013
2025-08-01 09:29:43 AM,214.64,0,0.0,22304823.850000013
2025-08-01 09:29:46 AM,214.64,20,4292.799999999999,22309116.650000013
2025-08-01 09:29:47 AM,214.62,60,12877.2,22321993.850000013
2025-08-01 09:29:53 AM,214.62,15,3219.3,22325213.150000013
2025-08-01 09:29:59 AM,214.57,0,0.0,22325213.150000013
2025-08-01 09:30:01 AM,214.62,351,75331.62,22400544.770000014
2025-08-01 09:30:06 AM,214.58,0,0.0,22400544.770000014
2025-08-01 09:30:09 AM,214.58,24,5149.92,22405694.690000016
2025-08-01 09:30:14 AM,214.41,0,0.0,22405694.690000016
2025-08-01 09:30:16 AM,214.41,1,214.41,22405909.100000016
2025-08-01 09:30:24 AM,214.41,754,161665.13999999998,22567574.240000017
2025-08-01 09:30:28 AM,214.42,0,0.0,22567574.240000017
2025-08-01 09:30:31 AM,214.42,65,13937.3,22581511.540000018
2025-08-01 09:30:35 AM,214.4,0,0.0,22581511.540000018
2025-08-01 09:30:38 AM,214.4,1,214.4,22581725.940000016
2025-08-01 09:30:39 AM,214.4,4,857.6,22582583.540000018
2025-08-01 09:30:42 AM,214.37,0,0.0,22582583.540000018
2025-08-01 09:30:46 AM,214.37,1,214.37,22582797.91000002
2025-08-01 09:30:53 AM,214.37,408,87462.96,22670260.87000002
2025-08-01 09:30:58 AM,214.44,0,0.0,22670260.87000002
2025-08-01 09:31:00 AM,214.27,341,73066.07,22743326.94000002
2025-08-01 09:31:03 AM,214.25,0,0.0,22743326.94000002
2025-08-01 09:31:08 AM,214.25,324,69417.0,22812743.94000002
2025-08-01 09:31:15 AM,214.25,43,9212.75,22821956.69000002
2025-08-01 09:31:17 AM,214.37,0,0.0,22821956.69000002
2025-08-01 09:31:23 AM,214.37,307,65811.59,22887768.28000002
2025-08-01 09:31:29 AM,214.3,0,0.0,22887768.28000002
2025-08-01 09:31:30 AM,214.3,116,24858.800000000003,22912627.08000002
2025-08-01 09:31:35 AM,214.38,0,0.0,22912627.08000002
2025-08-01 09:31:37 AM,214.38,115,24653.7,22937280.78000002
2025-08-01 09:31:37 AM,214.27,250,53567.5,22990848.28000002
2025-08-01 09:31:44 AM,214.41,100,21441.0,23012289.28000002
2025-08-01 09:31:44 AM,214.29,1,214.29,23012503.57000002
2025-08-01 09:31:45 AM,214.28,0,0.0,23012503.57000002
2025-08-01 09:31:51 AM,214.41,0,0.0,23012503.57000002
2025-08-01 09:31:51 AM,214.41,27,5789.07,23018292.64000002
2025-08-01 09:31:56 AM,214.31,0,0.0,23018292.64000002
2025-08-01 09:31:58 AM,214.31,76,16287.56,23034580.200000018
2025-08-01 09:32:02 AM,214.45,0,0.0,23034580.200000018
2025-08-01 09:32:05 AM,214.45,1060,227317.0,23261897.200000018
2025-08-01 09:32:07 AM,214.48,0,0.0,23261897.200000018
2025-08-01 09:32:12 AM,214.48,300,64344.0,23326241.200000018
2025-08-01 09:32:19 AM,214.53,0,0.0,23326241.200000018
2025-08-01 09:32:19 AM,214.53,50,10726.5,23336967.700000018
2025-08-01 09:32:33 AM,214.53,41,8795.73,23345763.43000002
2025-08-01 09:32:39 AM,214.53,23,4934.19,23350697.62000002
2025-08-01 09:32:43 AM,214.52,0,0.0,23350697.62000002
2025-08-01 09:32:47 AM,214.51,298,63923.979999999996,23414621.60000002
2025-08-01 09:33:00 AM,214.67,57,12236.189999999999,23426857.79000002
2025-08-01 09:33:07 AM,214.59,0,0.0,23426857.79000002
2025-08-01 09:33:07 AM,214.59,5,1072.95,23427930.74000002
2025-08-01 09:33:13 AM,214.66,0,0.0,23427930.74000002
2025-08-01 09:33:14 AM,214.66,300,64398.0,23492328.74000002
2025-08-01 09:33:18 AM,214.69,0,0.0,23492328.74000002
2025-08-01 09:33:21 AM,214.69,26,5581.94,23497910.680000022
2025-08-01 09:33:23 AM,214.75,0,0.0,23497910.680000022
2025-08-01 09:33:28 AM,214.93,0,0.0,23497910.680000022
2025-08-01 09:33:28 AM,214.95,917,197109.15,23695019.83000002
2025-08-01 09:33:35 AM,214.95,335,72008.25,23767028.08000002
2025-08-01 09:33:42 AM,215.1,90,19359.0,23786387.08000002
2025-08-01 09:33:51 AM,214.93,0,0.0,23786387.08000002
2025-08-01 09:33:53 AM,215.05,0,0.0,23786387.08000002
2025-08-01 09:33:56 AM,215.05,102,21935.100000000002,23808322.180000022
2025-08-01 09:34:08 AM,215.1,0,0.0,23808322.180000022
2025-08-01 09:34:10 AM,215.1,69,14841.9,23823164.08000002
2025-08-01 09:34:17 AM,215.1,100,21510.0,23844674.08000002
2025-08-01 09:34:21 AM,215.28,0,0.0,23844674.08000002
2025-08-01 09:34:23 AM,215.2,0,0.0,23844674.08000002
2025-08-01 09:34:24 AM,215.2,73,15709.599999999999,23860383.680000022
2025-08-01 09:34:26 AM,215.3,0,0.0,23860383.680000022
2025-08-01 09:34:28 AM,215.36,0,0.0,23860383.680000022
2025-08-01 09:34:31 AM,215.2,380,81776.0,23942159.680000022
2025-08-01 09:34:33 AM,215.1,0,0.0,23942159.680000022
2025-08-01 09:34:38 AM,215.17,78,16783.26,23958942.940000024
2025-08-01 09:34:43 AM,215.19,0,0.0,23958942.940000024
2025-08-01 09:34:45 AM,215.19,30,6455.7,23965398.640000023
2025-08-01 09:34:48 AM,215.2,0,0.0,23965398.640000023
2025-08-01 09:34:52 AM,215.2,5,1076.0,23966474.640000023
2025-08-01 09:34:57 AM,215.03,0,0.0,23966474.640000023
2025-08-01 09:34:59 AM,215.03,169,36340.07,24002814.710000023
2025-08-01 09:34:59 AM,215.12,2,430.24,24003244.95000002
2025-08-01 09:35:06 AM,215.12,10,2151.2,24005396.15000002
2025-08-01 09:35:17 AM,214.95,0,0.0,24005396.15000002
2025-08-01 09:35:20 AM,214.95,349,75017.55,24080413.70000002
2025-08-01 09:35:37 AM,214.83,0,0.0,24080413.70000002
2025-08-01 09:35:41 AM,214.84,184,39530.56,24119944.26000002
2025-08-01 09:35:47 AM,214.81,359,77116.79,24197061.05000002
2025-08-01 09:35:52 AM,214.56,0,0.0,24197061.05000002
2025-08-01 09:35:52 AM,214.7,0,0.0,24197061.05000002
2025-08-01 09:35:54 AM,214.7,135,28984.5,24226045.55000002
2025-08-01 09:36:21 AM,214.73,40,8589.199999999999,24234634.75000002
2025-08-01 09:36:26 AM,214.9,0,0.0,24234634.75000002
2025-08-01 09:36:27 AM,214.9,50,10745.0,24245379.75000002
2025-08-01 09:36:33 AM,214.94,0,0.0,24245379.75000002
2025-08-01 09:36:34 AM,214.94,503,108114.81999999999,24353494.57000002
2025-08-01 09:36:38 AM,214.79,0,0.0,24353494.57000002
2025-08-01 09:36:40 AM,214.79,124,26633.96,24380128.53000002
2025-08-01 09:36:46 AM,214.79,2,429.58,24380558.110000018
2025-08-01 09:36:50 AM,214.72,0,0.0,24380558.110000018
2025-08-01 09:36:53 AM,214.72,77,16533.44,24397091.55000002
2025-08-01 09:37:12 AM,214.7,0,0.0,24397091.55000002
2025-08-01 09:37:14 AM,214.7,275,59042.5,24456134.05000002
2025-08-01 09:37:16 AM,214.79,0,0.0,24456134.05000002
2025-08-01 09:37:17 AM,214.55,0,0.0,24456134.05000002
2025-08-01 09:37:21 AM,214.75,0,0.0,24456134.05000002
2025-08-01 09:37:21 AM,214.75,901,193489.75,24649623.80000002
2025-08-01 09:37:28 AM,214.75,1,214.75,24649838.55000002
2025-08-01 09:37:40 AM,214.62,0,0.0,24649838.55000002
2025-08-01 09:37:42 AM,214.62,170,36485.4,24686323.950000018
2025-08-01 09:37:55 AM,214.79,100,21479.0,24707802.950000018
2025-08-01 09:37:56 AM,214.78,0,0.0,24707802.950000018
2025-08-01 09:37:58 AM,214.8,0,0.0,24707802.950000018
2025-08-01 09:38:00 AM,214.76,0,0.0,24707802.950000018
2025-08-01 09:38:01 AM,214.76,73,15677.48,24723480.43000002
2025-08-01 09:38:06 AM,214.75,0,0.0,24723480.43000002
2025-08-01 09:38:08 AM,214.75,100,21475.0,24744955.43000002
2025-08-01 09:38:12 AM,214.62,0,0.0,24744955.43000002
2025-08-01 09:38:15 AM,214.62,64,13735.68,24758691.110000018
2025-08-01 09:38:22 AM,214.62,196,42065.520000000004,24800756.630000018
2025-08-01 09:38:28 AM,214.8,0,0.0,24800756.630000018
2025-08-01 09:38:29 AM,214.8,400,85920.0,24886676.630000018
2025-08-01 09:38:29 AM,214.8,20,4296.0,24890972.630000018
2025-08-01 09:38:42 AM,214.79,1,214.79,24891187.420000017
2025-08-01 09:38:46 AM,214.83,0,0.0,24891187.420000017
2025-08-01 09:38:47 AM,214.38,0,0.0,24891187.420000017
2025-08-01 09:38:49 AM,214.38,5924,1269987.1199999999,26161174.540000018
2025-08-01 09:38:58 AM,214.43,0,0.0,26161174.540000018
2025-08-01 09:39:02 AM,214.49,320,68636.8,26229811.34000002
2025-08-01 09:39:03 AM,214.6,0,0.0,26229811.34000002
2025-08-01 09:39:09 AM,214.6,5044,1082442.4,27312253.740000017
2025-08-01 09:39:16 AM,214.64,200,42928.0,27355181.740000017
2025-08-01 09:39:22 AM,215.0,2293,492995.0,27848176.740000017
2025-08-01 09:39:36 AM,215.07,150,32260.5,27880437.240000017
2025-08-01 09:39:38 AM,214.9,0,0.0,27880437.240000017
2025-08-01 09:39:42 AM,214.9,151,32449.9,27912887.140000015
2025-08-01 09:39:47 AM,215.07,0,0.0,27912887.140000015
2025-08-01 09:39:49 AM,215.07,92,19786.44,27932673.580000017
2025-08-01 09:39:51 AM,215.01,0,0.0,27932673.580000017
2025-08-01 09:39:55 AM,215.01,155,33326.549999999996,27966000.130000018
2025-08-01 09:40:02 AM,215.0,32,6880.0,27972880.130000018
2025-08-01 09:40:08 AM,215.0,188,40420.0,28013300.130000018
2025-08-01 09:40:11 AM,215.02,0,0.0,28013300.130000018
2025-08-01 09:40:15 AM,215.02,25,5375.5,28018675.630000018
2025-08-01 09:40:19 AM,215.0,0,0.0,28018675.630000018
2025-08-01 09:40:21 AM,215.0,343,73745.0,28092420.630000018
2025-08-01 09:40:28 AM,215.0,150,32250.0,28124670.630000018
2025-08-01 09:40:34 AM,215.04,0,0.0,28124670.630000018
2025-08-01 09:40:35 AM,215.04,556,119562.23999999999,28244232.870000016
2025-08-01 09:40:46 AM,215.3,0,0.0,28244232.870000016
2025-08-01 09:40:48 AM,215.4,3072,661708.8,28905941.670000017
2025-08-01 09:40:54 AM,215.34,53,11413.02,28917354.690000016
2025-08-01 09:41:21 AM,215.33,5,1076.65,28918431.340000015
2025-08-01 09:41:26 AM,215.32,0,0.0,28918431.340000015
2025-08-01 09:41:28 AM,215.32,40,8612.8,28927044.140000015
2025-08-01 09:41:31 AM,215.4,0,0.0,28927044.140000015
2025-08-01 09:41:34 AM,215.32,1045,225009.4,29152053.540000014
2025-08-01 09:41:38 AM,215.21,0,0.0,29152053.540000014
2025-08-01 09:41:41 AM,215.31,929,200022.99,29352076.530000012
2025-08-01 09:41:42 AM,215.4,0,0.0,29352076.530000012
2025-08-01 09:41:47 AM,215.4,9,1938.6000000000001,29354015.130000014
2025-08-01 09:41:54 AM,215.4,5,1077.0,29355092.130000014
2025-08-01 09:41:54 AM,215.34,0,0.0,29355092.130000014
2025-08-01 09:41:55 AM,215.34,50,10767.0,29365859.130000014
2025-08-01 09:42:03 AM,215.26,0,0.0,29365859.130000014
2025-08-01 09:42:07 AM,215.26,500,107630.0,29473489.130000014
2025-08-01 09:42:14 AM,215.26,100,21526.0,29495015.130000014
2025-08-01 09:42:19 AM,215.4,0,0.0,29495015.130000014
2025-08-01 09:42:20 AM,215.4,1,215.4,29495230.530000012
2025-08-01 09:42:23 AM,215.34,0,0.0,29495230.530000012
2025-08-01 09:42:27 AM,215.21,55,11836.550000000001,29507067.080000013
2025-08-01 09:42:28 AM,215.21,4,860.84,29507927.920000013
2025-08-01 09:42:49 AM,215.3,0,0.0,29507927.920000013
2025-08-01 09:42:52 AM,215.42,0,0.0,29507927.920000013
2025-08-01 09:42:53 AM,215.42,43,9263.06,29517190.98000001
2025-08-01 09:43:01 AM,215.3,0,0.0,29517190.98000001
2025-08-01 09:43:05 AM,215.3,10,2153.0,29519343.98000001
2025-08-01 09:43:12 AM,215.45,0,0.0,29519343.98000001
2025-08-01 09:43:12 AM,215.45,10,2154.5,29521498.48000001
2025-08-01 09:43:21 AM,215.44,0,0.0,29521498.48000001
2025-08-01 09:43:25 AM,215.27,0,0.0,29521498.48000001
2025-08-01 09:43:26 AM,215.27,296,63719.920000000006,29585218.400000013
2025-08-01 09:43:32 AM,215.27,250,53817.5,29639035.900000013
2025-08-01 09:43:37 AM,215.21,0,0.0,29639035.900000013
2025-08-01 09:43:39 AM,215.21,7,1506.47,29640542.370000012
2025-08-01 09:43:44 AM,215.33,0,0.0,29640542.370000012
2025-08-01 09:43:45 AM,215.33,150,32299.500000000004,29672841.870000012
2025-08-01 09:44:21 AM,215.29,0,0.0,29672841.870000012
2025-08-01 09:44:25 AM,215.29,4,861.16,29673703.030000012
2025-08-01 09:44:29 AM,215.14,0,0.0,29673703.030000012
2025-08-01 09:44:31 AM,215.14,335,72071.9,29745774.93000001
2025-08-01 09:44:41 AM,215.15,0,0.0,29745774.93000001
2025-08-01 09:44:43 AM,215.04,0,0.0,29745774.93000001
2025-08-01 09:44:44 AM,215.04,525,112896.0,29858670.93000001
2025-08-01 09:44:47 AM,215.12,0,0.0,29858670.93000001
2025-08-01 09:44:51 AM,215.12,15,3226.8,29861897.73000001
2025-08-01 09:45:03 AM,215.04,0,0.0,29861897.73000001
2025-08-01 09:45:04 AM,215.04,2,430.08,29862327.81000001
2025-08-01 09:45:07 AM,215.0,0,0.0,29862327.81000001
2025-08-01 09:45:10 AM,215.0,102,21930.0,29884257.81000001
2025-08-01 09:45:13 AM,214.98,0,0.0,29884257.81000001
2025-08-01 09:45:17 AM,214.8,0,0.0,29884257.81000001
2025-08-01 09:45:17 AM,214.98,581,124903.37999999999,30009161.19000001
2025-08-01 09:45:29 AM,214.9,0,0.0,30009161.19000001
2025-08-01 09:45:30 AM,214.9,200,42980.0,30052141.19000001
2025-08-01 09:45:36 AM,214.88,20,4297.6,30056438.79000001
2025-08-01 09:45:44 AM,214.91,22,4728.0199999999995,30061166.81000001
2025-08-01 09:45:45 AM,214.88,0,0.0,30061166.81000001
2025-08-01 09:45:49 AM,214.88,50,10744.0,30071910.81000001
2025-08-01 09:45:52 AM,215.0,0,0.0,30071910.81000001
2025-08-01 09:45:55 AM,214.9,0,0.0,30071910.81000001
2025-08-01 09:45:56 AM,214.9,1050,225645.0,30297555.81000001
2025-08-01 09:45:57 AM,215.0,46,9890.0,30307445.81000001
2025-08-01 09:46:03 AM,214.92,1,214.92,30307660.73000001
2025-08-01 09:46:09 AM,214.92,30,6447.599999999999,30314108.330000013
2025-08-01 09:46:09 AM,214.99,0,0.0,30314108.330000013
2025-08-01 09:46:10 AM,214.99,15,3224.8500000000004,30317333.180000015
2025-08-01 09:46:13 AM,214.69,0,0.0,30317333.180000015
2025-08-01 09:46:15 AM,214.69,1580,339210.2,30656543.380000014
2025-08-01 09:46:22 AM,214.88,0,0.0,30656543.380000014
2025-08-01 09:46:22 AM,214.88,10,2148.8,30658692.180000015
2025-08-01 09:46:26 AM,214.92,0,0.0,30658692.180000015
2025-08-01 09:46:27 AM,214.78,0,0.0,30658692.180000015
2025-08-01 09:46:28 AM,214.78,70,15034.6,30673726.780000016
2025-08-01 09:46:31 AM,214.79,0,0.0,30673726.780000016
2025-08-01 09:46:34 AM,214.79,177,38017.83,30711744.610000014
2025-08-01 09:46:50 AM,214.7,0,0.0,30711744.610000014
2025-08-01 09:46:53 AM,214.9,755,162249.5,30873994.110000014
2025-08-01 09:47:01 AM,214.66,150,32199.0,30906193.110000014
2025-08-01 09:47:18 AM,214.83,0,0.0,30906193.110000014
2025-08-01 09:47:18 AM,214.83,20,4296.6,30910489.710000016
2025-08-01 09:47:40 AM,214.81,0,0.0,30910489.710000016
2025-08-01 09:47:40 AM,214.81,15,3222.15,30913711.860000014
2025-08-01 09:47:42 AM,214.79,0,0.0,30913711.860000014
2025-08-01 09:47:44 AM,214.79,100,21479.0,30935190.860000014
2025-08-01 09:47:51 AM,214.62,550,118041.0,31053231.860000014
2025-08-01 09:47:56 AM,214.58,0,0.0,31053231.860000014
2025-08-01 09:47:57 AM,214.58,50,10729.0,31063960.860000014
2025-08-01 09:48:04 AM,214.66,0,0.0,31063960.860000014
2025-08-01 09:48:04 AM,214.66,9,1931.94,31065892.800000016
2025-08-01 09:48:06 AM,214.5,1,214.5,31066107.300000016
2025-08-01 09:48:09 AM,214.63,0,0.0,31066107.300000016
2025-08-01 09:48:10 AM,214.63,1,214.63,31066321.930000015
2025-08-01 09:48:29 AM,214.67,0,0.0,31066321.930000015
2025-08-01 09:48:30 AM,214.67,10,2146.7,31068468.630000014
2025-08-01 09:48:49 AM,214.7,0,0.0,31068468.630000014
2025-08-01 09:48:49 AM,214.7,14,3005.7999999999997,31071474.430000015
2025-08-01 09:48:51 AM,214.7,10,2147.0,31073621.430000015
2025-08-01 09:48:57 AM,214.69,0,0.0,31073621.430000015
2025-08-01 09:48:58 AM,214.69,998,214260.62,31287882.050000016
2025-08-01 09:49:00 AM,214.59,0,0.0,31287882.050000016
2025-08-01 09:49:01 AM,214.59,100,21459.0,31309341.050000016
2025-08-01 09:49:04 AM,214.72,300,64416.0,31373757.050000016
2025-08-01 09:49:05 AM,214.71,0,0.0,31373757.050000016
2025-08-01 09:49:05 AM,214.74,0,0.0,31373757.050000016
2025-08-01 09:49:08 AM,214.74,51,10951.74,31384708.790000014
2025-08-01 09:49:32 AM,214.77,0,0.0,31384708.790000014
2025-08-01 09:49:33 AM,214.77,5,1073.8500000000001,31385782.640000015
2025-08-01 09:49:41 AM,214.64,0,0.0,31385782.640000015
2025-08-01 09:49:42 AM,214.64,2,429.28,31386211.920000017
2025-08-01 09:50:01 AM,214.64,5,1073.1999999999998,31387285.120000016
2025-08-01 09:50:17 AM,214.56,1,214.56,31387499.680000015
2025-08-01 09:50:19 AM,214.64,0,0.0,31387499.680000015
2025-08-01 09:50:20 AM,214.56,100,21456.0,31408955.680000015
2025-08-01 09:50:22 AM,214.64,0,0.0,31408955.680000015
2025-08-01 09:50:24 AM,214.64,25,5366.0,31414321.680000015
2025-08-01 09:50:43 AM,214.52,0,0.0,31414321.680000015
2025-08-01 09:50:45 AM,214.52,28,6006.56,31420328.240000013
2025-08-01 09:50:57 AM,214.6,125,26825.0,31447153.240000013
2025-08-01 09:51:00 AM,214.52,0,0.0,31447153.240000013
2025-08-01 09:51:01 AM,214.52,250,53630.0,31500783.240000013
2025-08-01 09:51:03 AM,214.6,2,429.2,31501212.440000013
2025-08-01 09:51:06 AM,214.64,0,0.0,31501212.440000013
2025-08-01 09:51:08 AM,214.64,56,12019.84,31513232.280000012
2025-08-01 09:51:26 AM,214.74,0,0.0,31513232.280000012
2025-08-01 09:51:26 AM,214.74,15,3221.1000000000004,31516453.380000014
2025-08-01 09:51:39 AM,214.74,20,4294.8,31520748.180000015
2025-08-01 09:51:45 AM,214.74,1,214.74,31520962.920000013
2025-08-01 09:51:47 AM,214.8,0,0.0,31520962.920000013
2025-08-01 09:51:48 AM,214.8,100,21480.0,31542442.920000013
2025-08-01 09:51:57 AM,214.66,30,6439.8,31548882.720000014
2025-08-01 09:52:22 AM,214.66,4,858.64,31549741.360000014
2025-08-01 09:52:34 AM,214.66,20,4293.2,31554034.560000014
2025-08-01 09:52:36 AM,214.77,0,0.0,31554034.560000014
2025-08-01 09:52:37 AM,214.77,1,214.77,31554249.330000013
2025-08-01 09:52:45 AM,214.78,0,0.0,31554249.330000013
2025-08-01 09:52:46 AM,214.78,5,1073.9,31555323.23000001
2025-08-01 09:52:57 AM,214.66,0,0.0,31555323.23000001
2025-08-01 09:52:58 AM,214.66,17,3649.22,31558972.45000001
2025-08-01 09:53:01 AM,214.66,50,10733.0,31569705.45000001
2025-08-01 09:53:15 AM,214.79,0,0.0,31569705.45000001
2025-08-01 09:53:17 AM,214.7,28,6011.599999999999,31575717.050000012
2025-08-01 09:53:28 AM,214.66,0,0.0,31575717.050000012
2025-08-01 09:53:29 AM,214.66,10,2146.6,31577863.650000013
2025-08-01 09:53:40 AM,214.6,0,0.0,31577863.650000013
2025-08-01 09:53:40 AM,214.64,0,0.0,31577863.650000013
2025-08-01 09:53:42 AM,214.64,816,175146.24,31753009.89000001
2025-08-01 09:53:52 AM,214.71,0,0.0,31753009.89000001
2025-08-01 09:53:55 AM,214.71,3,644.13,31753654.02000001
2025-08-01 09:53:58 AM,214.77,0,0.0,31753654.02000001
2025-08-01 09:54:01 AM,214.65,150,32197.5,31785851.52000001
2025-08-01 09:54:14 AM,214.65,25,5366.25,31791217.77000001
2025-08-01 09:54:25 AM,214.76,0,0.0,31791217.77000001
2025-08-01 09:54:26 AM,214.76,1,214.76,31791432.530000012
2025-08-01 09:54:38 AM,214.76,2,429.52,31791862.050000012
2025-08-01 09:55:05 AM,214.65,0,0.0,31791862.050000012
2025-08-01 09:55:07 AM,214.65,32,6868.8,31798730.850000013
2025-08-01 09:55:11 AM,214.6,0,0.0,31798730.850000013
2025-08-01 09:55:13 AM,214.6,85,18241.0,31816971.850000013
2025-08-01 09:55:20 AM,214.6,50,10730.0,31827701.850000013
2025-08-01 09:55:25 AM,214.6,150,32190.0,31859891.850000013
2025-08-01 09:55:26 AM,214.6,90,19314.0,31879205.850000013
2025-08-01 09:55:32 AM,214.6,2200,472120.0,32351325.850000013
2025-08-01 09:55:39 AM,214.66,0,0.0,32351325.850000013
2025-08-01 09:55:40 AM,214.6,0,0.0,32351325.850000013
2025-08-01 09:55:43 AM,214.6,26,5579.599999999999,32356905.450000014
2025-08-01 09:55:49 AM,214.6,2,429.2,32357334.650000013
2025-08-01 09:55:55 AM,214.68,550,118074.0,32475408.650000013
2025-08-01 09:56:01 AM,214.5,0,0.0,32475408.650000013
2025-08-01 09:56:01 AM,214.5,1653,354568.5,32829977.150000013
2025-08-01 09:56:07 AM,214.57,0,0.0,32829977.150000013
2025-08-01 09:56:07 AM,214.57,18,3862.2599999999998,32833839.410000015
2025-08-01 09:56:13 AM,214.36,0,0.0,32833839.410000015
2025-08-01 09:56:13 AM,214.36,1679,359910.44,33193749.850000016
2025-08-01 09:56:28 AM,214.47,0,0.0,33193749.850000016
2025-08-01 09:56:31 AM,214.47,100,21447.0,33215196.850000016
2025-08-01 09:56:32 AM,214.53,0,0.0,33215196.850000016
2025-08-01 09:56:32 AM,214.53,200,42906.0,33258102.850000016
2025-08-01 09:56:37 AM,214.36,50,10718.0,33268820.850000016
2025-08-01 09:56:38 AM,214.36,10,2143.6000000000004,33270964.450000018
2025-08-01 09:56:43 AM,214.3,0,0.0,33270964.450000018
2025-08-01 09:56:43 AM,214.3,2310,495033.0,33765997.45000002
2025-08-01 09:56:46 AM,214.34,0,0.0,33765997.45000002
2025-08-01 09:56:49 AM,214.34,50,10717.0,33776714.45000002
2025-08-01 09:57:02 AM,214.34,2,428.68,33777143.13000002
2025-08-01 09:57:11 AM,214.36,0,0.0,33777143.13000002
2025-08-01 09:57:13 AM,214.26,125,26782.5,33803925.63000002
2025-08-01 09:57:15 AM,214.34,10,2143.4,33806069.030000016
2025-08-01 09:57:21 AM,214.25,1000,214250.0,34020319.030000016
2025-08-01 09:57:24 AM,214.25,97,20782.25,34041101.280000016
2025-08-01 09:57:35 AM,214.38,0,0.0,34041101.280000016
2025-08-01 09:57:36 AM,214.38,100,21438.0,34062539.280000016
2025-08-01 09:57:42 AM,214.37,0,0.0,34062539.280000016
2025-08-01 09:57:42 AM,214.37,1,214.37,34062753.65000001
2025-08-01 09:58:12 AM,214.34,0,0.0,34062753.65000001
2025-08-01 09:58:13 AM,214.34,26,5572.84,34068326.49000002
2025-08-01 09:58:19 AM,214.25,57,12212.25,34080538.74000002
2025-08-01 09:58:25 AM,214.25,10,2142.5,34082681.24000002
2025-08-01 09:58:36 AM,214.2,0,0.0,34082681.24000002
2025-08-01 09:58:37 AM,214.34,4622,990679.48,35073360.72000001
2025-08-01 09:58:43 AM,214.16,0,0.0,35073360.72000001
2025-08-01 09:58:43 AM,214.16,104,22272.64,35095633.360000014
2025-08-01 09:58:46 AM,214.11,206,44106.66,35139740.02000001
2025-08-01 09:59:01 AM,214.2,40,8568.0,35148308.02000001
2025-08-01 09:59:04 AM,214.1,0,0.0,35148308.02000001
2025-08-01 09:59:04 AM,214.1,233,49885.299999999996,35198193.32000001
2025-08-01 09:59:09 AM,214.21,0,0.0,35198193.32000001
2025-08-01 09:59:10 AM,214.21,100,21421.0,35219614.32000001
2025-08-01 09:59:32 AM,214.11,25,5352.75,35224967.07000001
2025-08-01 09:59:45 AM,214.21,550,117815.5,35342782.57000001
2025-08-01 09:59:48 AM,214.1,232,49671.2,35392453.77000001
2025-08-01 09:59:51 AM,214.1,10,2141.0,35394594.77000001
2025-08-01 09:59:57 AM,214.11,0,0.0,35394594.77000001
2025-08-01 09:59:57 AM,214.11,5,1070.5500000000002,35395665.32000001
2025-08-01 10:00:03 AM,214.21,0,0.0,35395665.32000001
2025-08-01 10:00:03 AM,214.21,4,856.84,35396522.16000001
2025-08-01 10:00:06 AM,214.1,0,0.0,35396522.16000001
2025-08-01 10:00:06 AM,214.1,25,5352.5,35401874.66000001
2025-08-01 10:00:10 AM,214.19,0,0.0,35401874.66000001
2025-08-01 10:00:10 AM,214.1,75,16057.5,35417932.16000001
2025-08-01 10:00:13 AM,214.21,0,0.0,35417932.16000001
2025-08-01 10:00:13 AM,214.21,100,21421.0,35439353.16000001
2025-08-01 10:00:17 AM,214.2,0,0.0,35439353.16000001
2025-08-01 10:00:19 AM,214.1,0,0.0,35439353.16000001
2025-08-01 10:00:19 AM,214.1,125,26762.5,35466115.66000001
2025-08-01 10:00:23 AM,214.24,170,36420.8,35502536.46000001
2025-08-01 10:00:26 AM,214.2,1,214.2,35502750.66000001
2025-08-01 10:00:29 AM,214.2,100,21420.0,35524170.66000001
2025-08-01 10:00:42 AM,214.1,0,0.0,35524170.66000001
2025-08-01 10:00:45 AM,214.09,321,68722.89,35592893.55000001
2025-08-01 10:00:48 AM,214.16,0,0.0,35592893.55000001
2025-08-01 10:00:48 AM,214.16,25,5354.0,35598247.55000001
2025-08-01 10:00:54 AM,214.13,1,214.13,35598461.680000015
2025-08-01 10:00:57 AM,214.16,10,2141.6,35600603.280000016
2025-08-01 10:01:05 AM,214.05,0,0.0,35600603.280000016
2025-08-01 10:01:07 AM,214.05,100,21405.0,35622008.280000016
2025-08-01 10:01:28 AM,214.36,0,0.0,35622008.280000016
2025-08-01 10:01:29 AM,214.2,0,0.0,35622008.280000016
2025-08-01 10:01:29 AM,214.2,998,213771.59999999998,35835779.88000002
2025-08-01 10:01:55 AM,214.17,100,21417.0,35857196.88000002
2025-08-01 10:02:00 AM,214.18,1,214.18,35857411.06000002
2025-08-01 10:02:01 AM,214.17,10,2141.7,35859552.76000002
2025-08-01 10:02:11 AM,214.19,0,0.0,35859552.76000002
2025-08-01 10:02:12 AM,214.19,5004,1071806.76,36931359.52000002
2025-08-01 10:02:37 AM,214.18,141,30199.38,36961558.90000002
2025-08-01 10:02:39 AM,214.29,100,21429.0,36982987.90000002
2025-08-01 10:02:44 AM,214.3,30,6429.0,36989416.90000002
2025-08-01 10:02:57 AM,214.3,2,428.6,36989845.50000002
2025-08-01 10:03:05 AM,214.18,470,100664.6,37090510.100000024
2025-08-01 10:03:08 AM,214.17,0,0.0,37090510.100000024
2025-08-01 10:03:09 AM,214.17,188,40263.96,37130774.060000025
2025-08-01 10:03:11 AM,214.2,10,2142.0,37132916.060000025
2025-08-01 10:03:18 AM,214.17,1000,214170.0,37347086.060000025
2025-08-01 10:03:20 AM,214.3,0,0.0,37347086.060000025
2025-08-01 10:03:22 AM,214.3,18,3857.4,37350943.46000002
2025-08-01 10:03:24 AM,214.3,2,428.6,37351372.060000025
2025-08-01 10:03:29 AM,214.3,1221,261660.30000000002,37613032.36000002
2025-08-01 10:03:31 AM,214.41,0,0.0,37613032.36000002
2025-08-01 10:03:31 AM,214.41,200,42882.0,37655914.36000002
2025-08-01 10:03:35 AM,214.34,199,42653.66,37698568.02000002
2025-08-01 10:03:40 AM,214.52,0,0.0,37698568.02000002
2025-08-01 10:03:42 AM,214.52,51,10940.52,37709508.54000002
2025-08-01 10:03:50 AM,214.56,43,9226.08,37718734.62000002
2025-08-01 10:04:00 AM,214.58,0,0.0,37718734.62000002
2025-08-01 10:04:00 AM,214.58,233,49997.14,37768731.76000002
2025-08-01 10:04:06 AM,214.41,15,3216.15,37771947.91000002
2025-08-01 10:04:12 AM,214.36,0,0.0,37771947.91000002
2025-08-01 10:04:12 AM,214.36,231,49517.16,37821465.070000015
2025-08-01 10:04:19 AM,214.36,10,2143.6000000000004,37823608.67000002
2025-08-01 10:04:27 AM,214.36,11,2357.96,37825966.63000002
2025-08-01 10:04:28 AM,214.27,0,0.0,37825966.63000002
2025-08-01 10:04:31 AM,214.27,5,1071.3500000000001,37827037.98000002
2025-08-01 10:04:36 AM,214.36,0,0.0,37827037.98000002
2025-08-01 10:04:38 AM,214.36,1,214.36,37827252.34000002
2025-08-01 10:04:40 AM,214.36,25,5359.0,37832611.34000002
2025-08-01 10:04:50 AM,214.36,25,5359.0,37837970.34000002
2025-08-01 10:04:52 AM,214.38,100,21438.0,37859408.34000002
2025-08-01 10:04:56 AM,214.37,1,214.37,37859622.710000016
2025-08-01 10:05:01 AM,214.29,0,0.0,37859622.710000016
2025-08-01 10:05:02 AM,214.29,56,12000.24,37871622.95000002
2025-08-01 10:05:07 AM,214.36,0,0.0,37871622.95000002
2025-08-01 10:05:09 AM,214.36,457,97962.52,37969585.47000002
2025-08-01 10:05:15 AM,214.36,19,4072.84,37973658.310000025
2025-08-01 10:05:27 AM,214.28,1,214.28,37973872.590000026
2025-08-01 10:05:28 AM,214.23,0,0.0,37973872.590000026
2025-08-01 10:05:29 AM,214.23,4,856.92,37974729.51000003
2025-08-01 10:05:35 AM,214.31,0,0.0,37974729.51000003
2025-08-01 10:05:35 AM,214.31,90,19287.9,37994017.410000026
2025-08-01 10:05:41 AM,214.3,1,214.3,37994231.71000002
2025-08-01 10:05:44 AM,214.19,0,0.0,37994231.71000002
2025-08-01 10:05:45 AM,214.19,97,20776.43,38015008.14000002
2025-08-01 10:05:47 AM,214.19,1,214.19,38015222.33000002
2025-08-01 10:05:57 AM,214.14,50,10707.0,38025929.33000002
2025-08-01 10:06:27 AM,214.14,50,10707.0,38036636.33000002
2025-08-01 10:06:33 AM,214.1,21,4496.099999999999,38041132.43000002
2025-08-01 10:06:39 AM,214.05,0,0.0,38041132.43000002
2025-08-01 10:06:39 AM,214.05,186,39813.3,38080945.73000002
2025-08-01 10:06:43 AM,214.1,0,0.0,38080945.73000002
2025-08-01 10:06:45 AM,214.1,5,1070.5,38082016.23000002
2025-08-01 10:06:51 AM,214.1,196,41963.6,38123979.83000002
2025-08-01 10:06:53 AM,214.1,27,5780.7,38129760.53000002
2025-08-01 10:06:57 AM,214.15,55,11778.25,38141538.78000002
2025-08-01 10:07:03 AM,214.1,0,0.0,38141538.78000002
2025-08-01 10:07:03 AM,214.1,298,63801.799999999996,38205340.58000002
2025-08-01 10:07:05 AM,214.05,1600,342480.0,38547820.58000002
2025-08-01 10:07:09 AM,213.72,0,0.0,38547820.58000002
2025-08-01 10:07:10 AM,213.72,8437,1803155.64,40350976.22000002
2025-08-01 10:07:12 AM,213.71,190,40604.9,40391581.12000002
2025-08-01 10:07:14 AM,213.7,0,0.0,40391581.12000002
2025-08-01 10:07:16 AM,213.79,82,17530.78,40409111.90000002
2025-08-01 10:07:19 AM,213.8,0,0.0,40409111.90000002
2025-08-01 10:07:22 AM,213.81,31,6628.11,40415740.01000002
2025-08-01 10:07:28 AM,213.93,0,0.0,40415740.01000002
2025-08-01 10:07:28 AM,213.81,354,75688.74,40491428.75000002
2025-08-01 10:07:35 AM,213.9,265,56683.5,40548112.25000002
2025-08-01 10:07:36 AM,213.89,79,16897.309999999998,40565009.560000025
2025-08-01 10:07:40 AM,214.03,100,21403.0,40586412.560000025
2025-08-01 10:07:42 AM,213.9,28,5989.2,40592401.76000003
2025-08-01 10:07:47 AM,213.9,11,2352.9,40594754.660000026
2025-08-01 10:07:50 AM,214.01,0,0.0,40594754.660000026
2025-08-01 10:07:53 AM,213.88,162,34648.56,40629403.22000003
2025-08-01 10:07:55 AM,213.8,244,52167.200000000004,40681570.42000003
2025-08-01 10:07:59 AM,213.74,91,19450.34,40701020.760000035
2025-08-01 10:08:04 AM,213.54,0,0.0,40701020.760000035
2025-08-01 10:08:05 AM,213.78,1566,334779.48,41035800.24000003
2025-08-01 10:08:32 AM,213.79,0,0.0,41035800.24000003
2025-08-01 10:08:32 AM,213.79,500,106895.0,41142695.24000003
2025-08-01 10:08:39 AM,213.99,0,0.0,41142695.24000003
2025-08-01 10:08:42 AM,213.99,400,85596.0,41228291.24000003
2025-08-01 10:08:52 AM,213.78,0,0.0,41228291.24000003
2025-08-01 10:08:54 AM,213.78,23,4916.94,41233208.18000003
2025-08-01 10:08:55 AM,213.65,0,0.0,41233208.18000003
2025-08-01 10:08:55 AM,213.65,1200,256380.0,41489588.18000003
2025-08-01 10:09:02 AM,213.63,0,0.0,41489588.18000003
2025-08-01 10:09:06 AM,213.63,500,106815.0,41596403.18000003
2025-08-01 10:09:28 AM,213.67,0,0.0,41596403.18000003
2025-08-01 10:09:29 AM,213.67,100,21367.0,41617770.18000003
2025-08-01 10:09:31 AM,213.76,0,0.0,41617770.18000003
2025-08-01 10:09:31 AM,213.76,18,3847.68,41621617.86000003
2025-08-01 10:09:35 AM,213.77,0,0.0,41621617.86000003
2025-08-01 10:09:35 AM,213.77,50,10688.5,41632306.36000003
2025-08-01 10:09:41 AM,213.77,1,213.77,41632520.13000003
2025-08-01 10:09:52 AM,213.78,2356,503665.68,42136185.81000003
2025-08-01 10:09:54 AM,213.75,0,0.0,42136185.81000003
2025-08-01 10:09:54 AM,213.75,5,1068.75,42137254.56000003
2025-08-01 10:10:14 AM,213.84,0,0.0,42137254.56000003
2025-08-01 10:10:15 AM,213.84,1,213.84,42137468.400000036
2025-08-01 10:10:21 AM,213.84,6,1283.04,42138751.440000035
2025-08-01 10:10:31 AM,213.86,0,0.0,42138751.440000035
2025-08-01 10:10:33 AM,213.86,50,10693.0,42149444.440000035
2025-08-01 10:10:35 AM,213.95,50,10697.5,42160141.940000035
2025-08-01 10:10:37 AM,213.99,0,0.0,42160141.940000035
2025-08-01 10:10:39 AM,213.99,150,32098.5,42192240.440000035
2025-08-01 10:10:53 AM,213.98,50,10699.0,42202939.440000035
2025-08-01 10:10:57 AM,213.98,100,21398.0,42224337.440000035
2025-08-01 10:11:09 AM,213.97,50,10698.5,42235035.940000035
2025-08-01 10:11:13 AM,213.98,0,0.0,42235035.940000035
2025-08-01 10:11:15 AM,213.99,20,4279.8,42239315.74000003
2025-08-01 10:12:19 AM,214.01,0,0.0,42239315.74000003
2025-08-01 10:12:19 AM,214.01,6,1284.06,42240599.800000034
2025-08-01 10:12:36 AM,214.01,20,4280.2,42244880.00000004
2025-08-01 10:12:54 AM,214.01,271,57996.71,42302876.71000004
2025-08-01 10:12:59 AM,214.01,229,49008.29,42351885.00000004
2025-08-01 10:13:11 AM,214.12,9,1927.08,42353812.080000035
2025-08-01 10:13:16 AM,214.02,0,0.0,42353812.080000035
2025-08-01 10:13:17 AM,214.02,182,38951.64,42392763.720000036
2025-08-01 10:13:23 AM,214.02,261,55859.22,42448622.940000035
2025-08-01 10:13:35 AM,214.02,18,3852.36,42452475.300000034
2025-08-01 10:13:59 AM,214.13,101,21627.13,42474102.43000004
2025-08-01 10:14:22 AM,214.13,5,1070.65,42475173.080000035
2025-08-01 10:14:27 AM,214.02,100,21402.0,42496575.080000035
2025-08-01 10:14:31 AM,214.13,0,0.0,42496575.080000035
2025-08-01 10:14:33 AM,214.02,27,5778.54,42502353.620000035
2025-08-01 10:14:40 AM,214.05,0,0.0,42502353.620000035
2025-08-01 10:14:40 AM,214.05,1,214.05,42502567.67000003
2025-08-01 10:14:50 AM,214.05,60,12843.0,42515410.67000003
2025-08-01 10:14:56 AM,214.15,0,0.0,42515410.67000003
2025-08-01 10:14:56 AM,214.15,1,214.15,42515624.82000003
2025-08-01 10:15:02 AM,214.15,471,100864.65000000001,42616489.47000003
2025-08-01 10:15:04 AM,214.17,0,0.0,42616489.47000003
2025-08-01 10:15:08 AM,214.17,2,428.34,42616917.81000003
2025-08-01 10:15:10 AM,214.09,0,0.0,42616917.81000003
2025-08-01 10:15:13 AM,214.15,61,13063.15,42629980.96000003
2025-08-01 10:15:22 AM,214.14,0,0.0,42629980.96000003
2025-08-01 10:15:26 AM,214.14,27,5781.78,42635762.74000003
2025-08-01 10:15:38 AM,214.14,5,1070.6999999999998,42636833.440000035
2025-08-01 10:15:44 AM,214.19,10,2141.9,42638975.34000003
2025-08-01 10:15:44 AM,214.2,10,2142.0,42641117.34000003
2025-08-01 10:15:46 AM,214.1,0,0.0,42641117.34000003
2025-08-01 10:15:50 AM,214.1,300,64230.0,42705347.34000003
2025-08-01 10:16:09 AM,214.11,0,0.0,42705347.34000003
2025-08-01 10:16:13 AM,214.11,20,4282.200000000001,42709629.54000004
2025-08-01 10:16:19 AM,214.11,250,53527.5,42763157.04000004
2025-08-01 10:16:25 AM,214.11,12,2569.32,42765726.36000004
2025-08-01 10:16:28 AM,214.19,0,0.0,42765726.36000004
2025-08-01 10:16:31 AM,214.19,10,2141.9,42767868.260000035
2025-08-01 10:16:58 AM,214.22,0,0.0,42767868.260000035
2025-08-01 10:16:59 AM,214.2,0,0.0,42767868.260000035
2025-08-01 10:16:59 AM,214.2,196,41983.2,42809851.46000004
2025-08-01 10:17:07 AM,214.19,0,0.0,42809851.46000004
2025-08-01 10:17:08 AM,214.11,0,0.0,42809851.46000004
2025-08-01 10:17:10 AM,214.11,11,2355.21,42812206.67000004
2025-08-01 10:17:16 AM,214.11,50,10705.5,42822912.17000004
2025-08-01 10:17:31 AM,214.18,0,0.0,42822912.17000004
2025-08-01 10:17:33 AM,214.18,20,4283.6,42827195.77000004
2025-08-01 10:18:08 AM,214.11,200,42822.0,42870017.77000004
2025-08-01 10:18:12 AM,214.17,0,0.0,42870017.77000004
2025-08-01 10:18:14 AM,214.17,1,214.17,42870231.94000004
2025-08-01 10:18:21 AM,214.05,0,0.0,42870231.94000004
2025-08-01 10:18:22 AM,214.09,0,0.0,42870231.94000004
2025-08-01 10:18:25 AM,214.09,167,35753.03,42905984.97000004
2025-08-01 10:18:33 AM,214.02,0,0.0,42905984.97000004
2025-08-01 10:18:34 AM,214.09,0,0.0,42905984.97000004
2025-08-01 10:18:37 AM,214.09,491,105118.19,43011103.16000004
2025-08-01 10:18:39 AM,214.02,0,0.0,43011103.16000004
2025-08-01 10:18:42 AM,214.11,0,0.0,43011103.16000004
2025-08-01 10:18:43 AM,214.11,66,14131.26,43025234.42000004
2025-08-01 10:18:51 AM,214.1,0,0.0,43025234.42000004
2025-08-01 10:18:54 AM,214.1,5,1070.5,43026304.92000004
2025-08-01 10:18:57 AM,214.02,0,0.0,43026304.92000004
2025-08-01 10:19:00 AM,214.09,22,4709.9800000000005,43031014.900000036
2025-08-01 10:19:23 AM,214.09,1,214.09,43031228.99000004
2025-08-01 10:19:29 AM,214.09,200,42818.0,43074046.99000004
2025-08-01 10:19:40 AM,214.09,41,8777.69,43082824.68000004
2025-08-01 10:19:58 AM,214.09,100,21409.0,43104233.68000004
2025-08-01 10:20:08 AM,214.09,50,10704.5,43114938.18000004
2025-08-01 10:20:13 AM,214.1,80,17128.0,43132066.18000004
2025-08-01 10:20:31 AM,214.1,5,1070.5,43133136.68000004
2025-08-01 10:20:32 AM,214.11,932,199550.52000000002,43332687.20000004
2025-08-01 10:20:37 AM,214.18,0,0.0,43332687.20000004
2025-08-01 10:20:37 AM,214.18,12,2570.16,43335257.36000004
2025-08-01 10:20:57 AM,214.18,1,214.18,43335471.54000004
2025-08-01 10:21:08 AM,214.18,5,1070.9,43336542.440000035
2025-08-01 10:21:19 AM,214.18,42,8995.56,43345538.00000004
2025-08-01 10:21:36 AM,214.31,102,21859.62,43367397.620000035
2025-08-01 10:21:41 AM,214.76,2778,596603.28,43964000.900000036
2025-08-01 10:21:46 AM,214.71,0,0.0,43964000.900000036
2025-08-01 10:21:47 AM,214.71,11,2361.81,43966362.71000004
2025-08-01 10:21:52 AM,214.76,0,0.0,43966362.71000004
2025-08-01 10:21:53 AM,214.76,768,164935.68,44131298.39000004
2025-08-01 10:21:57 AM,214.8,826,177424.80000000002,44308723.190000035
2025-08-01 10:22:08 AM,214.9,55,11819.5,44320542.690000035
2025-08-01 10:22:09 AM,214.69,746,160158.74,44480701.43000004
2025-08-01 10:22:13 AM,214.6,0,0.0,44480701.43000004
2025-08-01 10:22:13 AM,214.6,219,46997.4,44527698.830000035
2025-08-01 10:22:28 AM,214.71,301,64627.71,44592326.54000004
2025-08-01 10:22:39 AM,214.73,1,214.73,44592541.27000003
2025-08-01 10:22:40 AM,214.6,0,0.0,44592541.27000003
2025-08-01 10:22:42 AM,214.6,3,643.8,44593185.07000003
2025-08-01 10:22:52 AM,214.58,0,0.0,44593185.07000003
2025-08-01 10:22:53 AM,214.58,40,8583.2,44601768.27000003
2025-08-01 10:23:01 AM,214.4,0,0.0,44601768.27000003
2025-08-01 10:23:01 AM,214.4,1993,427299.2,45029067.470000036
2025-08-01 10:23:10 AM,214.26,5,1071.3,45030138.77000003
2025-08-01 10:23:15 AM,214.27,0,0.0,45030138.77000003
2025-08-01 10:23:15 AM,214.27,4,857.08,45030995.85000003
2025-08-01 10:23:21 AM,214.32,0,0.0,45030995.85000003
2025-08-01 10:23:21 AM,214.32,1,214.32,45031210.17000003
2025-08-01 10:23:47 AM,214.32,5,1071.6,45032281.77000003
2025-08-01 10:23:55 AM,214.32,1,214.32,45032496.09000003
2025-08-01 10:24:05 AM,214.32,1,214.32,45032710.41000003
2025-08-01 10:24:15 AM,214.27,0,0.0,45032710.41000003
2025-08-01 10:24:15 AM,214.27,50,10713.5,45043423.91000003
2025-08-01 10:24:26 AM,214.27,100,21427.0,45064850.91000003
2025-08-01 10:25:17 AM,214.3,0,0.0,45064850.91000003
2025-08-01 10:25:19 AM,214.3,12,2571.6000000000004,45067422.510000035
2025-08-01 10:25:22 AM,214.27,0,0.0,45067422.510000035
2025-08-01 10:25:22 AM,214.27,252,53996.04,45121418.550000034
2025-08-01 10:25:24 AM,214.27,120,25712.4,45147130.95000003
2025-08-01 10:25:33 AM,214.27,39,8356.53,45155487.480000034
2025-08-01 10:25:50 AM,214.27,15,3214.05,45158701.53000003
2025-08-01 10:25:58 AM,214.26,0,0.0,45158701.53000003
2025-08-01 10:26:00 AM,214.27,124,26569.48,45185271.01000003
2025-08-01 10:26:06 AM,214.27,50,10713.5,45195984.51000003
2025-08-01 10:26:28 AM,214.32,0,0.0,45195984.51000003
2025-08-01 10:26:29 AM,214.32,323,69225.36,45265209.87000003
2025-08-01 10:26:52 AM,214.3,0,0.0,45265209.87000003
2025-08-01 10:26:52 AM,214.3,50,10715.0,45275924.87000003
2025-08-01 10:27:02 AM,214.38,0,0.0,45275924.87000003
2025-08-01 10:27:03 AM,214.38,5,1071.9,45276996.770000026
2025-08-01 10:27:17 AM,214.46,500,107230.0,45384226.770000026
2025-08-01 10:27:23 AM,214.48,200,42896.0,45427122.770000026
2025-08-01 10:27:37 AM,214.49,0,0.0,45427122.770000026
2025-08-01 10:27:39 AM,214.49,50,10724.5,45437847.270000026
2025-08-01 10:27:43 AM,214.53,0,0.0,45437847.270000026
2025-08-01 10:27:45 AM,214.53,233,49985.49,45487832.76000003
2025-08-01 10:27:47 AM,214.48,0,0.0,45487832.76000003
2025-08-01 10:27:47 AM,214.48,4,857.92,45488690.68000003
2025-08-01 10:27:49 AM,214.54,0,0.0,45488690.68000003
2025-08-01 10:27:50 AM,214.54,500,107270.0,45595960.68000003
2025-08-01 10:28:13 AM,214.49,0,0.0,45595960.68000003
2025-08-01 10:28:14 AM,214.49,1,214.49,45596175.17000003
2025-08-01 10:28:21 AM,214.54,0,0.0,45596175.17000003
2025-08-01 10:28:23 AM,214.54,300,64362.0,45660537.17000003
2025-08-01 10:28:34 AM,214.48,133,28525.84,45689063.010000035
2025-08-01 10:29:18 AM,214.4,2,428.8,45689491.81000003
2025-08-01 10:29:27 AM,214.5,0,0.0,45689491.81000003
2025-08-01 10:29:27 AM,214.5,50,10725.0,45700216.81000003
2025-08-01 10:29:46 AM,214.4,1,214.4,45700431.21000003
2025-08-01 10:29:51 AM,214.37,100,21437.0,45721868.21000003
2025-08-01 10:29:53 AM,214.46,0,0.0,45721868.21000003
2025-08-01 10:29:54 AM,214.46,11,2359.06,45724227.27000003
2025-08-01 10:30:02 AM,214.35,302,64733.7,45788960.970000036
2025-08-01 10:30:08 AM,214.27,0,0.0,45788960.970000036
2025-08-01 10:30:08 AM,214.27,585,125347.95000000001,45914308.92000004
2025-08-01 10:30:17 AM,214.12,174,37256.88,45951565.80000004
2025-08-01 10:30:31 AM,214.14,70,14989.8,45966555.60000004
2025-08-01 10:30:33 AM,214.13,0,0.0,45966555.60000004
2025-08-01 10:30:34 AM,214.13,110,23554.3,45990109.900000036
2025-08-01 10:30:51 AM,214.16,0,0.0,45990109.900000036
2025-08-01 10:30:51 AM,214.16,10,2141.6,45992251.50000004
2025-08-01 10:31:14 AM,214.12,0,0.0,45992251.50000004
2025-08-01 10:31:14 AM,214.12,100,21412.0,46013663.50000004
2025-08-01 10:31:28 AM,214.29,0,0.0,46013663.50000004
2025-08-01 10:31:29 AM,214.29,5,1071.45,46014734.95000004
2025-08-01 10:31:34 AM,214.19,0,0.0,46014734.95000004
2025-08-01 10:31:34 AM,214.19,25,5354.75,46020089.70000004
2025-08-01 10:31:45 AM,214.15,939,201086.85,46221176.55000004
2025-08-01 10:31:54 AM,214.12,41,8778.92,46229955.47000004
2025-08-01 10:32:07 AM,214.21,561,120171.81,46350127.280000046
2025-08-01 10:32:20 AM,214.31,20,4286.2,46354413.48000005
2025-08-01 10:32:46 AM,214.35,5500,1178925.0,47533338.48000005
2025-08-01 10:32:54 AM,214.61,200,42922.0,47576260.48000005
2025-08-01 10:33:02 AM,214.7,93,19967.1,47596227.58000005
2025-08-01 10:33:07 AM,214.61,0,0.0,47596227.58000005
2025-08-01 10:33:08 AM,214.61,241,51721.01,47647948.59000005
2025-08-01 10:33:30 AM,214.74,0,0.0,47647948.59000005
2025-08-01 10:33:30 AM,214.74,20,4294.8,47652243.390000045
2025-08-01 10:34:09 AM,214.78,0,0.0,47652243.390000045
2025-08-01 10:34:10 AM,214.78,100,21478.0,47673721.390000045
2025-08-01 10:34:21 AM,214.77,6,1288.6200000000001,47675010.01000004
2025-08-01 10:34:32 AM,214.65,0,0.0,47675010.01000004
2025-08-01 10:34:32 AM,214.65,3,643.95,47675653.960000046
2025-08-01 10:34:49 AM,214.65,50,10732.5,47686386.460000046
2025-08-01 10:35:04 AM,214.74,0,0.0,47686386.460000046
2025-08-01 10:35:06 AM,214.74,1,214.74,47686601.20000005
2025-08-01 10:35:17 AM,214.7,0,0.0,47686601.20000005
2025-08-01 10:35:18 AM,214.7,34,7299.799999999999,47693901.000000045
2025-08-01 10:35:31 AM,214.7,127,27266.899999999998,47721167.90000004
2025-08-01 10:36:03 AM,214.65,2,429.3,47721597.20000004
2025-08-01 10:36:11 AM,214.65,54,11591.1,47733188.30000004
2025-08-01 10:36:17 AM,214.68,0,0.0,47733188.30000004
2025-08-01 10:36:19 AM,214.68,100,21468.0,47754656.30000004
2025-08-01 10:36:44 AM,214.72,1,214.72,47754871.02000004
2025-08-01 10:36:49 AM,214.72,51,10950.72,47765821.74000004
2025-08-01 10:36:55 AM,214.67,0,0.0,47765821.74000004
2025-08-01 10:36:58 AM,214.67,40,8586.8,47774408.54000004
2025-08-01 10:37:36 AM,214.67,38,8157.459999999999,47782566.00000004
2025-08-01 10:37:48 AM,214.67,150,32200.499999999996,47814766.50000004
2025-08-01 10:38:11 AM,214.67,15,3220.0499999999997,47817986.550000034
2025-08-01 10:38:14 AM,214.74,30,6442.200000000001,47824428.75000004
2025-08-01 10:38:25 AM,214.66,0,0.0,47824428.75000004
2025-08-01 10:38:26 AM,214.65,482,103461.3,47927890.050000034
2025-08-01 10:38:49 AM,214.61,0,0.0,47927890.050000034
2025-08-01 10:38:50 AM,214.61,1506,323202.66000000003,48251092.71000003
2025-08-01 10:38:53 AM,214.56,10,2145.6,48253238.31000003
2025-08-01 10:38:55 AM,214.56,1,214.56,48253452.870000035
2025-08-01 10:39:43 AM,214.5,0,0.0,48253452.870000035
2025-08-01 10:39:43 AM,214.5,15,3217.5,48256670.370000035
2025-08-01 10:39:54 AM,214.5,1,214.5,48256884.870000035
2025-08-01 10:40:10 AM,214.57,0,0.0,48256884.870000035
2025-08-01 10:40:10 AM,214.57,187,40124.59,48297009.46000004
2025-08-01 10:40:35 AM,214.55,376,80670.8,48377680.260000035
2025-08-01 10:40:46 AM,214.5,0,0.0,48377680.260000035
2025-08-01 10:40:46 AM,214.5,399,85585.5,48463265.760000035
2025-08-01 10:41:27 AM,214.47,0,0.0,48463265.760000035
2025-08-01 10:41:29 AM,214.47,93,19945.71,48483211.470000036
2025-08-01 10:41:38 AM,214.4,0,0.0,48483211.470000036
2025-08-01 10:41:40 AM,214.4,2,428.8,48483640.27000003
2025-08-01 10:42:03 AM,214.36,15,3215.4,48486855.67000003
2025-08-01 10:42:24 AM,214.28,0,0.0,48486855.67000003
2025-08-01 10:42:24 AM,214.28,70,14999.6,48501855.27000003
2025-08-01 10:42:34 AM,214.34,0,0.0,48501855.27000003
2025-08-01 10:42:35 AM,214.34,30,6430.2,48508285.470000036
2025-08-01 10:43:14 AM,214.29,2,428.58,48508714.050000034
2025-08-01 10:43:24 AM,214.29,1,214.29,48508928.34000003
2025-08-01 10:43:35 AM,214.29,6,1285.74,48510214.080000035
2025-08-01 10:44:05 AM,214.3,0,0.0,48510214.080000035
2025-08-01 10:44:06 AM,214.3,83,17786.9,48528000.980000034
2025-08-01 10:44:39 AM,214.3,90,19287.0,48547287.980000034
2025-08-01 10:45:03 AM,214.3,200,42860.0,48590147.980000034
2025-08-01 10:45:14 AM,214.3,50,10715.0,48600862.980000034
2025-08-01 10:45:17 AM,214.3,50,10715.0,48611577.980000034
2025-08-01 10:46:00 AM,214.3,864,185155.2,48796733.18000004
2025-08-01 10:46:07 AM,214.37,0,0.0,48796733.18000004
2025-08-01 10:46:08 AM,214.37,1,214.37,48796947.550000034
2025-08-01 10:46:09 AM,214.28,0,0.0,48796947.550000034
2025-08-01 10:46:10 AM,214.2,0,0.0,48796947.550000034
2025-08-01 10:46:12 AM,214.2,532,113954.4,48910901.95000003
2025-08-01 10:46:20 AM,214.2,30,6426.0,48917327.95000003
2025-08-01 10:46:29 AM,214.03,988,211461.64,49128789.59000003
2025-08-01 10:46:47 AM,214.05,200,42810.0,49171599.59000003
2025-08-01 10:46:56 AM,214.16,0,0.0,49171599.59000003
2025-08-01 10:46:57 AM,214.16,400,85664.0,49257263.59000003
2025-08-01 10:47:14 AM,214.09,0,0.0,49257263.59000003
2025-08-01 10:47:15 AM,214.09,203,43460.270000000004,49300723.86000004
2025-08-01 10:47:31 AM,214.19,0,0.0,49300723.86000004
2025-08-01 10:47:31 AM,214.19,30,6425.7,49307149.56000004
2025-08-01 10:47:37 AM,214.11,500,107055.0,49414204.56000004
2025-08-01 10:48:12 AM,214.28,0,0.0,49414204.56000004
2025-08-01 10:48:12 AM,214.28,10,2142.8,49416347.36000004
2025-08-01 10:48:36 AM,214.28,50,10714.0,49427061.36000004
2025-08-01 10:48:44 AM,214.1,0,0.0,49427061.36000004
2025-08-01 10:48:45 AM,214.1,1,214.1,49427275.46000004
2025-08-01 10:48:47 AM,214.21,10,2142.1,49429417.56000004
2025-08-01 10:48:54 AM,214.07,0,0.0,49429417.56000004
2025-08-01 10:48:56 AM,214.07,90,19266.3,49448683.86000004
2025-08-01 10:49:00 AM,214.17,0,0.0,49448683.86000004
2025-08-01 10:49:01 AM,214.17,6,1285.02,49449968.88000004
2025-08-01 10:49:43 AM,214.14,0,0.0,49449968.88000004
2025-08-01 10:49:44 AM,214.14,1,214.14,49450183.02000004
2025-08-01 10:50:32 AM,214.05,0,0.0,49450183.02000004
2025-08-01 10:50:34 AM,214.05,136,29110.800000000003,49479293.82000004
2025-08-01 10:50:35 AM,214.1,0,0.0,49479293.82000004
2025-08-01 10:50:35 AM,214.1,15,3211.5,49482505.32000004
2025-08-01 10:50:38 AM,214.05,0,0.0,49482505.32000004
2025-08-01 10:50:40 AM,214.05,60,12843.0,49495348.32000004
2025-08-01 10:50:44 AM,214.1,0,0.0,49495348.32000004
2025-08-01 10:50:45 AM,214.11,11,2355.21,49497703.53000004
2025-08-01 10:50:49 AM,214.1,0,0.0,49497703.53000004
2025-08-01 10:50:51 AM,214.1,50,10705.0,49508408.53000004
2025-08-01 10:50:55 AM,214.05,0,0.0,49508408.53000004
2025-08-01 10:50:57 AM,214.05,35,7491.75,49515900.28000004
2025-08-01 10:50:59 AM,213.9,0,0.0,49515900.28000004
2025-08-01 10:51:03 AM,213.9,1901,406623.9,49922524.18000004
2025-08-01 10:51:04 AM,213.7,0,0.0,49922524.18000004
2025-08-01 10:51:08 AM,213.7,907,193825.9,50116350.080000035
2025-08-01 10:51:13 AM,213.74,0,0.0,50116350.080000035
2025-08-01 10:51:14 AM,213.74,100,21374.0,50137724.080000035
2025-08-01 10:51:24 AM,213.75,110,23512.5,50161236.580000035
2025-08-01 10:51:41 AM,213.76,0,0.0,50161236.580000035
2025-08-01 10:51:41 AM,213.76,2541,543164.16,50704400.74000003
2025-08-01 10:52:19 AM,214.03,0,0.0,50704400.74000003
2025-08-01 10:52:19 AM,214.03,100,21403.0,50725803.74000003
2025-08-01 10:52:24 AM,213.84,713,152467.92,50878271.66000003
2025-08-01 10:52:40 AM,213.83,120,25659.600000000002,50903931.260000035
2025-08-01 10:52:52 AM,213.96,25,5349.0,50909280.260000035
2025-08-01 10:53:13 AM,213.91,0,0.0,50909280.260000035
2025-08-01 10:53:13 AM,213.91,21,4492.11,50913772.370000035
2025-08-01 10:54:05 AM,213.91,1,213.91,50913986.28000003
2025-08-01 10:54:11 AM,214.14,0,0.0,50913986.28000003
2025-08-01 10:54:11 AM,214.14,2000,428280.0,51342266.28000003
2025-08-01 10:54:39 AM,214.08,0,0.0,51342266.28000003
2025-08-01 10:54:43 AM,214.08,10,2140.8,51344407.08000003
2025-08-01 10:54:54 AM,213.92,130,27809.6,51372216.68000003
2025-08-01 10:56:07 AM,214.04,0,0.0,51372216.68000003
2025-08-01 10:56:08 AM,214.04,2,428.08,51372644.76000003
2025-08-01 10:56:27 AM,213.93,0,0.0,51372644.76000003
2025-08-01 10:56:29 AM,213.93,100,21393.0,51394037.76000003
2025-08-01 10:56:30 AM,213.87,224,47906.880000000005,51441944.64000003
2025-08-01 10:56:36 AM,213.98,1,213.98,51442158.62000003
2025-08-01 10:56:46 AM,213.98,1,213.98,51442372.600000024
2025-08-01 10:56:55 AM,213.98,82,17546.36,51459918.96000002
2025-08-01 10:57:03 AM,213.81,0,0.0,51459918.96000002
2025-08-01 10:57:06 AM,213.81,144,30788.64,51490707.600000024
2025-08-01 10:57:12 AM,213.8,10,2138.0,51492845.600000024
2025-08-01 10:57:27 AM,213.8,137,29290.600000000002,51522136.200000025
2025-08-01 10:57:28 AM,213.8,75,16035.0,51538171.200000025
2025-08-01 10:57:43 AM,213.79,0,0.0,51538171.200000025
2025-08-01 10:57:43 AM,213.79,440,94067.59999999999,51632238.80000003
2025-08-01 10:57:47 AM,213.75,0,0.0,51632238.80000003
2025-08-01 10:57:49 AM,213.75,221,47238.75,51679477.55000003
2025-08-01 10:57:57 AM,213.7,0,0.0,51679477.55000003
2025-08-01 10:57:59 AM,213.7,600,128220.0,51807697.55000003
2025-08-01 10:58:20 AM,213.7,10,2137.0,51809834.55000003
2025-08-01 10:58:26 AM,213.7,1,213.7,51810048.25000003
2025-08-01 10:58:32 AM,213.7,10,2137.0,51812185.25000003
2025-08-01 10:58:45 AM,213.79,0,0.0,51812185.25000003
2025-08-01 10:58:48 AM,213.79,30,6413.7,51818598.95000003
2025-08-01 10:58:53 AM,213.79,1,213.79,51818812.74000003
2025-08-01 10:58:55 AM,213.78,0,0.0,51818812.74000003
2025-08-01 10:58:59 AM,213.78,164,35059.92,51853872.66000003
2025-08-01 10:59:01 AM,213.79,0,0.0,51853872.66000003
2025-08-01 10:59:04 AM,213.79,2,427.58,51854300.24000003
2025-08-01 10:59:13 AM,213.7,0,0.0,51854300.24000003
2025-08-01 10:59:14 AM,213.7,136,29063.199999999997,51883363.440000035
2025-08-01 10:59:31 AM,213.71,0,0.0,51883363.440000035
2025-08-01 10:59:34 AM,213.71,2,427.42,51883790.86000004
2025-08-01 10:59:45 AM,213.79,0,0.0,51883790.86000004
2025-08-01 10:59:45 AM,213.79,25,5344.75,51889135.61000004
2025-08-01 10:59:55 AM,213.8,0,0.0,51889135.61000004
2025-08-01 10:59:56 AM,213.8,15,3207.0,51892342.61000004
2025-08-01 11:00:08 AM,213.8,101,21593.800000000003,51913936.41000003
2025-08-01 11:00:14 AM,213.8,5,1069.0,51915005.41000003
2025-08-01 11:00:25 AM,213.8,1,213.8,51915219.21000003
2025-08-01 11:00:30 AM,213.8,2,427.6,51915646.81000003
2025-08-01 11:00:32 AM,213.71,0,0.0,51915646.81000003
2025-08-01 11:00:34 AM,213.8,0,0.0,51915646.81000003
2025-08-01 11:00:36 AM,213.8,85,18173.0,51933819.81000003
2025-08-01 11:00:51 AM,213.8,20,4276.0,51938095.81000003
2025-08-01 11:00:52 AM,213.8,20,4276.0,51942371.81000003
2025-08-01 11:00:56 AM,213.8,1,213.8,51942585.61000003
2025-08-01 11:01:01 AM,213.8,3,641.4000000000001,51943227.01000003
2025-08-01 11:01:07 AM,213.71,18,3846.78,51947073.79000003
2025-08-01 11:01:16 AM,213.8,0,0.0,51947073.79000003
2025-08-01 11:01:18 AM,213.8,4,855.2,51947928.99000003
2025-08-01 11:01:42 AM,213.85,0,0.0,51947928.99000003
2025-08-01 11:01:44 AM,213.85,842,180061.69999999998,52127990.690000035
2025-08-01 11:01:48 AM,214.0,0,0.0,52127990.690000035
2025-08-01 11:01:49 AM,214.0,1,214.0,52128204.690000035
2025-08-01 11:02:12 AM,214.09,0,0.0,52128204.690000035
2025-08-01 11:02:14 AM,213.94,0,0.0,52128204.690000035
2025-08-01 11:02:15 AM,213.94,889,190192.66,52318397.35000003
2025-08-01 11:02:42 AM,214.0,0,0.0,52318397.35000003
2025-08-01 11:02:43 AM,214.0,100,21400.0,52339797.35000003
2025-08-01 11:03:09 AM,214.07,20,4281.4,52344078.75000003
2025-08-01 11:03:19 AM,213.91,190,40642.9,52384721.65000003
2025-08-01 11:03:26 AM,214.04,0,0.0,52384721.65000003
2025-08-01 11:03:26 AM,214.04,1,214.04,52384935.69000003
2025-08-01 11:03:45 AM,214.04,233,49871.32,52434807.01000003
2025-08-01 11:04:06 AM,214.03,0,0.0,52434807.01000003
2025-08-01 11:04:06 AM,214.03,30,6420.9,52441227.910000026
2025-08-01 11:04:20 AM,213.89,0,0.0,52441227.910000026
2025-08-01 11:04:22 AM,213.89,250,53472.5,52494700.410000026
2025-08-01 11:04:37 AM,213.91,0,0.0,52494700.410000026
2025-08-01 11:04:37 AM,213.91,1,213.91,52494914.32000002
2025-08-01 11:05:04 AM,213.91,61,13048.51,52507962.83000002
2025-08-01 11:05:18 AM,214.04,0,0.0,52507962.83000002
2025-08-01 11:05:20 AM,214.04,2,428.08,52508390.91000002
2025-08-01 11:05:35 AM,213.91,0,0.0,52508390.91000002
2025-08-01 11:05:36 AM,213.91,7,1497.37,52509888.280000016
2025-08-01 11:06:13 AM,213.91,2,427.82,52510316.10000002
2025-08-01 11:06:32 AM,214.04,555,118792.2,52629108.30000002
2025-08-01 11:06:38 AM,214.04,20,4280.8,52633389.10000002
2025-08-01 11:06:44 AM,214.04,454,97174.16,52730563.26000001
2025-08-01 11:07:11 AM,214.14,187,40044.18,52770607.44000001
2025-08-01 11:07:13 AM,214.06,107,22904.420000000002,52793511.860000014
2025-08-01 11:07:20 AM,214.07,0,0.0,52793511.860000014
2025-08-01 11:07:22 AM,214.07,13,2782.91,52796294.77000001
2025-08-01 11:07:23 AM,214.22,90,19279.8,52815574.57000001
2025-08-01 11:07:26 AM,214.17,0,0.0,52815574.57000001
2025-08-01 11:07:28 AM,214.17,15,3212.5499999999997,52818787.120000005
2025-08-01 11:07:52 AM,214.04,0,0.0,52818787.120000005
2025-08-01 11:07:54 AM,214.09,0,0.0,52818787.120000005
2025-08-01 11:07:55 AM,214.09,392,83923.28,52902710.400000006
2025-08-01 11:08:10 AM,214.04,0,0.0,52902710.400000006
2025-08-01 11:08:11 AM,214.04,109,23330.36,52926040.760000005
2025-08-01 11:08:18 AM,214.01,0,0.0,52926040.760000005
2025-08-01 11:08:18 AM,214.01,2810,601368.1,53527408.86000001
2025-08-01 11:08:32 AM,214.01,100,21401.0,53548809.86000001
2025-08-01 11:08:42 AM,214.01,55,11770.55,53560580.410000004
2025-08-01 11:08:47 AM,214.01,25,5350.25,53565930.660000004
2025-08-01 11:08:58 AM,213.92,3453,738665.76,54304596.42
2025-08-01 11:09:06 AM,213.97,0,0.0,54304596.42
2025-08-01 11:09:07 AM,213.97,86,18401.42,54322997.84
2025-08-01 11:09:16 AM,213.97,9,1925.73,54324923.57
2025-08-01 11:09:17 AM,214.0,0,0.0,54324923.57
2025-08-01 11:09:18 AM,214.0,5,1070.0,54325993.57
2025-08-01 11:09:24 AM,213.97,0,0.0,54325993.57
2025-08-01 11:09:24 AM,213.97,20,4279.4,54330272.97
2025-08-01 11:09:29 AM,213.97,300,64191.0,54394463.97
2025-08-01 11:09:37 AM,214.1,0,0.0,54394463.97
2025-08-01 11:09:37 AM,214.1,369,79002.9,54473466.87
2025-08-01 11:09:57 AM,214.06,0,0.0,54473466.87
2025-08-01 11:09:59 AM,214.06,50,10703.0,54484169.87
2025-08-01 11:10:06 AM,214.06,300,64218.0,54548387.87
2025-08-01 11:10:59 AM,214.15,2,428.3,54548816.169999994
2025-08-01 11:11:04 AM,214.15,662,141767.30000000002,54690583.46999999
2025-08-01 11:11:19 AM,214.19,0,0.0,54690583.46999999
2025-08-01 11:11:20 AM,214.19,5,1070.95,54691654.419999994
2025-08-01 11:11:31 AM,214.11,0,0.0,54691654.419999994
2025-08-01 11:11:32 AM,214.19,214,45836.659999999996,54737491.07999999
2025-08-01 11:11:43 AM,214.19,1000,214190.0,54951681.07999999
2025-08-01 11:11:49 AM,214.21,0,0.0,54951681.07999999
2025-08-01 11:11:53 AM,214.21,50,10710.5,54962391.57999999
2025-08-01 11:12:03 AM,214.35,0,0.0,54962391.57999999
2025-08-01 11:12:03 AM,214.12,0,0.0,54962391.57999999
2025-08-01 11:12:03 AM,214.12,815,174507.80000000002,55136899.37999999
2025-08-01 11:12:08 AM,214.1,460,98486.0,55235385.37999999
2025-08-01 11:12:45 AM,214.16,0,0.0,55235385.37999999
2025-08-01 11:12:46 AM,214.16,100,21416.0,55256801.37999999
2025-08-01 11:12:56 AM,214.18,100,21418.0,55278219.37999999
2025-08-01 11:13:07 AM,214.2,0,0.0,55278219.37999999
2025-08-01 11:13:07 AM,214.2,5,1071.0,55279290.37999999
2025-08-01 11:13:50 AM,214.07,0,0.0,55279290.37999999
2025-08-01 11:13:50 AM,214.07,287,61438.09,55340728.46999999
2025-08-01 11:13:54 AM,214.06,0,0.0,55340728.46999999
2025-08-01 11:13:56 AM,214.07,127,27186.89,55367915.35999999
2025-08-01 11:14:01 AM,214.19,100,21419.0,55389334.35999999
2025-08-01 11:14:19 AM,214.06,25,5351.5,55394685.85999999
2025-08-01 11:14:32 AM,214.17,0,0.0,55394685.85999999
2025-08-01 11:14:34 AM,214.17,2,428.34,55395114.199999996
2025-08-01 11:14:35 AM,214.0,1400,299600.0,55694714.199999996
2025-08-01 11:14:40 AM,214.0,500,107000.0,55801714.199999996
2025-08-01 11:14:44 AM,214.0,410,87740.0,55889454.199999996
2025-08-01 11:14:55 AM,214.01,30,6420.299999999999,55895874.49999999
2025-08-01 11:15:02 AM,213.97,0,0.0,55895874.49999999
2025-08-01 11:15:02 AM,213.97,400,85588.0,55981462.49999999
2025-08-01 11:15:10 AM,214.01,0,0.0,55981462.49999999
2025-08-01 11:15:12 AM,214.01,81,17334.809999999998,55998797.309999995
2025-08-01 11:15:24 AM,213.97,0,0.0,55998797.309999995
2025-08-01 11:15:27 AM,213.97,200,42794.0,56041591.309999995
2025-08-01 11:15:36 AM,213.99,0,0.0,56041591.309999995
2025-08-01 11:15:38 AM,213.99,5901,1262754.99,57304346.3
2025-08-01 11:15:52 AM,213.97,0,0.0,57304346.3
2025-08-01 11:15:53 AM,213.97,551,117897.47,57422243.769999996
2025-08-01 11:16:16 AM,214.1,50,10705.0,57432948.769999996
2025-08-01 11:16:21 AM,214.0,40,8560.0,57441508.769999996
2025-08-01 11:17:00 AM,214.06,0,0.0,57441508.769999996
2025-08-01 11:17:02 AM,214.06,50,10703.0,57452211.769999996
2025-08-01 11:17:08 AM,214.16,0,0.0,57452211.769999996
2025-08-01 11:17:09 AM,214.16,5,1070.8,57453282.56999999
2025-08-01 11:17:31 AM,214.16,7,1499.12,57454781.68999999
2025-08-01 11:17:41 AM,214.16,145,31053.2,57485834.88999999
2025-08-01 11:17:44 AM,214.2,20,4284.0,57490118.88999999
2025-08-01 11:17:55 AM,214.2,15,3213.0,57493331.88999999
2025-08-01 11:18:11 AM,214.13,225,48179.25,57541511.13999999
2025-08-01 11:19:34 AM,214.0,0,0.0,57541511.13999999
2025-08-01 11:19:36 AM,214.0,16,3424.0,57544935.13999999
2025-08-01 11:19:41 AM,214.0,25,5350.0,57550285.13999999
2025-08-01 11:19:57 AM,214.0,25,5350.0,57555635.13999999
2025-08-01 11:20:05 AM,213.9,0,0.0,57555635.13999999
2025-08-01 11:20:08 AM,213.9,838,179248.2,57734883.339999996
2025-08-01 11:20:12 AM,214.0,0,0.0,57734883.339999996
2025-08-01 11:20:13 AM,214.0,8,1712.0,57736595.339999996
2025-08-01 11:20:29 AM,214.0,32,6848.0,57743443.339999996
2025-08-01 11:20:37 AM,213.91,0,0.0,57743443.339999996
2025-08-01 11:20:40 AM,213.91,114,24385.739999999998,57767829.08
2025-08-01 11:21:01 AM,214.04,0,0.0,57767829.08
2025-08-01 11:21:05 AM,214.09,0,0.0,57767829.08
2025-08-01 11:21:05 AM,214.09,53,11346.77,57779175.85
2025-08-01 11:21:06 AM,214.07,0,0.0,57779175.85
2025-08-01 11:21:11 AM,214.07,20,4281.4,57783457.25
2025-08-01 11:21:21 AM,214.1,0,0.0,57783457.25
2025-08-01 11:21:21 AM,214.1,500,107050.0,57890507.25
2025-08-01 11:21:39 AM,213.91,0,0.0,57890507.25
2025-08-01 11:21:42 AM,213.91,22,4706.0199999999995,57895213.27
2025-08-01 11:22:17 AM,213.93,0,0.0,57895213.27
2025-08-01 11:22:19 AM,213.93,3,641.79,57895855.06
2025-08-01 11:22:22 AM,214.0,0,0.0,57895855.06
2025-08-01 11:22:24 AM,214.0,200,42800.0,57938655.06
2025-08-01 11:22:39 AM,214.1,0,0.0,57938655.06
2025-08-01 11:22:40 AM,214.1,144,30830.399999999998,57969485.46
2025-08-01 11:22:49 AM,213.95,0,0.0,57969485.46
2025-08-01 11:22:51 AM,213.95,200,42790.0,58012275.46
2025-08-01 11:22:55 AM,214.16,0,0.0,58012275.46
2025-08-01 11:22:56 AM,214.16,500,107080.0,58119355.46
2025-08-01 11:22:58 AM,214.09,0,0.0,58119355.46
2025-08-01 11:23:01 AM,214.09,2,428.18,58119783.64
2025-08-01 11:23:14 AM,214.1,0,0.0,58119783.64
2025-08-01 11:23:15 AM,213.93,0,0.0,58119783.64
2025-08-01 11:23:17 AM,213.95,0,0.0,58119783.64
2025-08-01 11:23:17 AM,213.95,18,3851.1,58123634.74
2025-08-01 11:23:27 AM,213.93,0,0.0,58123634.74
2025-08-01 11:23:27 AM,213.93,300,64179.0,58187813.74
2025-08-01 11:23:54 AM,214.02,0,0.0,58187813.74
2025-08-01 11:23:58 AM,214.02,1,214.02,58188027.760000005
2025-08-01 11:24:06 AM,213.93,0,0.0,58188027.760000005
2025-08-01 11:24:07 AM,213.93,100,21393.0,58209420.760000005
2025-08-01 11:24:14 AM,213.91,0,0.0,58209420.760000005
2025-08-01 11:24:18 AM,213.91,200,42782.0,58252202.760000005
2025-08-01 11:24:29 AM,213.91,100,21391.0,58273593.760000005
2025-08-01 11:24:49 AM,213.9,0,0.0,58273593.760000005
2025-08-01 11:24:50 AM,213.9,90,19251.0,58292844.760000005
2025-08-01 11:25:30 AM,214.08,0,0.0,58292844.760000005
2025-08-01 11:25:32 AM,214.08,2,428.16,58293272.92
2025-08-01 11:25:52 AM,213.97,0,0.0,58293272.92
2025-08-01 11:25:53 AM,213.97,100,21397.0,58314669.92
2025-08-01 11:26:34 AM,214.06,10,2140.6,58316810.52
2025-08-01 11:27:19 AM,214.06,10,2140.6,58318951.120000005
2025-08-01 11:27:24 AM,213.93,100,21393.0,58340344.120000005
2025-08-01 11:27:40 AM,214.05,0,0.0,58340344.120000005
2025-08-01 11:27:40 AM,214.05,10,2140.5,58342484.620000005
2025-08-01 11:27:41 AM,214.05,207,44308.350000000006,58386792.970000006
2025-08-01 11:27:59 AM,213.9,0,0.0,58386792.970000006
2025-08-01 11:28:01 AM,213.9,300,64170.0,58450962.970000006
2025-08-01 11:28:06 AM,213.9,161,34437.9,58485400.870000005
2025-08-01 11:28:14 AM,214.05,0,0.0,58485400.870000005
2025-08-01 11:28:16 AM,214.05,2,428.1,58485828.970000006
2025-08-01 11:30:04 AM,213.9,0,0.0,58485828.970000006
2025-08-01 11:30:05 AM,213.9,314,67164.6,58552993.57000001
2025-08-01 11:30:12 AM,214.0,0,0.0,58552993.57000001
2025-08-01 11:30:12 AM,214.0,12,2568.0,58555561.57000001
2025-08-01 11:31:39 AM,214.0,15,3210.0,58558771.57000001
2025-08-01 11:31:47 AM,213.9,0,0.0,58558771.57000001
2025-08-01 11:31:49 AM,213.9,23,4919.7,58563691.27000001
2025-08-01 11:32:05 AM,213.9,1148,245557.2,58809248.47000001
2025-08-01 11:32:20 AM,213.86,0,0.0,58809248.47000001
2025-08-01 11:32:21 AM,213.86,2171,464290.06000000006,59273538.530000016
2025-08-01 11:32:31 AM,213.86,22,4704.92,59278243.45000002
2025-08-01 11:32:46 AM,213.86,11,2352.46,59280595.91000002
2025-08-01 11:33:08 AM,213.86,41,8768.26,59289364.17000002
2025-08-01 11:33:28 AM,213.86,210,44910.600000000006,59334274.77000002
2025-08-01 11:33:47 AM,213.85,0,0.0,59334274.77000002
2025-08-01 11:33:48 AM,213.85,1011,216202.35,59550477.12000002
2025-08-01 11:33:59 AM,213.89,0,0.0,59550477.12000002
2025-08-01 11:33:59 AM,213.89,5,1069.4499999999998,59551546.57000002
2025-08-01 11:35:16 AM,213.89,38,8127.82,59559674.39000002
2025-08-01 11:35:33 AM,213.89,60,12833.4,59572507.79000002
2025-08-01 11:36:03 AM,213.97,45,9628.65,59582136.44000002
2025-08-01 11:36:07 AM,213.98,0,0.0,59582136.44000002
2025-08-01 11:36:09 AM,213.98,1,213.98,59582350.42000002
2025-08-01 11:36:22 AM,214.01,0,0.0,59582350.42000002
2025-08-01 11:36:24 AM,214.01,800,171208.0,59753558.42000002
2025-08-01 11:36:26 AM,213.99,0,0.0,59753558.42000002
2025-08-01 11:36:29 AM,213.99,51,10913.49,59764471.91000002
2025-08-01 11:36:57 AM,213.89,0,0.0,59764471.91000002
2025-08-01 11:37:01 AM,213.89,100,21389.0,59785860.91000002
2025-08-01 11:37:06 AM,213.89,5,1069.4499999999998,59786930.36000002
2025-08-01 11:37:11 AM,213.89,5,1069.4499999999998,59787999.810000025
2025-08-01 11:37:17 AM,213.89,25,5347.25,59793347.060000025
2025-08-01 11:37:53 AM,213.89,100,21389.0,59814736.060000025
2025-08-01 11:38:03 AM,213.89,208,44489.119999999995,59859225.18000002
2025-08-01 11:38:32 AM,213.98,0,0.0,59859225.18000002
2025-08-01 11:38:33 AM,213.98,5,1069.8999999999999,59860295.08000002
2025-08-01 11:38:52 AM,213.89,0,0.0,59860295.08000002
2025-08-01 11:38:54 AM,213.89,801,171325.88999999998,60031620.97000002
2025-08-01 11:39:08 AM,213.89,300,64166.99999999999,60095787.97000002
2025-08-01 11:39:25 AM,213.95,100,21395.0,60117182.97000002
2025-08-01 11:39:28 AM,213.87,0,0.0,60117182.97000002
2025-08-01 11:39:28 AM,213.87,872,186494.64,60303677.61000002
2025-08-01 11:39:30 AM,213.87,64,13687.68,60317365.29000002
2025-08-01 11:39:33 AM,213.72,0,0.0,60317365.29000002
2025-08-01 11:39:33 AM,213.72,977,208804.44,60526169.73000002
2025-08-01 11:39:35 AM,213.69,0,0.0,60526169.73000002
2025-08-01 11:39:35 AM,213.69,28,5983.32,60532153.05000002
2025-08-01 11:39:37 AM,213.62,0,0.0,60532153.05000002
2025-08-01 11:39:40 AM,213.62,41,8758.42,60540911.47000002
2025-08-01 11:39:58 AM,213.7,0,0.0,60540911.47000002
2025-08-01 11:40:01 AM,213.7,1,213.7,60541125.170000024
2025-08-01 11:40:12 AM,213.62,0,0.0,60541125.170000024
2025-08-01 11:40:12 AM,213.62,78,16662.36,60557787.53000002
2025-08-01 11:40:26 AM,213.62,20,4272.4,60562059.93000002
2025-08-01 11:40:28 AM,213.7,0,0.0,60562059.93000002
2025-08-01 11:40:31 AM,213.7,2,427.4,60562487.33000002
2025-08-01 11:40:46 AM,213.64,0,0.0,60562487.33000002
2025-08-01 11:40:47 AM,213.64,100,21364.0,60583851.33000002
2025-08-01 11:40:48 AM,213.79,1,213.79,60584065.12000002
2025-08-01 11:41:20 AM,213.78,0,0.0,60584065.12000002
2025-08-01 11:41:22 AM,213.78,80,17102.4,60601167.52000002
2025-08-01 11:41:36 AM,213.76,0,0.0,60601167.52000002
2025-08-01 11:41:37 AM,213.76,1,213.76,60601381.280000016
2025-08-01 11:41:53 AM,213.76,15,3206.3999999999996,60604587.680000015
2025-08-01 11:41:56 AM,213.62,0,0.0,60604587.680000015
2025-08-01 11:41:58 AM,213.62,438,93565.56,60698153.24000002
2025-08-01 11:42:22 AM,213.73,0,0.0,60698153.24000002
2025-08-01 11:42:23 AM,213.73,10,2137.2999999999997,60700290.540000014
2025-08-01 11:42:26 AM,213.62,0,0.0,60700290.540000014
2025-08-01 11:42:28 AM,213.62,284,60668.08,60760958.62000001
2025-08-01 11:42:32 AM,213.74,0,0.0,60760958.62000001
2025-08-01 11:42:34 AM,213.74,1,213.74,60761172.360000014
2025-08-01 11:42:36 AM,213.52,0,0.0,60761172.360000014
2025-08-01 11:42:39 AM,213.52,5292,1129947.84,61891120.20000002
2025-08-01 11:43:06 AM,213.59,50,10679.5,61901799.70000002
2025-08-01 11:43:10 AM,213.52,0,0.0,61901799.70000002
2025-08-01 11:43:11 AM,213.52,15,3202.8,61905002.500000015
2025-08-01 11:43:32 AM,213.6,0,0.0,61905002.500000015
2025-08-01 11:43:32 AM,213.6,131,27981.6,61932984.10000002
2025-08-01 11:43:53 AM,213.6,2,427.2,61933411.30000002
2025-08-01 11:43:58 AM,213.59,205,43785.95,61977197.25000002
2025-08-01 11:44:00 AM,213.61,0,0.0,61977197.25000002
2025-08-01 11:44:00 AM,213.62,0,0.0,61977197.25000002
2025-08-01 11:44:03 AM,213.62,250,53405.0,62030602.25000002
2025-08-01 11:44:09 AM,213.4,4387,936185.8,62966788.05000002
2025-08-01 11:44:23 AM,213.37,0,0.0,62966788.05000002
2025-08-01 11:44:27 AM,213.37,180,38406.6,63005194.65000002
2025-08-01 11:44:29 AM,213.21,0,0.0,63005194.65000002
2025-08-01 11:44:33 AM,213.21,500,106605.0,63111799.65000002
2025-08-01 11:44:38 AM,213.2,0,0.0,63111799.65000002
2025-08-01 11:44:38 AM,213.2,271,57777.2,63169576.850000024
2025-08-01 11:44:44 AM,213.2,12,2558.3999999999996,63172135.25000002
2025-08-01 11:44:52 AM,213.11,0,0.0,63172135.25000002
2025-08-01 11:44:55 AM,213.11,54,11507.94,63183643.19000002
2025-08-01 11:45:21 AM,213.11,150,31966.500000000004,63215609.69000002
2025-08-01 11:45:38 AM,213.2,0,0.0,63215609.69000002
2025-08-01 11:45:42 AM,213.3,0,0.0,63215609.69000002
2025-08-01 11:45:42 AM,213.3,27,5759.1,63221368.79000002
2025-08-01 11:45:44 AM,213.2,0,0.0,63221368.79000002
2025-08-01 11:45:48 AM,213.2,40,8528.0,63229896.79000002
2025-08-01 11:45:54 AM,213.21,1,213.21,63230110.00000002
2025-08-01 11:46:16 AM,213.35,0,0.0,63230110.00000002
2025-08-01 11:46:20 AM,213.35,25,5333.75,63235443.75000002
2025-08-01 11:46:25 AM,213.35,1,213.35,63235657.100000024
2025-08-01 11:46:38 AM,213.27,0,0.0,63235657.100000024
2025-08-01 11:46:40 AM,213.39,0,0.0,63235657.100000024
2025-08-01 11:46:41 AM,213.39,305,65083.95,63300741.05000003
2025-08-01 11:46:51 AM,213.4,0,0.0,63300741.05000003
2025-08-01 11:46:52 AM,213.4,10,2134.0,63302875.05000003
2025-08-01 11:46:54 AM,213.35,0,0.0,63302875.05000003
2025-08-01 11:46:57 AM,213.35,500,106675.0,63409550.05000003
2025-08-01 11:47:06 AM,213.39,0,0.0,63409550.05000003
2025-08-01 11:47:07 AM,213.39,3,640.17,63410190.22000003
2025-08-01 11:47:19 AM,213.35,0,0.0,63410190.22000003
2025-08-01 11:47:23 AM,213.35,100,21335.0,63431525.22000003
2025-08-01 11:47:25 AM,213.39,0,0.0,63431525.22000003
2025-08-01 11:47:28 AM,213.39,20,4267.799999999999,63435793.020000026
2025-08-01 11:47:33 AM,213.39,23,4907.969999999999,63440700.990000024
2025-08-01 11:47:44 AM,213.46,0,0.0,63440700.990000024
2025-08-01 11:47:48 AM,213.46,1,213.46,63440914.450000025
2025-08-01 11:48:31 AM,213.29,0,0.0,63440914.450000025
2025-08-01 11:48:34 AM,213.29,1700,362593.0,63803507.450000025
2025-08-01 11:49:26 AM,213.49,0,0.0,63803507.450000025
2025-08-01 11:49:31 AM,213.49,1,213.49,63803720.94000003
2025-08-01 11:50:02 AM,213.49,25,5337.25,63809058.19000003
2025-08-01 11:50:06 AM,213.5,0,0.0,63809058.19000003
2025-08-01 11:50:07 AM,213.5,1,213.5,63809271.69000003
2025-08-01 11:50:14 AM,213.52,0,0.0,63809271.69000003
2025-08-01 11:50:17 AM,213.52,11,2348.7200000000003,63811620.410000026
2025-08-01 11:50:23 AM,213.5,7,1494.5,63813114.910000026
2025-08-01 11:50:28 AM,213.5,10,2135.0,63815249.910000026
2025-08-01 11:50:37 AM,213.62,0,0.0,63815249.910000026
2025-08-01 11:50:38 AM,213.62,5,1068.1,63816318.01000003
2025-08-01 11:51:22 AM,213.5,80,17080.0,63833398.01000003
2025-08-01 11:51:36 AM,213.62,0,0.0,63833398.01000003
2025-08-01 11:51:37 AM,213.62,20,4272.4,63837670.410000026
2025-08-01 11:51:40 AM,213.65,0,0.0,63837670.410000026
2025-08-01 11:51:41 AM,213.65,1,213.65,63837884.060000025
2025-08-01 11:51:57 AM,213.65,2,427.3,63838311.36000002
2025-08-01 11:52:27 AM,213.6,8,1708.8,63840020.16000002
2025-08-01 11:52:38 AM,213.73,0,0.0,63840020.16000002
2025-08-01 11:52:38 AM,213.73,20,4274.599999999999,63844294.76000002
2025-08-01 11:53:07 AM,213.73,1,213.73,63844508.49000002
2025-08-01 11:53:29 AM,213.6,31,6621.599999999999,63851130.09000002
2025-08-01 11:53:35 AM,213.59,0,0.0,63851130.09000002
2025-08-01 11:53:38 AM,213.59,1075,229609.25,64080739.34000002
2025-08-01 11:53:41 AM,213.5,0,0.0,64080739.34000002
2025-08-01 11:53:43 AM,213.6,0,0.0,64080739.34000002
2025-08-01 11:53:43 AM,213.6,75,16020.0,64096759.34000002
2025-08-01 11:53:57 AM,213.5,0,0.0,64096759.34000002
2025-08-01 11:53:58 AM,213.5,40,8540.0,64105299.34000002
2025-08-01 11:54:04 AM,213.5,100,21350.0,64126649.34000002
2025-08-01 11:54:16 AM,213.6,0,0.0,64126649.34000002
2025-08-01 11:54:19 AM,213.6,1,213.6,64126862.94000002
2025-08-01 11:54:25 AM,213.6,1,213.6,64127076.54000002
2025-08-01 11:54:39 AM,213.5,16,3416.0,64130492.54000002
2025-08-01 11:55:06 AM,213.6,0,0.0,64130492.54000002
2025-08-01 11:55:09 AM,213.6,5,1068.0,64131560.54000002
2025-08-01 11:55:19 AM,213.6,1,213.6,64131774.14000002
2025-08-01 11:55:33 AM,213.5,0,0.0,64131774.14000002
2025-08-01 11:55:35 AM,213.5,801,171013.5,64302787.64000002
2025-08-01 11:55:45 AM,213.5,60,12810.0,64315597.64000002
2025-08-01 11:55:49 AM,213.5,1,213.5,64315811.14000002
2025-08-01 11:56:15 AM,213.5,210,44835.0,64360646.14000002
2025-08-01 11:56:30 AM,213.6,3,640.8,64361286.94000002
2025-08-01 11:56:44 AM,213.5,0,0.0,64361286.94000002
2025-08-01 11:56:45 AM,213.5,11,2348.5,64363635.44000002
2025-08-01 11:57:12 AM,213.5,28,5978.0,64369613.44000002
2025-08-01 11:57:21 AM,213.68,0,0.0,64369613.44000002
2025-08-01 11:57:22 AM,213.68,200,42736.0,64412349.44000002
2025-08-01 11:57:42 AM,213.62,1,213.62,64412563.06000002
2025-08-01 11:58:15 AM,213.5,0,0.0,64412563.06000002
2025-08-01 11:58:17 AM,213.5,50,10675.0,64423238.06000002
2025-08-01 11:58:23 AM,213.5,9,1921.5,64425159.56000002
2025-08-01 11:58:33 AM,213.5,5,1067.5,64426227.06000002
2025-08-01 11:58:38 AM,213.5,49,10461.5,64436688.56000002
2025-08-01 11:59:23 AM,213.6,0,0.0,64436688.56000002
2025-08-01 11:59:25 AM,213.6,95,20292.0,64456980.56000002
2025-08-01 11:59:41 AM,213.6,2,427.2,64457407.76000002
2025-08-01 11:59:56 AM,213.6,28,5980.8,64463388.56000002
2025-08-01 12:00:03 PM,213.6,103,22000.8,64485389.360000014
2025-08-01 12:00:24 PM,213.71,0,0.0,64485389.360000014
2025-08-01 12:00:24 PM,213.71,15,3205.65,64488595.01000001
2025-08-01 12:00:49 PM,213.77,0,0.0,64488595.01000001
2025-08-01 12:00:50 PM,213.77,15,3206.55,64491801.56000001
2025-08-01 12:00:56 PM,213.6,0,0.0,64491801.56000001
2025-08-01 12:00:57 PM,213.6,333,71128.8,64562930.36000001
2025-08-01 12:01:19 PM,213.6,120,25632.0,64588562.36000001
2025-08-01 12:01:34 PM,213.61,0,0.0,64588562.36000001
2025-08-01 12:01:35 PM,213.73,0,0.0,64588562.36000001
2025-08-01 12:01:35 PM,213.73,31,6625.63,64595187.99000001
2025-08-01 12:01:50 PM,213.7,0,0.0,64595187.99000001
2025-08-01 12:01:52 PM,213.7,1,213.7,64595401.69000001
2025-08-01 12:02:01 PM,213.71,0,0.0,64595401.69000001
2025-08-01 12:02:01 PM,213.71,30,6411.3,64601812.99000001
2025-08-01 12:02:04 PM,213.72,50,10686.0,64612498.99000001
2025-08-01 12:02:09 PM,213.71,0,0.0,64612498.99000001
2025-08-01 12:02:11 PM,213.71,2,427.42,64612926.41000001
2025-08-01 12:02:16 PM,213.59,327,69843.93000000001,64682770.34000001
2025-08-01 12:02:24 PM,213.56,164,35023.840000000004,64717794.180000015
2025-08-01 12:02:32 PM,213.66,0,0.0,64717794.180000015
2025-08-01 12:02:34 PM,213.66,1,213.66,64718007.84000001
2025-08-01 12:02:39 PM,213.66,11,2350.2599999999998,64720358.10000001
2025-08-01 12:02:54 PM,213.66,4,854.64,64721212.74000001
2025-08-01 12:03:03 PM,213.65,0,0.0,64721212.74000001
2025-08-01 12:03:04 PM,213.65,1,213.65,64721426.39000001
2025-08-01 12:03:24 PM,213.5,0,0.0,64721426.39000001
2025-08-01 12:03:26 PM,213.5,1500,320250.0,65041676.39000001
2025-08-01 12:03:30 PM,213.63,0,0.0,65041676.39000001
2025-08-01 12:03:31 PM,213.63,13,2777.19,65044453.580000006
2025-08-01 12:04:15 PM,213.52,0,0.0,65044453.580000006
2025-08-01 12:04:15 PM,213.52,25,5338.0,65049791.580000006
2025-08-01 12:04:16 PM,213.6,0,0.0,65049791.580000006
2025-08-01 12:04:18 PM,213.6,5,1068.0,65050859.580000006
2025-08-01 12:04:24 PM,213.6,1,213.6,65051073.18000001
2025-08-01 12:04:34 PM,213.6,1,213.6,65051286.78000001
2025-08-01 12:04:48 PM,213.6,7,1495.2,65052781.98000001
2025-08-01 12:04:53 PM,213.51,0,0.0,65052781.98000001
2025-08-01 12:04:53 PM,213.51,70,14945.699999999999,65067727.680000015
2025-08-01 12:04:55 PM,213.45,0,0.0,65067727.680000015
2025-08-01 12:04:55 PM,213.45,1447,308862.14999999997,65376589.83000001
2025-08-01 12:04:59 PM,213.43,7,1494.01,65378083.84000001
2025-08-01 12:05:21 PM,213.43,6,1280.58,65379364.42000001
2025-08-01 12:05:33 PM,213.31,0,0.0,65379364.42000001
2025-08-01 12:05:35 PM,213.31,49,10452.19,65389816.61000001
2025-08-01 12:05:41 PM,213.44,0,0.0,65389816.61000001
2025-08-01 12:05:43 PM,213.3,0,0.0,65389816.61000001
2025-08-01 12:05:44 PM,213.3,106,22609.800000000003,65412426.410000004
2025-08-01 12:05:50 PM,213.31,30,6399.3,65418825.71
2025-08-01 12:05:51 PM,213.44,0,0.0,65418825.71
2025-08-01 12:05:55 PM,213.44,1,213.44,65419039.15
2025-08-01 12:06:00 PM,213.44,6,1280.6399999999999,65420319.79
2025-08-01 12:06:05 PM,213.44,1,213.44,65420533.23
2025-08-01 12:06:15 PM,213.44,12,2561.2799999999997,65423094.51
2025-08-01 12:06:15 PM,213.44,5,1067.2,65424161.71
2025-08-01 12:06:19 PM,213.44,1,213.44,65424375.15
2025-08-01 12:06:34 PM,213.44,6,1280.6399999999999,65425655.79
2025-08-01 12:06:41 PM,213.4,0,0.0,65425655.79
2025-08-01 12:06:44 PM,213.4,50,10670.0,65436325.79
2025-08-01 12:06:45 PM,213.31,0,0.0,65436325.79
2025-08-01 12:06:47 PM,213.32,0,0.0,65436325.79
2025-08-01 12:06:49 PM,213.32,75,15999.0,65452324.79
2025-08-01 12:06:59 PM,213.44,14,2988.16,65455312.949999996
2025-08-01 12:07:34 PM,213.44,1,213.44,65455526.38999999
2025-08-01 12:08:00 PM,213.44,6,1280.6399999999999,65456807.029999994
2025-08-01 12:08:04 PM,213.44,2,426.88,65457233.91
2025-08-01 12:08:15 PM,213.35,2,426.7,65457660.61
2025-08-01 12:08:17 PM,213.44,0,0.0,65457660.61
2025-08-01 12:08:20 PM,213.44,6,1280.6399999999999,65458941.25
2025-08-01 12:08:30 PM,213.44,100,21344.0,65480285.25
2025-08-01 12:08:35 PM,213.32,0,0.0,65480285.25
2025-08-01 12:08:35 PM,213.32,50,10666.0,65490951.25
2025-08-01 12:08:47 PM,213.44,0,0.0,65490951.25
2025-08-01 12:08:49 PM,213.44,10,2134.4,65493085.65
2025-08-01 12:08:51 PM,213.43,0,0.0,65493085.65
2025-08-01 12:08:54 PM,213.43,1,213.43,65493299.08
2025-08-01 12:09:17 PM,213.33,0,0.0,65493299.08
2025-08-01 12:09:17 PM,213.44,0,0.0,65493299.08
2025-08-01 12:09:19 PM,213.44,201,42901.44,65536200.519999996
2025-08-01 12:09:41 PM,213.32,0,0.0,65536200.519999996
2025-08-01 12:09:44 PM,213.32,24,5119.68,65541320.199999996
2025-08-01 12:10:01 PM,213.31,0,0.0,65541320.199999996
2025-08-01 12:10:04 PM,213.31,15,3199.65,65544519.849999994
2025-08-01 12:10:09 PM,213.42,0,0.0,65544519.849999994
2025-08-01 12:10:09 PM,213.42,34,7256.28,65551776.129999995
2025-08-01 12:10:25 PM,213.42,10,2134.2,65553910.33
2025-08-01 12:10:27 PM,213.31,0,0.0,65553910.33
2025-08-01 12:10:30 PM,213.31,75,15998.25,65569908.58
2025-08-01 12:10:41 PM,213.42,0,0.0,65569908.58
2025-08-01 12:10:44 PM,213.42,18,3841.56,65573750.14
2025-08-01 12:11:04 PM,213.42,1,213.42,65573963.56
2025-08-01 12:11:05 PM,213.32,0,0.0,65573963.56
2025-08-01 12:11:09 PM,213.32,100,21332.0,65595295.56
2025-08-01 12:11:14 PM,213.31,100,21331.0,65616626.56
2025-08-01 12:11:34 PM,213.31,88,18771.28,65635397.84
2025-08-01 12:11:35 PM,213.42,0,0.0,65635397.84
2025-08-01 12:11:39 PM,213.42,1,213.42,65635611.260000005
2025-08-01 12:12:05 PM,213.31,0,0.0,65635611.260000005
2025-08-01 12:12:07 PM,213.42,0,0.0,65635611.260000005
2025-08-01 12:12:08 PM,213.42,517,110338.14,65745949.400000006
2025-08-01 12:12:13 PM,213.37,40,8534.8,65754484.2
2025-08-01 12:12:13 PM,213.32,0,0.0,65754484.2
2025-08-01 12:12:18 PM,213.32,108,23038.559999999998,65777522.760000005
2025-08-01 12:12:43 PM,213.44,158,33723.52,65811246.28000001
2025-08-01 12:13:17 PM,213.5,0,0.0,65811246.28000001
2025-08-01 12:13:19 PM,213.5,15,3202.5,65814448.78000001
2025-08-01 12:13:27 PM,213.59,0,0.0,65814448.78000001
2025-08-01 12:13:28 PM,213.59,26,5553.34,65820002.12000001
2025-08-01 12:13:31 PM,213.6,0,0.0,65820002.12000001
2025-08-01 12:13:33 PM,213.6,15,3204.0,65823206.12000001
2025-08-01 12:13:39 PM,213.65,52,11109.800000000001,65834315.92000001
2025-08-01 12:13:58 PM,213.65,50,10682.5,65844998.42000001
2025-08-01 12:14:13 PM,213.65,8,1709.2,65846707.62000001
2025-08-01 12:14:18 PM,213.65,4,854.6,65847562.22000001
2025-08-01 12:14:35 PM,213.6,0,0.0,65847562.22000001
2025-08-01 12:14:38 PM,213.6,1,213.6,65847775.820000015
2025-08-01 12:14:49 PM,213.6,1,213.6,65847989.42000002
2025-08-01 12:14:55 PM,213.5,0,0.0,65847989.42000002
2025-08-01 12:14:59 PM,213.5,2025,432337.5,66280326.92000002
2025-08-01 12:15:20 PM,213.55,1,213.55,66280540.47000001
2025-08-01 12:15:21 PM,213.5,0,0.0,66280540.47000001
2025-08-01 12:15:24 PM,213.5,24,5124.0,66285664.47000001
2025-08-01 12:15:34 PM,213.5,17,3629.5,66289293.97000001
2025-08-01 12:15:50 PM,213.5,200,42700.0,66331993.97000001
2025-08-01 12:15:55 PM,213.5,50,10675.0,66342668.97000001
2025-08-01 12:16:00 PM,213.5,14,2989.0,66345657.97000001
2025-08-01 12:16:05 PM,213.5,129,27541.5,66373199.47000001
2025-08-01 12:17:03 PM,213.5,1,213.5,66373412.97000001
2025-08-01 12:17:35 PM,213.44,0,0.0,66373412.97000001
2025-08-01 12:17:37 PM,213.44,28,5976.32,66379389.290000014
2025-08-01 12:17:39 PM,213.38,0,0.0,66379389.290000014
2025-08-01 12:17:41 PM,213.57,0,0.0,66379389.290000014
2025-08-01 12:17:42 PM,213.57,908,193921.56,66573310.85000002
2025-08-01 12:18:09 PM,213.56,0,0.0,66573310.85000002
2025-08-01 12:18:12 PM,213.56,100,21356.0,66594666.85000002
2025-08-01 12:18:13 PM,213.55,0,0.0,66594666.85000002
2025-08-01 12:18:15 PM,213.51,0,0.0,66594666.85000002
2025-08-01 12:18:16 PM,213.51,1011,215858.61,66810525.460000016
2025-08-01 12:18:39 PM,213.25,0,0.0,66810525.460000016
2025-08-01 12:18:40 PM,213.25,2944,627808.0,67438333.46000001
2025-08-01 12:19:09 PM,213.29,0,0.0,67438333.46000001
2025-08-01 12:19:11 PM,213.29,4,853.16,67439186.62
2025-08-01 12:19:23 PM,213.23,0,0.0,67439186.62
2025-08-01 12:19:26 PM,213.23,162,34543.259999999995,67473729.88000001
2025-08-01 12:19:39 PM,213.29,0,0.0,67473729.88000001
2025-08-01 12:19:40 PM,213.1,0,0.0,67473729.88000001
2025-08-01 12:19:41 PM,213.1,571,121680.09999999999,67595409.98
2025-08-01 12:19:47 PM,213.01,0,0.0,67595409.98
2025-08-01 12:19:51 PM,213.01,1000,213010.0,67808419.98
2025-08-01 12:19:52 PM,213.02,0,0.0,67808419.98
2025-08-01 12:19:53 PM,213.17,0,0.0,67808419.98
2025-08-01 12:19:56 PM,213.17,38,8100.459999999999,67816520.44
2025-08-01 12:20:04 PM,213.16,0,0.0,67816520.44
2025-08-01 12:20:07 PM,213.16,96,20463.36,67836983.8
2025-08-01 12:20:10 PM,213.02,0,0.0,67836983.8
2025-08-01 12:20:11 PM,213.17,0,0.0,67836983.8
2025-08-01 12:20:13 PM,213.17,41,8739.97,67845723.77
2025-08-01 12:20:26 PM,213.15,0,0.0,67845723.77
2025-08-01 12:20:28 PM,213.15,5,1065.75,67846789.52
2025-08-01 12:20:33 PM,213.03,0,0.0,67846789.52
2025-08-01 12:20:34 PM,213.03,33,7029.99,67853819.50999999
2025-08-01 12:20:44 PM,213.16,207,44124.12,67897943.63
2025-08-01 12:20:58 PM,213.09,0,0.0,67897943.63
2025-08-01 12:20:59 PM,213.09,73,15555.57,67913499.19999999
2025-08-01 12:21:10 PM,213.21,0,0.0,67913499.19999999
2025-08-01 12:21:14 PM,213.21,40,8528.4,67922027.6
2025-08-01 12:21:17 PM,213.03,0,0.0,67922027.6
2025-08-01 12:21:19 PM,213.03,325,69234.75,67991262.35
2025-08-01 12:21:20 PM,213.19,0,0.0,67991262.35
2025-08-01 12:21:23 PM,213.19,5,1065.95,67992328.3
2025-08-01 12:21:30 PM,213.0,0,0.0,67992328.3
2025-08-01 12:21:33 PM,213.0,507,107991.0,68100319.3
2025-08-01 12:21:36 PM,213.16,0,0.0,68100319.3
2025-08-01 12:21:37 PM,213.16,22,4689.5199999999995,68105008.82
2025-08-01 12:21:38 PM,213.16,4,852.64,68105861.46
2025-08-01 12:21:51 PM,213.17,0,0.0,68105861.46
2025-08-01 12:21:52 PM,213.17,1,213.17,68106074.63
2025-08-01 12:21:54 PM,213.2,0,0.0,68106074.63
2025-08-01 12:21:57 PM,213.2,1085,231322.0,68337396.63
2025-08-01 12:22:16 PM,213.23,0,0.0,68337396.63
2025-08-01 12:22:18 PM,213.23,2,426.46,68337823.08999999
2025-08-01 12:22:29 PM,213.23,1,213.23,68338036.32
2025-08-01 12:22:30 PM,213.15,0,0.0,68338036.32
2025-08-01 12:22:34 PM,213.15,60,12789.0,68350825.32
2025-08-01 12:22:39 PM,213.15,67,14281.050000000001,68365106.36999999
2025-08-01 12:22:42 PM,213.09,0,0.0,68365106.36999999
2025-08-01 12:22:44 PM,213.09,17,3622.53,68368728.89999999
2025-08-01 12:22:48 PM,213.15,0,0.0,68368728.89999999
2025-08-01 12:22:49 PM,213.23,101,21536.23,68390265.13
2025-08-01 12:23:06 PM,213.29,0,0.0,68390265.13
2025-08-01 12:23:08 PM,213.3,0,0.0,68390265.13
2025-08-01 12:23:09 PM,213.3,31,6612.3,68396877.42999999
2025-08-01 12:23:18 PM,213.04,0,0.0,68396877.42999999
2025-08-01 12:23:19 PM,213.04,1006,214318.24,68611195.66999999
2025-08-01 12:23:27 PM,213.13,0,0.0,68611195.66999999
2025-08-01 12:23:28 PM,213.13,100,21313.0,68632508.66999999
2025-08-01 12:23:33 PM,213.01,0,0.0,68632508.66999999
2025-08-01 12:23:33 PM,213.01,393,83712.93,68716221.6
2025-08-01 12:23:38 PM,213.15,0,0.0,68716221.6
2025-08-01 12:23:38 PM,213.15,144,30693.600000000002,68746915.19999999
2025-08-01 12:23:47 PM,213.15,100,21315.0,68768230.19999999
2025-08-01 12:23:49 PM,213.14,0,0.0,68768230.19999999
2025-08-01 12:23:51 PM,213.18,0,0.0,68768230.19999999
2025-08-01 12:23:53 PM,213.18,30,6395.400000000001,68774625.6
2025-08-01 12:24:38 PM,213.12,0,0.0,68774625.6
2025-08-01 12:24:42 PM,213.12,50,10656.0,68785281.6
2025-08-01 12:25:07 PM,213.12,50,10656.0,68795937.6
2025-08-01 12:25:33 PM,213.12,5,1065.6,68797003.19999999
2025-08-01 12:25:43 PM,213.12,1,213.12,68797216.32
2025-08-01 12:25:53 PM,213.12,22,4688.64,68801904.96
2025-08-01 12:26:03 PM,213.24,0,0.0,68801904.96
2025-08-01 12:26:03 PM,213.24,2,426.48,68802331.44
2025-08-01 12:26:19 PM,213.25,0,0.0,68802331.44
2025-08-01 12:26:23 PM,213.25,1,213.25,68802544.69
2025-08-01 12:26:42 PM,213.24,0,0.0,68802544.69
2025-08-01 12:26:43 PM,213.24,50,10662.0,68813206.69
2025-08-01 12:26:56 PM,213.2,0,0.0,68813206.69
2025-08-01 12:26:58 PM,213.2,1,213.2,68813419.89
2025-08-01 12:26:58 PM,213.2,20,4264.0,68817683.89
2025-08-01 12:27:04 PM,213.12,0,0.0,68817683.89
2025-08-01 12:27:09 PM,213.12,216,46033.92,68863717.81
2025-08-01 12:27:09 PM,213.08,10,2130.8,68865848.61
2025-08-01 12:27:19 PM,213.05,20,4261.0,68870109.61
2025-08-01 12:27:42 PM,213.13,0,0.0,68870109.61
2025-08-01 12:27:43 PM,213.13,45,9590.85,68879700.46
2025-08-01 12:27:45 PM,213.0,0,0.0,68879700.46
2025-08-01 12:27:48 PM,213.0,20,4260.0,68883960.46
2025-08-01 12:28:06 PM,213.13,0,0.0,68883960.46
2025-08-01 12:28:08 PM,213.13,10,2131.3,68886091.75999999
2025-08-01 12:28:52 PM,213.0,0,0.0,68886091.75999999
2025-08-01 12:28:52 PM,213.0,25,5325.0,68891416.75999999
2025-08-01 12:29:07 PM,213.0,3286,699918.0,69591334.75999999
2025-08-01 12:29:29 PM,212.99,0,0.0,69591334.75999999
2025-08-01 12:29:31 PM,212.99,3,638.97,69591973.72999999
2025-08-01 12:29:38 PM,212.99,93,19808.07,69611781.79999998
2025-08-01 12:29:56 PM,213.06,0,0.0,69611781.79999998
2025-08-01 12:29:56 PM,213.06,40,8522.4,69620304.19999999
2025-08-01 12:29:59 PM,213.06,1,213.06,69620517.25999999
2025-08-01 12:30:00 PM,212.99,0,0.0,69620517.25999999
2025-08-01 12:30:01 PM,212.99,9,1916.91,69622434.16999999
2025-08-01 12:30:07 PM,212.99,100,21299.0,69643733.16999999
2025-08-01 12:30:08 PM,213.0,0,0.0,69643733.16999999
2025-08-01 12:30:09 PM,213.0,105,22365.0,69666098.16999999
2025-08-01 12:30:13 PM,212.88,0,0.0,69666098.16999999
2025-08-01 12:30:14 PM,212.9,304,64721.6,69730819.76999998
2025-08-01 12:30:19 PM,212.92,0,0.0,69730819.76999998
2025-08-01 12:30:19 PM,212.92,100,21292.0,69752111.76999998
2025-08-01 12:30:30 PM,212.92,20,4258.4,69756370.16999999
2025-08-01 12:30:33 PM,212.92,1,212.92,69756583.08999999
2025-08-01 12:30:35 PM,212.91,0,0.0,69756583.08999999
2025-08-01 12:30:35 PM,212.91,39,8303.49,69764886.57999998
2025-08-01 12:30:47 PM,212.97,0,0.0,69764886.57999998
2025-08-01 12:30:49 PM,212.97,20,4259.4,69769145.97999999
2025-08-01 12:31:36 PM,213.0,10,2130.0,69771275.97999999
2025-08-01 12:31:46 PM,213.0,990,210870.0,69982145.97999999
2025-08-01 12:32:27 PM,213.05,0,0.0,69982145.97999999
2025-08-01 12:32:29 PM,213.18,82,17480.760000000002,69999626.74
2025-08-01 12:32:43 PM,213.18,1,213.18,69999839.92
2025-08-01 12:32:55 PM,213.17,0,0.0,69999839.92
2025-08-01 12:32:58 PM,213.17,10,2131.7,70001971.62
2025-08-01 12:33:23 PM,213.16,300,63948.0,70065919.62
2025-08-01 12:33:54 PM,213.14,25,5328.5,70071248.12
2025-08-01 12:34:07 PM,213.15,0,0.0,70071248.12
2025-08-01 12:34:08 PM,213.15,1,213.15,70071461.27000001
2025-08-01 12:34:11 PM,213.05,0,0.0,70071461.27000001
2025-08-01 12:34:13 PM,213.05,29,6178.450000000001,70077639.72000001
2025-08-01 12:34:15 PM,213.0,0,0.0,70077639.72000001
2025-08-01 12:34:19 PM,213.03,71,15125.13,70092764.85000001
2025-08-01 12:34:21 PM,212.95,0,0.0,70092764.85000001
2025-08-01 12:34:24 PM,212.95,11,2342.45,70095107.30000001
2025-08-01 12:34:27 PM,212.98,0,0.0,70095107.30000001
2025-08-01 12:34:29 PM,212.98,11,2342.7799999999997,70097450.08000001
2025-08-01 12:34:49 PM,212.92,0,0.0,70097450.08000001
2025-08-01 12:34:49 PM,212.92,1,212.92,70097663.00000001
2025-08-01 12:34:57 PM,212.9,0,0.0,70097663.00000001
2025-08-01 12:34:59 PM,212.9,26,5535.400000000001,70103198.40000002
2025-08-01 12:35:04 PM,212.9,54,11496.6,70114695.00000001
2025-08-01 12:35:09 PM,212.9,5,1064.5,70115759.50000001
2025-08-01 12:35:15 PM,212.83,5,1064.15,70116823.65000002
2025-08-01 12:35:29 PM,212.8,0,0.0,70116823.65000002
2025-08-01 12:35:30 PM,212.8,26,5532.8,70122356.45000002
2025-08-01 12:35:40 PM,212.8,1000,212800.0,70335156.45000002
2025-08-01 12:35:40 PM,212.9,52,11070.800000000001,70346227.25000001
2025-08-01 12:35:42 PM,212.89,0,0.0,70346227.25000001
2025-08-01 12:35:45 PM,212.89,255,54286.95,70400514.20000002
2025-08-01 12:36:05 PM,212.8,0,0.0,70400514.20000002
2025-08-01 12:36:07 PM,212.8,30,6384.0,70406898.20000002
2025-08-01 12:36:17 PM,212.8,100,21280.0,70428178.20000002
2025-08-01 12:36:31 PM,212.92,0,0.0,70428178.20000002
2025-08-01 12:36:33 PM,212.95,153,32581.35,70460759.55000001
2025-08-01 12:37:03 PM,212.85,200,42570.0,70503329.55000001
2025-08-01 12:37:06 PM,213.03,0,0.0,70503329.55000001
2025-08-01 12:37:08 PM,213.03,100,21303.0,70524632.55000001
2025-08-01 12:37:22 PM,212.9,0,0.0,70524632.55000001
2025-08-01 12:37:23 PM,212.9,1,212.9,70524845.45000002
2025-08-01 12:37:32 PM,213.03,0,0.0,70524845.45000002
2025-08-01 12:37:33 PM,213.03,1,213.03,70525058.48000002
2025-08-01 12:37:33 PM,213.05,200,42610.0,70567668.48000002
2025-08-01 12:37:46 PM,212.9,0,0.0,70567668.48000002
2025-08-01 12:37:48 PM,212.9,55,11709.5,70579377.98000002
2025-08-01 12:38:01 PM,213.0,0,0.0,70579377.98000002
2025-08-01 12:38:03 PM,213.0,10,2130.0,70581507.98000002
2025-08-01 12:38:29 PM,212.86,0,0.0,70581507.98000002
2025-08-01 12:38:29 PM,212.86,100,21286.0,70602793.98000002
2025-08-01 12:38:45 PM,212.85,0,0.0,70602793.98000002
2025-08-01 12:38:47 PM,212.85,4,851.4,70603645.38000003
2025-08-01 12:38:53 PM,212.95,0,0.0,70603645.38000003
2025-08-01 12:38:54 PM,212.95,7,1490.6499999999999,70605136.03000003
2025-08-01 12:39:10 PM,212.8,0,0.0,70605136.03000003
2025-08-01 12:39:11 PM,212.8,666,141724.80000000002,70746860.83000003
2025-08-01 12:39:19 PM,212.93,0,0.0,70746860.83000003
2025-08-01 12:39:21 PM,212.93,30,6387.900000000001,70753248.73000003
