date,price,qty,trnvr,cum_trnvr
2025-08-01 09:15:04 AM,314.3,2802,880668.6,880668.6
2025-08-01 09:15:06 AM,313.8,19,5962.2,886630.7999999999
2025-08-01 09:15:13 AM,313.45,0,0.0,886630.7999999999
2025-08-01 09:15:14 AM,313.7,0,0.0,886630.7999999999
2025-08-01 09:15:16 AM,313.7,54,16939.8,903570.6
2025-08-01 09:15:18 AM,314.0,21,6594.0,910164.6
2025-08-01 09:15:26 AM,314.3,194,60974.200000000004,971138.7999999999
2025-08-01 09:15:33 AM,315.2,0,0.0,971138.7999999999
2025-08-01 09:15:34 AM,315.2,300,94560.0,1065698.7999999998
2025-08-01 09:15:36 AM,315.45,10,3154.5,1068853.2999999998
2025-08-01 09:15:42 AM,315.7,0,0.0,1068853.2999999998
2025-08-01 09:15:43 AM,315.7,509,160691.3,1229544.5999999999
2025-08-01 09:15:44 AM,315.6,29,9152.400000000001,1238696.9999999998
2025-08-01 09:15:46 AM,315.9,0,0.0,1238696.9999999998
2025-08-01 09:15:49 AM,315.45,0,0.0,1238696.9999999998
2025-08-01 09:15:51 AM,315.45,598,188639.1,1427336.0999999999
2025-08-01 09:15:55 AM,315.3,0,0.0,1427336.0999999999
2025-08-01 09:15:59 AM,315.3,16,5044.8,1432380.9
2025-08-01 09:16:01 AM,315.1,122,38442.200000000004,1470823.0999999999
2025-08-01 09:16:04 AM,314.75,0,0.0,1470823.0999999999
2025-08-01 09:16:07 AM,314.55,1354,425900.7,1896723.7999999998
2025-08-01 09:16:09 AM,314.0,20,6280.0,1903003.7999999998
2025-08-01 09:16:11 AM,313.7,0,0.0,1903003.7999999998
2025-08-01 09:16:15 AM,313.35,309,96825.15000000001,1999828.9499999997
2025-08-01 09:16:17 AM,313.3,100,31330.0,2031158.9499999997
2025-08-01 09:16:18 AM,313.2,0,0.0,2031158.9499999997
2025-08-01 09:16:24 AM,313.3,37,11592.1,2042751.0499999998
2025-08-01 09:16:25 AM,312.55,300,93765.0,2136516.05
2025-08-01 09:16:29 AM,313.2,0,0.0,2136516.05
2025-08-01 09:16:32 AM,313.2,9,2818.7999999999997,2139334.8499999996
2025-08-01 09:16:33 AM,312.95,2,625.9,2139960.7499999995
2025-08-01 09:16:39 AM,313.0,0,0.0,2139960.7499999995
2025-08-01 09:16:42 AM,313.0,113,35369.0,2175329.7499999995
2025-08-01 09:16:48 AM,312.8,11,3440.8,2178770.5499999993
2025-08-01 09:16:50 AM,312.75,11,3440.25,2182210.7999999993
2025-08-01 09:16:57 AM,312.65,746,233236.9,2415447.6999999993
2025-08-01 09:17:05 AM,312.65,229,71596.84999999999,2487044.5499999993
2025-08-01 09:17:06 AM,312.85,15,4692.75,2491737.2999999993
2025-08-01 09:17:09 AM,312.95,0,0.0,2491737.2999999993
2025-08-01 09:17:13 AM,312.95,490,153345.5,2645082.7999999993
2025-08-01 09:17:22 AM,313.05,31,9704.550000000001,2654787.349999999
2025-08-01 09:17:29 AM,313.05,10,3130.5,2657917.849999999
2025-08-01 09:17:32 AM,313.65,0,0.0,2657917.849999999
2025-08-01 09:17:38 AM,313.6,576,180633.6,2838551.4499999993
2025-08-01 09:17:41 AM,313.4,0,0.0,2838551.4499999993
2025-08-01 09:17:43 AM,313.45,0,0.0,2838551.4499999993
2025-08-01 09:17:46 AM,313.35,297,93064.95000000001,2931616.3999999994
2025-08-01 09:17:47 AM,313.35,1,313.35,2931929.7499999995
2025-08-01 09:17:52 AM,313.45,0,0.0,2931929.7499999995
2025-08-01 09:17:54 AM,313.45,1,313.45,2932243.1999999997
2025-08-01 09:18:04 AM,313.35,24,7520.400000000001,2939763.5999999996
2025-08-01 09:18:11 AM,313.35,8,2506.8,2942270.3999999994
2025-08-01 09:18:14 AM,313.4,0,0.0,2942270.3999999994
2025-08-01 09:18:19 AM,313.5,132,41382.0,2983652.3999999994
2025-08-01 09:18:21 AM,313.85,114,35778.9,3019431.2999999993
2025-08-01 09:18:23 AM,313.9,0,0.0,3019431.2999999993
2025-08-01 09:18:28 AM,313.9,16,5022.4,3024453.6999999993
2025-08-01 09:18:32 AM,313.6,0,0.0,3024453.6999999993
2025-08-01 09:18:36 AM,313.9,166,52107.399999999994,3076561.099999999
2025-08-01 09:18:37 AM,314.0,56,17584.0,3094145.099999999
2025-08-01 09:18:44 AM,314.0,14,4396.0,3098541.099999999
2025-08-01 09:18:45 AM,313.9,50,15694.999999999998,3114236.099999999
2025-08-01 09:18:48 AM,314.0,0,0.0,3114236.099999999
2025-08-01 09:18:52 AM,314.35,94,29548.9,3143784.999999999
2025-08-01 09:18:53 AM,314.65,100,31464.999999999996,3175249.999999999
2025-08-01 09:19:00 AM,314.3,360,113148.0,3288397.999999999
2025-08-01 09:19:01 AM,314.3,13,4085.9,3292483.899999999
2025-08-01 09:19:05 AM,314.2,0,0.0,3292483.899999999
2025-08-01 09:19:08 AM,314.2,168,52785.6,3345269.499999999
2025-08-01 09:19:10 AM,314.25,0,0.0,3345269.499999999
2025-08-01 09:19:16 AM,314.25,50,15712.5,3360981.999999999
2025-08-01 09:19:20 AM,314.55,0,0.0,3360981.999999999
2025-08-01 09:19:25 AM,314.8,229,72089.2,3433071.1999999993
2025-08-01 09:19:32 AM,314.5,0,0.0,3433071.1999999993
2025-08-01 09:19:32 AM,314.5,10,3145.0,3436216.1999999993
2025-08-01 09:19:35 AM,314.75,0,0.0,3436216.1999999993
2025-08-01 09:19:41 AM,314.75,39,12275.25,3448491.4499999993
2025-08-01 09:19:48 AM,314.95,0,0.0,3448491.4499999993
2025-08-01 09:19:49 AM,314.95,1746,549902.7,3998394.1499999994
2025-08-01 09:19:50 AM,314.4,0,0.0,3998394.1499999994
2025-08-01 09:19:50 AM,314.4,4,1257.6,3999651.7499999995
2025-08-01 09:19:56 AM,314.8,0,0.0,3999651.7499999995
2025-08-01 09:19:57 AM,314.8,11,3462.8,4003114.5499999993
2025-08-01 09:20:18 AM,314.75,0,0.0,4003114.5499999993
2025-08-01 09:20:20 AM,314.3,0,0.0,4003114.5499999993
2025-08-01 09:20:20 AM,314.3,205,64431.5,4067546.0499999993
2025-08-01 09:20:25 AM,314.75,0,0.0,4067546.0499999993
2025-08-01 09:20:28 AM,314.75,3,944.25,4068490.2999999993
2025-08-01 09:20:38 AM,314.9,0,0.0,4068490.2999999993
2025-08-01 09:20:44 AM,314.9,416,130998.4,4199488.699999999
2025-08-01 09:20:49 AM,314.75,0,0.0,4199488.699999999
2025-08-01 09:20:52 AM,314.75,322,101349.5,4300838.199999999
2025-08-01 09:20:57 AM,314.9,0,0.0,4300838.199999999
2025-08-01 09:20:59 AM,314.9,218,68648.2,4369486.399999999
2025-08-01 09:21:01 AM,314.75,5,1573.75,4371060.149999999
2025-08-01 09:21:07 AM,314.75,16,5036.0,4376096.149999999
2025-08-01 09:21:08 AM,314.9,76,23932.399999999998,4400028.55
2025-08-01 09:21:11 AM,314.95,0,0.0,4400028.55
2025-08-01 09:21:15 AM,314.95,25,7873.75,4407902.3
2025-08-01 09:21:16 AM,314.55,5,1572.75,4409475.05
2025-08-01 09:21:23 AM,314.75,159,50045.25,4459520.3
2025-08-01 09:21:25 AM,314.95,0,0.0,4459520.3
2025-08-01 09:21:31 AM,314.95,10,3149.5,4462669.8
2025-08-01 09:21:37 AM,314.85,0,0.0,4462669.8
2025-08-01 09:21:39 AM,314.85,306,96344.1,4559013.899999999
2025-08-01 09:21:47 AM,314.85,14,4407.900000000001,4563421.8
2025-08-01 09:21:50 AM,314.75,0,0.0,4563421.8
2025-08-01 09:21:54 AM,314.5,1628,512006.0,5075427.8
2025-08-01 09:22:01 AM,314.45,101,31759.449999999997,5107187.25
2025-08-01 09:22:02 AM,314.45,2,628.9,5107816.15
2025-08-01 09:22:09 AM,314.45,20,6289.0,5114105.15
2025-08-01 09:22:10 AM,314.55,75,23591.25,5137696.4
2025-08-01 09:22:17 AM,314.95,347,109287.65,5246984.050000001
2025-08-01 09:22:24 AM,314.95,5,1574.75,5248558.800000001
2025-08-01 09:22:25 AM,314.45,0,0.0,5248558.800000001
2025-08-01 09:22:26 AM,314.45,462,145275.9,5393834.700000001
2025-08-01 09:22:28 AM,314.1,0,0.0,5393834.700000001
2025-08-01 09:22:32 AM,314.1,254,79781.40000000001,5473616.1000000015
2025-08-01 09:22:33 AM,314.0,62,19468.0,5493084.1000000015
2025-08-01 09:22:39 AM,313.8,20,6276.0,5499360.1000000015
2025-08-01 09:22:47 AM,313.8,21,6589.8,5505949.900000001
2025-08-01 09:22:56 AM,313.8,261,81901.8,5587851.700000001
2025-08-01 09:22:59 AM,313.65,0,0.0,5587851.700000001
2025-08-01 09:23:01 AM,313.6,0,0.0,5587851.700000001
2025-08-01 09:23:02 AM,313.6,27,8467.2,5596318.900000001
2025-08-01 09:23:04 AM,313.6,30,9408.0,5605726.900000001
2025-08-01 09:23:10 AM,313.6,2,627.2,5606354.1000000015
2025-08-01 09:23:25 AM,313.5,60,18810.0,5625164.1000000015
2025-08-01 09:23:34 AM,313.4,2,626.8,5625790.900000001
2025-08-01 09:23:46 AM,313.2,0,0.0,5625790.900000001
2025-08-01 09:23:48 AM,313.3,56,17544.8,5643335.700000001
2025-08-01 09:23:50 AM,313.3,150,46995.0,5690330.700000001
2025-08-01 09:23:56 AM,313.3,3,939.9000000000001,5691270.6000000015
2025-08-01 09:24:03 AM,313.3,1,313.3,5691583.900000001
2025-08-01 09:24:05 AM,313.65,500,156825.0,5848408.900000001
2025-08-01 09:24:06 AM,312.55,0,0.0,5848408.900000001
2025-08-01 09:24:11 AM,313.15,1495,468159.24999999994,6316568.150000001
2025-08-01 09:24:28 AM,312.85,109,34100.65,6350668.800000002
2025-08-01 09:24:37 AM,312.9,0,0.0,6350668.800000002
2025-08-01 09:24:41 AM,312.9,3,938.6999999999999,6351607.500000002
2025-08-01 09:24:49 AM,312.9,25,7822.499999999999,6359430.000000002
2025-08-01 09:24:51 AM,313.3,50,15665.0,6375095.000000002
2025-08-01 09:24:55 AM,312.9,0,0.0,6375095.000000002
2025-08-01 09:24:56 AM,312.9,239,74783.09999999999,6449878.1000000015
2025-08-01 09:24:58 AM,312.9,5,1564.5,6451442.6000000015
2025-08-01 09:25:04 AM,313.1,0,0.0,6451442.6000000015
2025-08-01 09:25:06 AM,313.1,16,5009.6,6456452.200000001
2025-08-01 09:25:19 AM,312.6,532,166303.2,6622755.400000001
2025-08-01 09:25:21 AM,313.2,110,34452.0,6657207.400000001
2025-08-01 09:25:28 AM,312.95,31,9701.449999999999,6666908.8500000015
2025-08-01 09:25:28 AM,313.25,0,0.0,6666908.8500000015
2025-08-01 09:25:34 AM,313.2,120,37584.0,6704492.8500000015
2025-08-01 09:25:35 AM,312.9,0,0.0,6704492.8500000015
2025-08-01 09:25:36 AM,312.9,80,25032.0,6729524.8500000015
2025-08-01 09:25:40 AM,313.1,0,0.0,6729524.8500000015
2025-08-01 09:25:41 AM,313.1,12,3757.2000000000003,6733282.050000002
2025-08-01 09:25:43 AM,313.0,63,19719.0,6753001.050000002
2025-08-01 09:25:45 AM,313.35,0,0.0,6753001.050000002
2025-08-01 09:25:51 AM,313.35,3244,1016507.4,7769508.450000002
2025-08-01 09:25:58 AM,313.35,7,2193.4500000000003,7771701.900000002
2025-08-01 09:26:19 AM,313.35,3,940.0500000000001,7772641.950000002
2025-08-01 09:26:47 AM,313.5,0,0.0,7772641.950000002
2025-08-01 09:26:50 AM,313.5,3,940.5,7773582.450000002
2025-08-01 09:26:53 AM,313.7,0,0.0,7773582.450000002
2025-08-01 09:26:59 AM,313.65,19,5959.349999999999,7779541.800000002
2025-08-01 09:27:01 AM,313.5,0,0.0,7779541.800000002
2025-08-01 09:27:05 AM,313.5,25,7837.5,7787379.300000002
2025-08-01 09:27:07 AM,313.55,0,0.0,7787379.300000002
2025-08-01 09:27:12 AM,313.6,168,52684.8,7840064.1000000015
2025-08-01 09:27:14 AM,313.6,146,45785.600000000006,7885849.700000001
2025-08-01 09:27:17 AM,313.45,0,0.0,7885849.700000001
2025-08-01 09:27:19 AM,313.6,0,0.0,7885849.700000001
2025-08-01 09:27:20 AM,313.6,48,15052.800000000001,7900902.500000001
2025-08-01 09:27:27 AM,313.4,238,74589.2,7975491.700000001
2025-08-01 09:27:32 AM,313.6,0,0.0,7975491.700000001
2025-08-01 09:27:34 AM,313.6,13,4076.8,7979568.500000001
2025-08-01 09:27:48 AM,313.4,0,0.0,7979568.500000001
2025-08-01 09:27:50 AM,313.4,190,59545.99999999999,8039114.500000001
2025-08-01 09:27:53 AM,313.3,0,0.0,8039114.500000001
2025-08-01 09:27:57 AM,313.35,150,47002.5,8086117.000000001
2025-08-01 09:27:58 AM,313.0,0,0.0,8086117.000000001
2025-08-01 09:27:59 AM,313.0,90,28170.0,8114287.000000001
2025-08-01 09:28:06 AM,312.75,11,3440.25,8117727.250000001
2025-08-01 09:28:10 AM,312.7,0,0.0,8117727.250000001
2025-08-01 09:28:13 AM,312.7,13,4065.1,8121792.350000001
2025-08-01 09:28:22 AM,312.65,200,62529.99999999999,8184322.350000001
2025-08-01 09:28:28 AM,312.65,1,312.65,8184635.000000001
2025-08-01 09:28:36 AM,312.65,3,937.9499999999999,8185572.950000001
2025-08-01 09:28:45 AM,312.65,21,6565.65,8192138.6000000015
2025-08-01 09:28:59 AM,312.7,903,282368.1,8474506.700000001
2025-08-01 09:29:01 AM,312.65,0,0.0,8474506.700000001
2025-08-01 09:29:06 AM,312.65,156,48773.399999999994,8523280.100000001
2025-08-01 09:29:07 AM,312.9,0,0.0,8523280.100000001
2025-08-01 09:29:08 AM,312.9,18,5632.2,8528912.3
2025-08-01 09:29:13 AM,313.2,0,0.0,8528912.3
2025-08-01 09:29:14 AM,312.9,209,65396.1,8594308.4
2025-08-01 09:29:22 AM,313.25,105,32891.25,8627199.65
2025-08-01 09:29:32 AM,313.0,0,0.0,8627199.65
2025-08-01 09:29:37 AM,313.4,654,204963.59999999998,8832163.25
2025-08-01 09:29:42 AM,312.9,0,0.0,8832163.25
2025-08-01 09:29:44 AM,312.7,311,97249.7,8929412.95
2025-08-01 09:29:45 AM,312.0,601,187512.0,9116924.95
2025-08-01 09:29:51 AM,312.0,60,18720.0,9135644.95
2025-08-01 09:29:52 AM,312.0,66,20592.0,9156236.95
2025-08-01 09:29:58 AM,311.85,0,0.0,9156236.95
2025-08-01 09:29:59 AM,311.85,27,8419.95,9164656.899999999
2025-08-01 09:30:00 AM,311.6,267,83197.20000000001,9247854.099999998
2025-08-01 09:30:07 AM,311.6,38,11840.800000000001,9259694.899999999
2025-08-01 09:30:15 AM,311.55,10,3115.5,9262810.399999999
2025-08-01 09:30:22 AM,311.55,165,51405.75,9314216.149999999
2025-08-01 09:30:29 AM,311.55,16,4984.8,9319200.95
2025-08-01 09:30:36 AM,311.6,304,94726.40000000001,9413927.35
2025-08-01 09:30:40 AM,311.55,0,0.0,9413927.35
2025-08-01 09:30:44 AM,311.55,911,283822.05,9697749.4
2025-08-01 09:30:45 AM,311.8,10,3118.0,9700867.4
2025-08-01 09:30:51 AM,311.8,1,311.8,9701179.200000001
2025-08-01 09:30:52 AM,311.45,100,31145.0,9732324.200000001
2025-08-01 09:31:04 AM,311.8,0,0.0,9732324.200000001
2025-08-01 09:31:06 AM,311.8,151,47081.8,9779406.000000002
2025-08-01 09:31:13 AM,311.8,1251,390061.8,10169467.800000003
2025-08-01 09:31:20 AM,311.75,0,0.0,10169467.800000003
2025-08-01 09:31:21 AM,311.75,365,113788.75,10283256.550000003
2025-08-01 09:31:22 AM,311.8,0,0.0,10283256.550000003
2025-08-01 09:31:26 AM,311.7,0,0.0,10283256.550000003
2025-08-01 09:31:28 AM,311.7,111,34598.7,10317855.250000002
2025-08-01 09:31:35 AM,311.7,224,69820.8,10387676.050000003
2025-08-01 09:31:42 AM,311.7,18,5610.599999999999,10393286.650000002
2025-08-01 09:31:49 AM,311.4,85,26468.999999999996,10419755.650000002
2025-08-01 09:32:03 AM,311.0,736,228896.0,10648651.650000002
2025-08-01 09:32:17 AM,311.7,412,128420.4,10777072.050000003
2025-08-01 09:32:36 AM,311.9,0,0.0,10777072.050000003
2025-08-01 09:32:38 AM,311.9,25,7797.499999999999,10784869.550000003
2025-08-01 09:32:42 AM,312.45,0,0.0,10784869.550000003
2025-08-01 09:32:45 AM,312.45,423,132166.35,10917035.900000002
2025-08-01 09:32:52 AM,312.45,22,6873.9,10923909.800000003
2025-08-01 09:32:54 AM,312.9,0,0.0,10923909.800000003
2025-08-01 09:32:59 AM,312.9,8,2503.2,10926413.000000002
2025-08-01 09:33:12 AM,312.95,0,0.0,10926413.000000002
2025-08-01 09:33:13 AM,312.95,18,5633.099999999999,10932046.100000001
2025-08-01 09:33:17 AM,312.9,0,0.0,10932046.100000001
2025-08-01 09:33:19 AM,312.9,7,2190.2999999999997,10934236.400000002
2025-08-01 09:33:32 AM,313.0,0,0.0,10934236.400000002
2025-08-01 09:33:33 AM,313.0,56,17528.0,10951764.400000002
2025-08-01 09:33:40 AM,313.3,4,1253.2,10953017.600000001
2025-08-01 09:34:01 AM,313.65,10,3136.5,10956154.100000001
2025-08-01 09:34:12 AM,313.9,0,0.0,10956154.100000001
2025-08-01 09:34:15 AM,313.9,4,1255.6,10957409.700000001
2025-08-01 09:34:17 AM,314.05,0,0.0,10957409.700000001
2025-08-01 09:34:22 AM,314.05,511,160479.55000000002,11117889.250000002
2025-08-01 09:34:29 AM,314.05,50,15702.5,11133591.750000002
2025-08-01 09:34:36 AM,314.05,51,16016.550000000001,11149608.300000003
2025-08-01 09:34:40 AM,314.4,0,0.0,11149608.300000003
2025-08-01 09:34:42 AM,314.1,0,0.0,11149608.300000003
2025-08-01 09:34:43 AM,314.1,164,51512.4,11201120.700000003
2025-08-01 09:34:47 AM,313.95,0,0.0,11201120.700000003
2025-08-01 09:34:50 AM,313.9,0,0.0,11201120.700000003
2025-08-01 09:34:50 AM,313.9,180,56501.99999999999,11257622.700000003
2025-08-01 09:34:54 AM,313.7,0,0.0,11257622.700000003
2025-08-01 09:34:57 AM,313.7,2,627.4,11258250.100000003
2025-08-01 09:35:04 AM,313.75,226,70907.5,11329157.600000003
2025-08-01 09:35:06 AM,313.7,0,0.0,11329157.600000003
2025-08-01 09:35:06 AM,313.3,0,0.0,11329157.600000003
2025-08-01 09:35:11 AM,313.15,0,0.0,11329157.600000003
2025-08-01 09:35:11 AM,313.15,204,63882.6,11393040.200000003
2025-08-01 09:35:16 AM,313.2,0,0.0,11393040.200000003
2025-08-01 09:35:18 AM,313.2,31,9709.199999999999,11402749.400000002
2025-08-01 09:35:25 AM,313.3,31,9712.300000000001,11412461.700000003
2025-08-01 09:35:32 AM,313.35,157,49195.950000000004,11461657.650000002
2025-08-01 09:35:36 AM,313.2,0,0.0,11461657.650000002
2025-08-01 09:35:39 AM,313.2,186,58255.2,11519912.850000001
2025-08-01 09:35:41 AM,313.25,0,0.0,11519912.850000001
2025-08-01 09:35:46 AM,312.85,0,0.0,11519912.850000001
2025-08-01 09:35:46 AM,312.85,74,23150.9,11543063.750000002
2025-08-01 09:35:56 AM,312.4,0,0.0,11543063.750000002
2025-08-01 09:35:59 AM,312.5,374,116875.0,11659938.750000002
2025-08-01 09:36:05 AM,312.55,0,0.0,11659938.750000002
2025-08-01 09:36:06 AM,312.55,45,14064.75,11674003.500000002
2025-08-01 09:36:17 AM,312.9,0,0.0,11674003.500000002
2025-08-01 09:36:19 AM,312.9,2,625.8,11674629.300000003
2025-08-01 09:36:25 AM,313.0,0,0.0,11674629.300000003
2025-08-01 09:36:26 AM,313.0,9,2817.0,11677446.300000003
2025-08-01 09:36:32 AM,313.0,30,9390.0,11686836.300000003
2025-08-01 09:36:38 AM,313.0,12,3756.0,11690592.300000003
2025-08-01 09:36:41 AM,313.4,0,0.0,11690592.300000003
2025-08-01 09:36:41 AM,313.2,0,0.0,11690592.300000003
2025-08-01 09:36:45 AM,313.2,140,43848.0,11734440.300000003
2025-08-01 09:36:49 AM,313.35,0,0.0,11734440.300000003
2025-08-01 09:36:49 AM,313.3,0,0.0,11734440.300000003
2025-08-01 09:36:52 AM,313.35,60,18801.0,11753241.300000003
2025-08-01 09:36:58 AM,313.35,1,313.35,11753554.650000002
2025-08-01 09:37:05 AM,312.75,0,0.0,11753554.650000002
2025-08-01 09:37:05 AM,312.75,230,71932.5,11825487.150000002
2025-08-01 09:37:09 AM,312.8,0,0.0,11825487.150000002
2025-08-01 09:37:10 AM,312.55,0,0.0,11825487.150000002
2025-08-01 09:37:12 AM,312.55,306,95640.3,11921127.450000003
2025-08-01 09:37:13 AM,312.75,100,31275.0,11952402.450000003
2025-08-01 09:37:15 AM,312.65,0,0.0,11952402.450000003
2025-08-01 09:37:19 AM,312.55,0,0.0,11952402.450000003
2025-08-01 09:37:19 AM,312.55,178,55633.9,12008036.350000003
2025-08-01 09:37:30 AM,312.6,0,0.0,12008036.350000003
2025-08-01 09:37:33 AM,312.6,46,14379.6,12022415.950000003
2025-08-01 09:37:40 AM,312.6,48,15004.800000000001,12037420.750000004
2025-08-01 09:37:53 AM,312.6,50,15630.000000000002,12053050.750000004
2025-08-01 09:37:59 AM,312.45,0,0.0,12053050.750000004
2025-08-01 09:38:00 AM,312.45,115,35931.75,12088982.500000004
2025-08-01 09:38:05 AM,312.6,0,0.0,12088982.500000004
2025-08-01 09:38:07 AM,312.6,14,4376.400000000001,12093358.900000004
2025-08-01 09:38:27 AM,312.6,5,1563.0,12094921.900000004
2025-08-01 09:38:34 AM,312.6,2,625.2,12095547.100000003
2025-08-01 09:38:40 AM,312.6,1,312.6,12095859.700000003
2025-08-01 09:38:41 AM,312.35,0,0.0,12095859.700000003
2025-08-01 09:38:47 AM,312.35,5,1561.75,12097421.450000003
2025-08-01 09:38:54 AM,312.35,9,2811.15,12100232.600000003
2025-08-01 09:38:57 AM,312.25,0,0.0,12100232.600000003
2025-08-01 09:39:00 AM,312.25,235,73378.75,12173611.350000003
2025-08-01 09:39:06 AM,312.2,0,0.0,12173611.350000003
2025-08-01 09:39:07 AM,312.2,1,312.2,12173923.550000003
2025-08-01 09:39:12 AM,312.15,0,0.0,12173923.550000003
2025-08-01 09:39:14 AM,312.15,18,5618.7,12179542.250000002
2025-08-01 09:39:27 AM,311.8,0,0.0,12179542.250000002
2025-08-01 09:39:27 AM,311.8,563,175543.4,12355085.650000002
2025-08-01 09:39:34 AM,311.8,82,25567.600000000002,12380653.250000002
2025-08-01 09:39:40 AM,311.8,55,17149.0,12397802.250000002
2025-08-01 09:39:46 AM,311.7,0,0.0,12397802.250000002
2025-08-01 09:39:47 AM,311.7,61,19013.7,12416815.950000001
2025-08-01 09:39:50 AM,311.8,0,0.0,12416815.950000001
2025-08-01 09:39:51 AM,311.85,0,0.0,12416815.950000001
2025-08-01 09:39:53 AM,312.1,538,167909.80000000002,12584725.750000002
2025-08-01 09:39:58 AM,311.75,0,0.0,12584725.750000002
2025-08-01 09:40:00 AM,311.75,200,62350.0,12647075.750000002
2025-08-01 09:40:16 AM,312.1,0,0.0,12647075.750000002
2025-08-01 09:40:20 AM,312.1,22,6866.200000000001,12653941.950000001
2025-08-01 09:40:23 AM,312.15,0,0.0,12653941.950000001
2025-08-01 09:40:26 AM,312.15,10,3121.5,12657063.450000001
2025-08-01 09:40:42 AM,312.5,0,0.0,12657063.450000001
2025-08-01 09:40:46 AM,312.5,60,18750.0,12675813.450000001
2025-08-01 09:40:53 AM,312.15,60,18729.0,12694542.450000001
2025-08-01 09:41:05 AM,312.6,0,0.0,12694542.450000001
2025-08-01 09:41:06 AM,312.6,42,13129.2,12707671.65
2025-08-01 09:41:13 AM,312.7,23,7192.099999999999,12714863.75
2025-08-01 09:41:17 AM,312.75,0,0.0,12714863.75
2025-08-01 09:41:19 AM,312.75,24,7506.0,12722369.75
2025-08-01 09:41:25 AM,312.25,0,0.0,12722369.75
2025-08-01 09:41:26 AM,312.25,198,61825.5,12784195.25
2025-08-01 09:41:29 AM,312.3,0,0.0,12784195.25
2025-08-01 09:41:32 AM,312.3,43,13428.9,12797624.15
2025-08-01 09:41:37 AM,312.6,0,0.0,12797624.15
2025-08-01 09:41:39 AM,312.6,802,250705.2,13048329.35
2025-08-01 09:41:41 AM,311.9,0,0.0,13048329.35
2025-08-01 09:41:46 AM,311.9,37,11540.3,13059869.65
2025-08-01 09:41:47 AM,312.1,500,156050.0,13215919.65
2025-08-01 09:41:49 AM,311.8,0,0.0,13215919.65
2025-08-01 09:41:52 AM,311.8,136,42404.8,13258324.450000001
2025-08-01 09:41:57 AM,311.7,0,0.0,13258324.450000001
2025-08-01 09:41:58 AM,311.65,6,1869.8999999999999,13260194.350000001
2025-08-01 09:42:01 AM,311.6,0,0.0,13260194.350000001
2025-08-01 09:42:02 AM,311.5,0,0.0,13260194.350000001
2025-08-01 09:42:05 AM,311.4,96,29894.399999999998,13290088.750000002
2025-08-01 09:42:10 AM,311.0,0,0.0,13290088.750000002
2025-08-01 09:42:12 AM,311.0,628,195308.0,13485396.750000002
2025-08-01 09:42:14 AM,310.7,0,0.0,13485396.750000002
2025-08-01 09:42:18 AM,310.9,153,47567.7,13532964.450000001
2025-08-01 09:42:22 AM,310.8,0,0.0,13532964.450000001
2025-08-01 09:42:25 AM,310.85,1394,433324.9,13966289.350000001
2025-08-01 09:42:26 AM,311.2,1,311.2,13966600.55
2025-08-01 09:42:31 AM,310.9,1,310.9,13966911.450000001
2025-08-01 09:42:36 AM,311.2,0,0.0,13966911.450000001
2025-08-01 09:42:38 AM,311.4,145,45153.0,14012064.450000001
2025-08-01 09:42:40 AM,311.35,0,0.0,14012064.450000001
2025-08-01 09:42:43 AM,311.4,0,0.0,14012064.450000001
2025-08-01 09:42:44 AM,311.4,23,7162.2,14019226.65
2025-08-01 09:42:51 AM,311.75,547,170527.25,14189753.9
2025-08-01 09:42:52 AM,311.4,0,0.0,14189753.9
2025-08-01 09:42:57 AM,311.4,156,48578.399999999994,14238332.3
2025-08-01 09:43:04 AM,311.4,740,230435.99999999997,14468768.3
2025-08-01 09:43:07 AM,311.25,0,0.0,14468768.3
2025-08-01 09:43:10 AM,311.25,67,20853.75,14489622.05
2025-08-01 09:43:16 AM,311.05,0,0.0,14489622.05
2025-08-01 09:43:17 AM,311.05,94,29238.7,14518860.75
2025-08-01 09:43:24 AM,311.1,0,0.0,14518860.75
2025-08-01 09:43:24 AM,311.1,150,46665.0,14565525.75
2025-08-01 09:43:28 AM,311.0,0,0.0,14565525.75
2025-08-01 09:43:30 AM,310.95,37,11505.15,14577030.9
2025-08-01 09:43:36 AM,310.85,0,0.0,14577030.9
2025-08-01 09:43:37 AM,310.85,62,19272.7,14596303.6
2025-08-01 09:43:44 AM,310.85,4,1243.4,14597547.0
2025-08-01 09:43:50 AM,310.85,10,3108.5,14600655.5
2025-08-01 09:43:56 AM,310.85,100,31085.000000000004,14631740.5
2025-08-01 09:44:04 AM,310.7,142,44119.4,14675859.9
2025-08-01 09:44:10 AM,310.7,5,1553.5,14677413.4
2025-08-01 09:44:12 AM,310.5,0,0.0,14677413.4
2025-08-01 09:44:16 AM,310.55,0,0.0,14677413.4
2025-08-01 09:44:17 AM,310.55,141,43787.55,14721200.950000001
2025-08-01 09:44:18 AM,310.55,1,310.55,14721511.500000002
2025-08-01 09:44:22 AM,310.5,0,0.0,14721511.500000002
2025-08-01 09:44:24 AM,310.45,24,7450.799999999999,14728962.300000003
2025-08-01 09:44:24 AM,310.45,3,931.3499999999999,14729893.650000002
2025-08-01 09:44:30 AM,310.45,18,5588.099999999999,14735481.750000002
2025-08-01 09:44:36 AM,310.4,68,21107.199999999997,14756588.950000001
2025-08-01 09:44:48 AM,310.45,0,0.0,14756588.950000001
2025-08-01 09:44:49 AM,310.45,10,3104.5,14759693.450000001
2025-08-01 09:44:58 AM,310.3,0,0.0,14759693.450000001
2025-08-01 09:45:02 AM,310.3,64,19859.2,14779552.65
2025-08-01 09:45:06 AM,310.2,0,0.0,14779552.65
2025-08-01 09:45:09 AM,310.25,667,206936.75,14986489.4
2025-08-01 09:45:10 AM,310.0,234,72540.0,15059029.4
2025-08-01 09:45:15 AM,309.95,1201,372249.95,15431279.35
2025-08-01 09:45:20 AM,309.8,0,0.0,15431279.35
2025-08-01 09:45:22 AM,309.9,362,112183.79999999999,15543463.15
2025-08-01 09:45:23 AM,309.6,251,77709.6,15621172.75
2025-08-01 09:45:28 AM,309.4,700,216579.99999999997,15837752.75
2025-08-01 09:45:32 AM,309.85,0,0.0,15837752.75
2025-08-01 09:45:34 AM,309.85,564,174755.40000000002,16012508.15
2025-08-01 09:45:36 AM,310.05,0,0.0,16012508.15
2025-08-01 09:45:40 AM,310.0,0,0.0,16012508.15
2025-08-01 09:45:41 AM,310.0,11,3410.0,16015918.15
2025-08-01 09:45:48 AM,310.25,116,35989.0,16051907.15
2025-08-01 09:45:55 AM,310.2,15,4653.0,16056560.15
2025-08-01 09:46:02 AM,309.85,0,0.0,16056560.15
2025-08-01 09:46:02 AM,309.85,31,9605.35,16066165.5
2025-08-01 09:46:07 AM,309.85,2,619.7,16066785.2
2025-08-01 09:46:08 AM,310.2,25,7755.0,16074540.2
2025-08-01 09:46:12 AM,309.9,0,0.0,16074540.2
2025-08-01 09:46:14 AM,309.9,5,1549.5,16076089.7
2025-08-01 09:46:16 AM,310.2,0,0.0,16076089.7
2025-08-01 09:46:20 AM,310.2,26,8065.2,16084154.899999999
2025-08-01 09:46:25 AM,309.85,0,0.0,16084154.899999999
2025-08-01 09:46:27 AM,309.85,200,61970.00000000001,16146124.899999999
2025-08-01 09:46:30 AM,310.3,0,0.0,16146124.899999999
2025-08-01 09:46:33 AM,310.3,200,62060.0,16208184.899999999
2025-08-01 09:46:39 AM,310.25,1,310.25,16208495.149999999
2025-08-01 09:46:42 AM,310.35,0,0.0,16208495.149999999
2025-08-01 09:46:45 AM,310.35,500,155175.0,16363670.149999999
2025-08-01 09:46:47 AM,310.35,200,62070.00000000001,16425740.149999999
2025-08-01 09:46:54 AM,310.3,44,13653.2,16439393.349999998
2025-08-01 09:46:58 AM,310.3,2,620.6,16440013.949999997
2025-08-01 09:47:02 AM,309.95,0,0.0,16440013.949999997
2025-08-01 09:47:04 AM,310.1,180,55818.00000000001,16495831.949999997
2025-08-01 09:47:06 AM,310.1,10,3101.0,16498932.949999997
2025-08-01 09:47:12 AM,310.1,14,4341.400000000001,16503274.349999998
2025-08-01 09:47:16 AM,310.1,46,14264.6,16517538.949999997
2025-08-01 09:47:21 AM,310.05,0,0.0,16517538.949999997
2025-08-01 09:47:23 AM,310.05,1,310.05,16517848.999999998
2025-08-01 09:47:29 AM,309.9,0,0.0,16517848.999999998
2025-08-01 09:47:29 AM,309.9,15,4648.5,16522497.499999998
2025-08-01 09:47:35 AM,310.05,1,310.05,16522807.549999999
2025-08-01 09:47:42 AM,310.05,152,47127.6,16569935.149999999
2025-08-01 09:47:45 AM,310.05,2,620.1,16570555.249999998
2025-08-01 09:47:49 AM,310.05,12,3720.6000000000004,16574275.849999998
2025-08-01 09:47:51 AM,310.05,300,93015.0,16667290.849999998
2025-08-01 09:47:55 AM,309.85,0,0.0,16667290.849999998
2025-08-01 09:47:56 AM,309.85,77,23858.45,16691149.299999997
2025-08-01 09:48:02 AM,310.05,3,930.1500000000001,16692079.449999997
2025-08-01 09:48:05 AM,309.9,10,3099.0,16695178.449999997
2025-08-01 09:48:08 AM,310.05,0,0.0,16695178.449999997
2025-08-01 09:48:08 AM,309.9,0,0.0,16695178.449999997
2025-08-01 09:48:09 AM,309.9,29,8987.099999999999,16704165.549999997
2025-08-01 09:48:15 AM,309.9,1,309.9,16704475.449999997
2025-08-01 09:48:24 AM,309.9,8,2479.2,16706954.649999997
2025-08-01 09:48:31 AM,309.9,150,46485.0,16753439.649999997
2025-08-01 09:48:36 AM,309.85,0,0.0,16753439.649999997
2025-08-01 09:48:37 AM,309.9,35,10846.5,16764286.149999997
2025-08-01 09:48:41 AM,309.9,40,12396.0,16776682.149999997
2025-08-01 09:48:47 AM,309.85,103,31914.550000000003,16808596.699999996
2025-08-01 09:49:04 AM,309.9,0,0.0,16808596.699999996
2025-08-01 09:49:06 AM,309.9,20,6198.0,16814794.699999996
2025-08-01 09:49:12 AM,309.9,37,11466.3,16826260.999999996
2025-08-01 09:49:19 AM,310.05,319,98905.95,16925166.949999996
2025-08-01 09:49:21 AM,310.05,2,620.1,16925787.049999997
2025-08-01 09:49:25 AM,310.05,23,7131.150000000001,16932918.199999996
2025-08-01 09:49:25 AM,309.85,0,0.0,16932918.199999996
2025-08-01 09:49:27 AM,309.85,119,36872.15,16969790.349999994
2025-08-01 09:49:31 AM,310.05,0,0.0,16969790.349999994
2025-08-01 09:49:31 AM,310.05,7,2170.35,16971960.699999996
2025-08-01 09:49:40 AM,309.9,0,0.0,16971960.699999996
2025-08-01 09:49:40 AM,309.9,15,4648.5,16976609.199999996
2025-08-01 09:49:40 AM,310.05,0,0.0,16976609.199999996
2025-08-01 09:49:44 AM,310.05,23,7131.150000000001,16983740.349999994
2025-08-01 09:49:50 AM,310.05,3,930.1500000000001,16984670.499999993
2025-08-01 09:50:09 AM,310.05,50,15502.5,17000172.999999993
2025-08-01 09:50:22 AM,310.05,5,1550.25,17001723.249999993
2025-08-01 09:50:28 AM,310.05,176,54568.8,17056292.049999993
2025-08-01 09:50:31 AM,310.05,365,113168.25,17169460.299999993
2025-08-01 09:50:36 AM,310.7,0,0.0,17169460.299999993
2025-08-01 09:50:37 AM,310.7,718,223082.6,17392542.899999995
2025-08-01 09:50:39 AM,310.75,0,0.0,17392542.899999995
2025-08-01 09:50:41 AM,310.75,20,6215.0,17398757.899999995
2025-08-01 09:50:45 AM,310.9,0,0.0,17398757.899999995
2025-08-01 09:50:47 AM,310.9,350,108814.99999999999,17507572.899999995
2025-08-01 09:50:51 AM,311.05,0,0.0,17507572.899999995
2025-08-01 09:50:53 AM,311.05,2,622.1,17508194.999999996
2025-08-01 09:51:11 AM,311.15,0,0.0,17508194.999999996
2025-08-01 09:51:12 AM,311.15,51,15868.65,17524063.649999995
2025-08-01 09:51:18 AM,311.2,0,0.0,17524063.649999995
2025-08-01 09:51:19 AM,311.2,92,28630.399999999998,17552694.049999993
2025-08-01 09:51:29 AM,311.25,0,0.0,17552694.049999993
2025-08-01 09:51:31 AM,311.25,294,91507.5,17644201.549999993
2025-08-01 09:51:33 AM,311.25,1,311.25,17644512.799999993
2025-08-01 09:51:37 AM,311.25,82,25522.5,17670035.299999993
2025-08-01 09:51:40 AM,311.1,9,2799.9,17672835.19999999
2025-08-01 09:51:42 AM,311.4,0,0.0,17672835.19999999
2025-08-01 09:51:44 AM,311.4,225,70065.0,17742900.19999999
2025-08-01 09:51:45 AM,311.05,0,0.0,17742900.19999999
2025-08-01 09:51:46 AM,311.05,40,12442.0,17755342.19999999
2025-08-01 09:51:48 AM,311.35,0,0.0,17755342.19999999
2025-08-01 09:51:50 AM,311.35,17,5292.950000000001,17760635.14999999
2025-08-01 09:51:52 AM,311.35,3,934.0500000000001,17761569.19999999
2025-08-01 09:52:05 AM,311.4,0,0.0,17761569.19999999
2025-08-01 09:52:08 AM,311.4,1,311.4,17761880.59999999
2025-08-01 09:52:11 AM,311.85,0,0.0,17761880.59999999
2025-08-01 09:52:14 AM,311.85,702,218918.7,17980799.29999999
2025-08-01 09:52:17 AM,311.6,408,127132.8,18107932.09999999
2025-08-01 09:52:26 AM,311.9,0,0.0,18107932.09999999
2025-08-01 09:52:26 AM,311.75,0,0.0,18107932.09999999
2025-08-01 09:52:27 AM,311.75,38,11846.5,18119778.59999999
2025-08-01 09:52:29 AM,311.7,0,0.0,18119778.59999999
2025-08-01 09:52:29 AM,311.7,50,15585.0,18135363.59999999
2025-08-01 09:52:29 AM,311.65,0,0.0,18135363.59999999
2025-08-01 09:52:32 AM,311.9,0,0.0,18135363.59999999
2025-08-01 09:52:33 AM,311.9,107,33373.299999999996,18168736.89999999
2025-08-01 09:52:38 AM,312.0,0,0.0,18168736.89999999
2025-08-01 09:52:39 AM,312.0,213,66456.0,18235192.89999999
2025-08-01 09:52:41 AM,311.95,0,0.0,18235192.89999999
2025-08-01 09:52:41 AM,312.15,35,10925.25,18246118.14999999
2025-08-01 09:52:47 AM,312.0,0,0.0,18246118.14999999
2025-08-01 09:52:47 AM,312.0,20,6240.0,18252358.14999999
2025-08-01 09:52:50 AM,312.25,0,0.0,18252358.14999999
2025-08-01 09:52:51 AM,312.25,16,4996.0,18257354.14999999
2025-08-01 09:53:02 AM,311.95,0,0.0,18257354.14999999
2025-08-01 09:53:03 AM,311.95,282,87969.9,18345324.04999999
2025-08-01 09:53:11 AM,311.95,100,31195.0,18376519.04999999
2025-08-01 09:53:14 AM,311.9,0,0.0,18376519.04999999
2025-08-01 09:53:15 AM,311.9,10,3119.0,18379638.04999999
2025-08-01 09:53:28 AM,311.9,25,7797.499999999999,18387435.54999999
2025-08-01 09:53:34 AM,311.9,74,23080.6,18410516.14999999
2025-08-01 09:53:36 AM,311.8,0,0.0,18410516.14999999
2025-08-01 09:53:36 AM,311.8,50,15590.0,18426106.14999999
2025-08-01 09:53:39 AM,311.45,0,0.0,18426106.14999999
2025-08-01 09:53:39 AM,311.6,0,0.0,18426106.14999999
2025-08-01 09:53:40 AM,311.6,44,13710.400000000001,18439816.54999999
2025-08-01 09:53:47 AM,311.5,20,6230.0,18446046.54999999
2025-08-01 09:53:53 AM,311.55,12,3738.6000000000004,18449785.14999999
2025-08-01 09:53:54 AM,311.2,0,0.0,18449785.14999999
2025-08-01 09:53:54 AM,311.2,100,31120.0,18480905.14999999
2025-08-01 09:53:59 AM,311.2,24,7468.799999999999,18488373.94999999
2025-08-01 09:54:03 AM,311.45,0,0.0,18488373.94999999
2025-08-01 09:54:05 AM,311.45,6,1868.6999999999998,18490242.64999999
2025-08-01 09:54:11 AM,311.45,12,3737.3999999999996,18493980.04999999
2025-08-01 09:54:21 AM,311.15,0,0.0,18493980.04999999
2025-08-01 09:54:24 AM,311.45,0,0.0,18493980.04999999
2025-08-01 09:54:24 AM,311.45,147,45783.15,18539763.199999988
2025-08-01 09:54:30 AM,311.45,9,2803.0499999999997,18542566.24999999
2025-08-01 09:54:49 AM,311.1,301,93641.1,18636207.34999999
2025-08-01 09:54:49 AM,311.0,0,0.0,18636207.34999999
2025-08-01 09:54:52 AM,311.15,0,0.0,18636207.34999999
2025-08-01 09:54:54 AM,311.15,257,79965.54999999999,18716172.89999999
2025-08-01 09:54:58 AM,311.1,0,0.0,18716172.89999999
2025-08-01 09:55:00 AM,311.1,10,3111.0,18719283.89999999
2025-08-01 09:55:05 AM,311.1,17,5288.700000000001,18724572.59999999
2025-08-01 09:55:11 AM,311.1,13,4044.3,18728616.89999999
2025-08-01 09:55:35 AM,311.1,1,311.1,18728927.999999993
2025-08-01 09:55:48 AM,311.1,2,622.2,18729550.19999999
2025-08-01 09:55:54 AM,310.85,0,0.0,18729550.19999999
2025-08-01 09:55:54 AM,310.85,119,36991.15,18766541.34999999
2025-08-01 09:55:57 AM,310.8,0,0.0,18766541.34999999
2025-08-01 09:56:00 AM,310.8,7,2175.6,18768716.94999999
2025-08-01 09:56:06 AM,310.8,2,621.6,18769338.549999993
2025-08-01 09:56:18 AM,310.8,502,156021.6,18925360.149999995
2025-08-01 09:56:24 AM,310.8,1,310.8,18925670.949999996
2025-08-01 09:56:28 AM,310.55,0,0.0,18925670.949999996
2025-08-01 09:56:30 AM,310.55,72,22359.600000000002,18948030.549999997
2025-08-01 09:56:30 AM,310.5,84,26082.0,18974112.549999997
2025-08-01 09:56:41 AM,310.5,2,621.0,18974733.549999997
2025-08-01 09:56:48 AM,310.0,721,223510.0,19198243.549999997
2025-08-01 09:57:00 AM,310.0,10,3100.0,19201343.549999997
2025-08-01 09:57:01 AM,310.15,7,2171.0499999999997,19203514.599999998
2025-08-01 09:57:10 AM,309.9,0,0.0,19203514.599999998
2025-08-01 09:57:12 AM,309.9,98,30370.199999999997,19233884.799999997
2025-08-01 09:57:13 AM,309.9,5,1549.5,19235434.299999997
2025-08-01 09:57:17 AM,310.15,15,4652.25,19240086.549999997
2025-08-01 09:57:23 AM,310.15,2,620.3,19240706.849999998
2025-08-01 09:57:29 AM,310.15,5,1550.75,19242257.599999998
2025-08-01 09:57:47 AM,310.0,14,4340.0,19246597.599999998
2025-08-01 09:57:57 AM,309.7,0,0.0,19246597.599999998
2025-08-01 09:57:59 AM,309.85,457,141601.45,19388199.049999997
2025-08-01 09:58:01 AM,309.95,107,33164.65,19421363.699999996
2025-08-01 09:58:05 AM,309.9,20,6198.0,19427561.699999996
2025-08-01 09:58:14 AM,309.9,31,9606.9,19437168.599999994
2025-08-01 09:58:20 AM,309.9,61,18903.899999999998,19456072.499999993
2025-08-01 09:58:35 AM,309.9,5,1549.5,19457621.999999993
2025-08-01 09:58:38 AM,309.9,51,15804.9,19473426.89999999
2025-08-01 09:58:47 AM,309.65,0,0.0,19473426.89999999
2025-08-01 09:58:47 AM,309.65,1,309.65,19473736.54999999
2025-08-01 09:58:54 AM,309.65,5,1548.25,19475284.79999999
2025-08-01 09:59:00 AM,309.65,1,309.65,19475594.449999988
2025-08-01 09:59:02 AM,309.5,173,53543.5,19529137.949999988
2025-08-01 09:59:06 AM,309.4,92,28464.8,19557602.74999999
2025-08-01 09:59:09 AM,309.45,3,928.3499999999999,19558531.09999999
2025-08-01 09:59:12 AM,309.1,0,0.0,19558531.09999999
2025-08-01 09:59:12 AM,309.1,230,71093.0,19629624.09999999
2025-08-01 09:59:13 AM,309.4,0,0.0,19629624.09999999
2025-08-01 09:59:15 AM,309.4,3,928.1999999999999,19630552.29999999
2025-08-01 09:59:21 AM,309.4,4,1237.6,19631789.89999999
2025-08-01 09:59:25 AM,309.4,2,618.8,19632408.69999999
2025-08-01 09:59:28 AM,309.05,497,153597.85,19786006.549999993
2025-08-01 09:59:37 AM,309.4,0,0.0,19786006.549999993
2025-08-01 09:59:37 AM,309.4,20,6188.0,19792194.549999993
2025-08-01 09:59:38 AM,309.1,0,0.0,19792194.549999993
2025-08-01 09:59:40 AM,309.1,100,30910.000000000004,19823104.549999993
2025-08-01 09:59:42 AM,309.15,0,0.0,19823104.549999993
2025-08-01 09:59:43 AM,309.5,38,11761.0,19834865.549999993
2025-08-01 09:59:56 AM,309.55,0,0.0,19834865.549999993
2025-08-01 09:59:56 AM,309.55,1,309.55,19835175.099999994
2025-08-01 10:00:04 AM,309.2,56,17315.2,19852490.299999993
2025-08-01 10:00:15 AM,309.2,25,7730.0,19860220.299999993
2025-08-01 10:00:18 AM,309.2,1,309.2,19860529.499999993
2025-08-01 10:00:21 AM,309.2,7,2164.4,19862693.89999999
2025-08-01 10:00:24 AM,309.2,1,309.2,19863003.09999999
2025-08-01 10:00:30 AM,309.2,500,154600.0,20017603.09999999
2025-08-01 10:00:33 AM,308.85,1483,458024.55000000005,20475627.64999999
2025-08-01 10:00:40 AM,308.75,0,0.0,20475627.64999999
2025-08-01 10:00:40 AM,308.75,421,129983.75,20605611.39999999
2025-08-01 10:00:43 AM,308.75,51,15746.25,20621357.64999999
2025-08-01 10:00:46 AM,309.0,0,0.0,20621357.64999999
2025-08-01 10:00:46 AM,309.0,4,1236.0,20622593.64999999
2025-08-01 10:00:49 AM,309.0,20,6180.0,20628773.64999999
2025-08-01 10:00:56 AM,308.75,44,13585.0,20642358.64999999
2025-08-01 10:01:04 AM,309.0,0,0.0,20642358.64999999
2025-08-01 10:01:05 AM,309.0,10,3090.0,20645448.64999999
2025-08-01 10:01:08 AM,309.0,233,71997.0,20717445.64999999
2025-08-01 10:01:16 AM,308.7,0,0.0,20717445.64999999
2025-08-01 10:01:18 AM,309.0,74,22866.0,20740311.64999999
2025-08-01 10:01:21 AM,308.8,40,12352.0,20752663.64999999
2025-08-01 10:01:23 AM,309.2,0,0.0,20752663.64999999
2025-08-01 10:01:24 AM,309.2,2,618.4,20753282.04999999
2025-08-01 10:01:30 AM,309.2,11,3401.2,20756683.24999999
2025-08-01 10:01:39 AM,309.2,40,12368.0,20769051.24999999
2025-08-01 10:01:40 AM,309.0,0,0.0,20769051.24999999
2025-08-01 10:01:42 AM,309.0,20,6180.0,20775231.24999999
2025-08-01 10:01:53 AM,309.2,0,0.0,20775231.24999999
2025-08-01 10:01:54 AM,309.2,3,927.5999999999999,20776158.84999999
2025-08-01 10:01:57 AM,308.85,0,0.0,20776158.84999999
2025-08-01 10:01:58 AM,308.85,1505,464819.25000000006,21240978.09999999
2025-08-01 10:02:04 AM,309.4,0,0.0,21240978.09999999
2025-08-01 10:02:04 AM,309.3,261,80727.3,21321705.39999999
2025-08-01 10:02:08 AM,309.4,0,0.0,21321705.39999999
2025-08-01 10:02:11 AM,309.4,53,16398.199999999997,21338103.59999999
2025-08-01 10:02:12 AM,309.0,0,0.0,21338103.59999999
2025-08-01 10:02:12 AM,309.0,716,221244.0,21559347.59999999
2025-08-01 10:02:17 AM,308.95,149,46033.549999999996,21605381.14999999
2025-08-01 10:02:23 AM,308.95,24,7414.799999999999,21612795.94999999
2025-08-01 10:02:25 AM,309.0,3,927.0,21613722.94999999
2025-08-01 10:02:29 AM,309.05,0,0.0,21613722.94999999
2025-08-01 10:02:30 AM,309.05,9,2781.4500000000003,21616504.39999999
2025-08-01 10:02:31 AM,308.75,15,4631.25,21621135.64999999
2025-08-01 10:02:36 AM,309.1,2,618.2,21621753.84999999
2025-08-01 10:02:42 AM,309.1,62,19164.2,21640918.04999999
2025-08-01 10:02:49 AM,309.1,25,7727.500000000001,21648645.54999999
2025-08-01 10:02:57 AM,309.15,77,23804.55,21672450.09999999
2025-08-01 10:03:03 AM,309.1,8,2472.8,21674922.89999999
2025-08-01 10:03:09 AM,309.2,324,100180.8,21775103.69999999
2025-08-01 10:03:11 AM,308.8,0,0.0,21775103.69999999
2025-08-01 10:03:14 AM,308.8,1031,318372.8,22093476.499999993
2025-08-01 10:03:16 AM,309.45,361,111711.45,22205187.94999999
2025-08-01 10:03:21 AM,309.5,61,18879.5,22224067.44999999
2025-08-01 10:03:55 AM,309.6,0,0.0,22224067.44999999
2025-08-01 10:03:58 AM,309.85,11,3408.3500000000004,22227475.799999993
2025-08-01 10:04:00 AM,309.6,14,4334.400000000001,22231810.19999999
2025-08-01 10:04:13 AM,309.2,51,15769.199999999999,22247579.39999999
2025-08-01 10:04:23 AM,309.5,0,0.0,22247579.39999999
2025-08-01 10:04:23 AM,309.5,3,928.5,22248507.89999999
2025-08-01 10:04:26 AM,309.5,1,309.5,22248817.39999999
2025-08-01 10:04:30 AM,309.5,19,5880.5,22254697.89999999
2025-08-01 10:04:32 AM,309.5,100,30950.0,22285647.89999999
2025-08-01 10:04:36 AM,309.15,61,18858.149999999998,22304506.04999999
2025-08-01 10:04:42 AM,309.2,67,20716.399999999998,22325222.449999988
2025-08-01 10:04:44 AM,309.2,8,2473.6,22327696.04999999
2025-08-01 10:04:48 AM,309.2,17,5256.4,22332952.449999988
2025-08-01 10:04:50 AM,309.2,34,10512.8,22343465.24999999
2025-08-01 10:04:55 AM,309.15,59,18239.85,22361705.09999999
2025-08-01 10:04:57 AM,308.8,0,0.0,22361705.09999999
2025-08-01 10:04:57 AM,308.8,460,142048.0,22503753.09999999
2025-08-01 10:05:00 AM,308.95,0,0.0,22503753.09999999
2025-08-01 10:05:01 AM,308.95,7,2162.65,22505915.74999999
2025-08-01 10:05:07 AM,308.95,20,6179.0,22512094.74999999
2025-08-01 10:05:15 AM,308.95,2,617.9,22512712.649999987
2025-08-01 10:05:24 AM,308.7,0,0.0,22512712.649999987
2025-08-01 10:05:25 AM,308.7,105,32413.5,22545126.149999987
2025-08-01 10:05:31 AM,308.65,0,0.0,22545126.149999987
2025-08-01 10:05:32 AM,308.65,1,308.65,22545434.799999986
2025-08-01 10:05:38 AM,308.65,50,15432.499999999998,22560867.299999986
2025-08-01 10:05:40 AM,308.5,0,0.0,22560867.299999986
2025-08-01 10:05:40 AM,308.5,2,617.0,22561484.299999986
2025-08-01 10:05:44 AM,308.65,10,3086.5,22564570.799999986
2025-08-01 10:05:50 AM,308.65,86,26543.899999999998,22591114.699999984
2025-08-01 10:05:58 AM,308.65,1,308.65,22591423.349999983
2025-08-01 10:06:02 AM,308.65,3,925.9499999999999,22592349.299999982
2025-08-01 10:06:04 AM,308.7,0,0.0,22592349.299999982
2025-08-01 10:06:04 AM,308.7,17,5247.9,22597597.19999998
2025-08-01 10:06:12 AM,308.5,0,0.0,22597597.19999998
2025-08-01 10:06:13 AM,308.5,254,78359.0,22675956.19999998
2025-08-01 10:06:16 AM,308.5,8,2468.0,22678424.19999998
2025-08-01 10:06:22 AM,308.5,176,54296.0,22732720.19999998
2025-08-01 10:06:25 AM,308.5,2,617.0,22733337.19999998
2025-08-01 10:06:28 AM,308.5,1,308.5,22733645.69999998
2025-08-01 10:06:31 AM,308.5,238,73423.0,22807068.69999998
2025-08-01 10:06:33 AM,308.5,36,11106.0,22818174.69999998
2025-08-01 10:06:37 AM,308.1,554,170687.40000000002,22988862.09999998
2025-08-01 10:06:42 AM,308.0,0,0.0,22988862.09999998
2025-08-01 10:06:43 AM,308.0,55,16940.0,23005802.09999998
2025-08-01 10:06:56 AM,308.25,10,3082.5,23008884.59999998
2025-08-01 10:06:58 AM,308.25,44,13563.0,23022447.59999998
2025-08-01 10:07:04 AM,307.95,1565,481941.75,23504389.34999998
2025-08-01 10:07:07 AM,308.05,0,0.0,23504389.34999998
2025-08-01 10:07:08 AM,308.05,51,15710.550000000001,23520099.89999998
2025-08-01 10:07:10 AM,308.0,60,18480.0,23538579.89999998
2025-08-01 10:07:16 AM,308.1,365,112456.50000000001,23651036.39999998
2025-08-01 10:07:21 AM,307.95,162,49887.9,23700924.29999998
2025-08-01 10:07:31 AM,308.25,0,0.0,23700924.29999998
2025-08-01 10:07:33 AM,308.25,83,25584.75,23726509.04999998
2025-08-01 10:07:35 AM,308.1,0,0.0,23726509.04999998
2025-08-01 10:07:35 AM,308.1,60,18486.0,23744995.04999998
2025-08-01 10:07:39 AM,308.1,1,308.1,23745303.14999998
2025-08-01 10:07:44 AM,308.25,0,0.0,23745303.14999998
2025-08-01 10:07:45 AM,308.25,1,308.25,23745611.39999998
2025-08-01 10:07:51 AM,308.0,255,78540.0,23824151.39999998
2025-08-01 10:07:53 AM,307.8,30,9234.0,23833385.39999998
2025-08-01 10:07:54 AM,308.0,0,0.0,23833385.39999998
2025-08-01 10:07:58 AM,308.0,34,10472.0,23843857.39999998
2025-08-01 10:08:03 AM,308.55,0,0.0,23843857.39999998
2025-08-01 10:08:04 AM,308.55,1234,380750.7,24224608.09999998
2025-08-01 10:08:08 AM,308.3,0,0.0,24224608.09999998
2025-08-01 10:08:10 AM,308.05,23,7085.150000000001,24231693.249999978
2025-08-01 10:08:13 AM,308.3,0,0.0,24231693.249999978
2025-08-01 10:08:16 AM,308.3,42,12948.6,24244641.84999998
2025-08-01 10:08:22 AM,308.5,1000,308500.0,24553141.84999998
2025-08-01 10:08:28 AM,308.95,0,0.0,24553141.84999998
2025-08-01 10:08:28 AM,308.95,100,30895.0,24584036.84999998
2025-08-01 10:08:31 AM,308.6,0,0.0,24584036.84999998
2025-08-01 10:08:33 AM,308.8,0,0.0,24584036.84999998
2025-08-01 10:08:34 AM,308.8,36,11116.800000000001,24595153.64999998
2025-08-01 10:08:36 AM,308.95,20,6179.0,24601332.64999998
2025-08-01 10:08:48 AM,309.1,0,0.0,24601332.64999998
2025-08-01 10:08:48 AM,309.1,7,2163.7000000000003,24603496.34999998
2025-08-01 10:08:57 AM,309.15,0,0.0,24603496.34999998
2025-08-01 10:08:58 AM,309.15,45,13911.749999999998,24617408.09999998
2025-08-01 10:09:04 AM,309.15,6,1854.8999999999999,24619262.999999978
2025-08-01 10:09:22 AM,309.15,97,29987.55,24649250.54999998
2025-08-01 10:09:24 AM,309.4,0,0.0,24649250.54999998
2025-08-01 10:09:24 AM,309.4,6,1856.3999999999999,24651106.949999977
2025-08-01 10:09:30 AM,309.5,0,0.0,24651106.949999977
2025-08-01 10:09:33 AM,309.4,0,0.0,24651106.949999977
2025-08-01 10:09:34 AM,309.4,12,3712.7999999999997,24654819.749999978
2025-08-01 10:09:39 AM,309.2,0,0.0,24654819.749999978
2025-08-01 10:09:39 AM,309.2,9,2782.7999999999997,24657602.54999998
2025-08-01 10:09:43 AM,309.45,0,0.0,24657602.54999998
2025-08-01 10:09:45 AM,309.2,47,14532.4,24672134.949999977
2025-08-01 10:09:51 AM,309.2,18,5565.599999999999,24677700.54999998
2025-08-01 10:09:53 AM,309.2,12,3710.3999999999996,24681410.949999977
2025-08-01 10:10:02 AM,309.0,197,60873.0,24742283.949999977
2025-08-01 10:10:04 AM,308.9,0,0.0,24742283.949999977
2025-08-01 10:10:04 AM,308.9,2,617.8,24742901.749999978
2025-08-01 10:10:08 AM,308.9,7,2162.2999999999997,24745064.04999998
2025-08-01 10:10:14 AM,308.4,130,40092.0,24785156.04999998
2025-08-01 10:10:20 AM,308.5,43,13265.5,24798421.54999998
2025-08-01 10:10:26 AM,308.5,3,925.5,24799347.04999998
2025-08-01 10:10:44 AM,308.5,15,4627.5,24803974.54999998
2025-08-01 10:10:45 AM,308.5,1,308.5,24804283.04999998
2025-08-01 10:10:50 AM,308.5,2,617.0,24804900.04999998
2025-08-01 10:10:52 AM,308.5,32,9872.0,24814772.04999998
2025-08-01 10:10:57 AM,308.5,6,1851.0,24816623.04999998
2025-08-01 10:11:07 AM,308.5,13,4010.5,24820633.54999998
2025-08-01 10:11:15 AM,308.9,0,0.0,24820633.54999998
2025-08-01 10:11:15 AM,308.9,14,4324.599999999999,24824958.14999998
2025-08-01 10:11:25 AM,308.95,160,49432.0,24874390.14999998
2025-08-01 10:11:26 AM,308.95,15,4634.25,24879024.39999998
2025-08-01 10:11:30 AM,309.0,0,0.0,24879024.39999998
2025-08-01 10:11:30 AM,308.7,0,0.0,24879024.39999998
2025-08-01 10:11:31 AM,308.7,141,43526.7,24922551.09999998
2025-08-01 10:11:36 AM,308.7,1,308.7,24922859.79999998
2025-08-01 10:11:38 AM,308.7,4,1234.8,24924094.59999998
2025-08-01 10:11:42 AM,308.7,4,1234.8,24925329.39999998
2025-08-01 10:12:00 AM,308.7,12,3704.3999999999996,24929033.79999998
2025-08-01 10:12:06 AM,308.7,5,1543.5,24930577.29999998
2025-08-01 10:12:07 AM,308.7,12,3704.3999999999996,24934281.699999977
2025-08-01 10:12:18 AM,308.7,1,308.7,24934590.399999976
2025-08-01 10:12:23 AM,308.7,4,1234.8,24935825.199999977
2025-08-01 10:12:24 AM,308.7,25,7717.5,24943542.699999977
2025-08-01 10:12:40 AM,308.7,50,15435.0,24958977.699999977
2025-08-01 10:12:46 AM,308.7,29,8952.3,24967929.999999978
2025-08-01 10:12:58 AM,308.7,10,3087.0,24971016.999999978
2025-08-01 10:13:04 AM,308.7,26,8026.2,24979043.199999977
2025-08-01 10:13:33 AM,308.7,17,5247.9,24984291.099999975
2025-08-01 10:13:39 AM,308.7,15,4630.5,24988921.599999975
2025-08-01 10:13:45 AM,308.7,1,308.7,24989230.299999975
2025-08-01 10:13:48 AM,308.5,0,0.0,24989230.299999975
2025-08-01 10:13:51 AM,308.7,0,0.0,24989230.299999975
2025-08-01 10:13:51 AM,308.7,131,40439.7,25029669.999999974
2025-08-01 10:13:57 AM,308.7,1,308.7,25029978.699999973
2025-08-01 10:14:09 AM,308.7,10,3087.0,25033065.699999973
2025-08-01 10:14:14 AM,308.7,254,78409.8,25111475.499999974
2025-08-01 10:14:15 AM,308.7,30,9261.0,25120736.499999974
2025-08-01 10:14:20 AM,308.7,100,30870.0,25151606.499999974
2025-08-01 10:14:26 AM,308.7,5,1543.5,25153149.999999974
2025-08-01 10:14:31 AM,308.7,3,926.0999999999999,25154076.099999975
2025-08-01 10:14:38 AM,308.7,21,6482.7,25160558.799999975
2025-08-01 10:14:49 AM,308.7,4,1234.8,25161793.599999975
2025-08-01 10:15:00 AM,309.0,736,227424.0,25389217.599999975
2025-08-01 10:15:06 AM,309.0,9,2781.0,25391998.599999975
2025-08-01 10:15:10 AM,309.2,0,0.0,25391998.599999975
2025-08-01 10:15:12 AM,309.2,13,4019.6,25396018.199999977
2025-08-01 10:15:24 AM,309.0,0,0.0,25396018.199999977
2025-08-01 10:15:24 AM,309.0,8,2472.0,25398490.199999977
2025-08-01 10:15:27 AM,309.3,0,0.0,25398490.199999977
2025-08-01 10:15:30 AM,309.3,9,2783.7000000000003,25401273.899999976
2025-08-01 10:15:49 AM,309.4,20,6188.0,25407461.899999976
2025-08-01 10:16:02 AM,309.6,0,0.0,25407461.899999976
2025-08-01 10:16:06 AM,309.6,2,619.2,25408081.099999975
2025-08-01 10:16:09 AM,309.7,0,0.0,25408081.099999975
2025-08-01 10:16:11 AM,309.7,13,4026.1,25412107.199999977
2025-08-01 10:16:17 AM,309.6,400,123840.00000000001,25535947.199999977
2025-08-01 10:16:23 AM,309.6,101,31269.600000000002,25567216.79999998
2025-08-01 10:16:29 AM,309.6,1,309.6,25567526.39999998
2025-08-01 10:16:48 AM,309.2,0,0.0,25567526.39999998
2025-08-01 10:16:52 AM,309.2,229,70806.8,25638333.19999998
2025-08-01 10:16:56 AM,309.6,0,0.0,25638333.19999998
2025-08-01 10:16:57 AM,309.6,2,619.2,25638952.39999998
2025-08-01 10:17:20 AM,309.6,30,9288.0,25648240.39999998
2025-08-01 10:17:32 AM,309.6,2,619.2,25648859.59999998
2025-08-01 10:17:35 AM,309.3,0,0.0,25648859.59999998
2025-08-01 10:17:37 AM,309.3,79,24434.7,25673294.29999998
2025-08-01 10:17:43 AM,309.3,4,1237.2,25674531.499999978
2025-08-01 10:17:49 AM,309.3,50,15465.0,25689996.499999978
2025-08-01 10:17:55 AM,309.3,9,2783.7000000000003,25692780.199999977
2025-08-01 10:18:01 AM,309.3,24,7423.200000000001,25700203.399999976
2025-08-01 10:18:07 AM,309.3,49,15155.7,25715359.099999975
2025-08-01 10:18:13 AM,309.3,5,1546.5,25716905.599999975
2025-08-01 10:18:18 AM,309.3,2,618.6,25717524.199999977
2025-08-01 10:18:47 AM,309.3,2,618.6,25718142.79999998
2025-08-01 10:18:53 AM,309.3,4,1237.2,25719379.999999978
2025-08-01 10:19:16 AM,309.3,3,927.9000000000001,25720307.899999976
2025-08-01 10:19:27 AM,309.3,4,1237.2,25721545.099999975
2025-08-01 10:19:33 AM,309.25,11,3401.75,25724946.849999975
2025-08-01 10:19:39 AM,309.25,1,309.25,25725256.099999975
2025-08-01 10:19:50 AM,309.25,10,3092.5,25728348.599999975
2025-08-01 10:19:55 AM,309.3,0,0.0,25728348.599999975
2025-08-01 10:19:56 AM,309.3,7,2165.1,25730513.699999977
2025-08-01 10:20:01 AM,309.3,5,1546.5,25732060.199999977
2025-08-01 10:20:02 AM,309.3,2,618.6,25732678.79999998
2025-08-01 10:20:08 AM,309.3,50,15465.0,25748143.79999998
2025-08-01 10:20:25 AM,309.25,20,6185.0,25754328.79999998
2025-08-01 10:20:29 AM,309.3,0,0.0,25754328.79999998
2025-08-01 10:20:29 AM,309.3,25,7732.5,25762061.29999998
2025-08-01 10:20:35 AM,309.3,5,1546.5,25763607.79999998
2025-08-01 10:20:37 AM,309.3,140,43302.0,25806909.79999998
2025-08-01 10:20:42 AM,309.3,9,2783.7000000000003,25809693.499999978
2025-08-01 10:20:44 AM,309.3,4,1237.2,25810930.699999977
2025-08-01 10:21:05 AM,309.3,20,6186.0,25817116.699999977
2025-08-01 10:21:10 AM,309.3,1,309.3,25817425.999999978
2025-08-01 10:21:16 AM,309.25,0,0.0,25817425.999999978
2025-08-01 10:21:16 AM,309.25,10,3092.5,25820518.499999978
2025-08-01 10:21:26 AM,309.05,0,0.0,25820518.499999978
2025-08-01 10:21:27 AM,309.05,555,171522.75,25992041.249999978
2025-08-01 10:21:29 AM,309.3,36,11134.800000000001,26003176.04999998
2025-08-01 10:21:32 AM,309.3,21,6495.3,26009671.34999998
2025-08-01 10:21:51 AM,309.3,328,101450.40000000001,26111121.749999978
2025-08-01 10:21:55 AM,309.3,111,34332.3,26145454.04999998
2025-08-01 10:22:00 AM,309.6,0,0.0,26145454.04999998
2025-08-01 10:22:01 AM,309.6,5,1548.0,26147002.04999998
2025-08-01 10:22:06 AM,309.6,1,309.6,26147311.64999998
2025-08-01 10:22:08 AM,309.6,100,30960.000000000004,26178271.64999998
2025-08-01 10:22:18 AM,309.6,5,1548.0,26179819.64999998
2025-08-01 10:22:20 AM,309.6,3,928.8000000000001,26180748.44999998
2025-08-01 10:22:32 AM,309.45,10,3094.5,26183842.94999998
2025-08-01 10:22:35 AM,309.6,2,619.2,26184462.14999998
2025-08-01 10:22:37 AM,309.6,5,1548.0,26186010.14999998
2025-08-01 10:22:46 AM,309.45,1,309.45,26186319.59999998
2025-08-01 10:22:54 AM,309.45,10,3094.5,26189414.09999998
2025-08-01 10:22:57 AM,309.6,0,0.0,26189414.09999998
2025-08-01 10:22:57 AM,309.6,30,9288.0,26198702.09999998
2025-08-01 10:23:05 AM,309.6,12,3715.2000000000003,26202417.29999998
2025-08-01 10:23:11 AM,309.6,30,9288.0,26211705.29999998
2025-08-01 10:23:14 AM,309.6,5,1548.0,26213253.29999998
2025-08-01 10:24:01 AM,309.45,0,0.0,26213253.29999998
2025-08-01 10:24:02 AM,309.45,1,309.45,26213562.749999978
2025-08-01 10:24:04 AM,309.45,1,309.45,26213872.199999977
2025-08-01 10:24:08 AM,309.45,1,309.45,26214181.649999976
2025-08-01 10:24:21 AM,309.45,1,309.45,26214491.099999975
2025-08-01 10:24:37 AM,309.45,3,928.3499999999999,26215419.449999977
2025-08-01 10:24:41 AM,309.45,2,618.9,26216038.349999975
2025-08-01 10:24:51 AM,309.45,2,618.9,26216657.249999974
2025-08-01 10:25:02 AM,309.45,7,2166.15,26218823.399999972
2025-08-01 10:25:05 AM,309.45,2,618.9,26219442.29999997
2025-08-01 10:25:21 AM,309.45,1,309.45,26219751.74999997
2025-08-01 10:25:28 AM,309.3,8,2474.4,26222226.14999997
2025-08-01 10:25:36 AM,309.45,0,0.0,26222226.14999997
2025-08-01 10:25:37 AM,309.45,12,3713.3999999999996,26225939.549999967
2025-08-01 10:25:40 AM,309.45,100,30945.0,26256884.549999967
2025-08-01 10:25:56 AM,309.45,2,618.9,26257503.449999966
2025-08-01 10:25:59 AM,309.3,11,3402.3,26260905.749999966
2025-08-01 10:26:12 AM,309.45,0,0.0,26260905.749999966
2025-08-01 10:26:12 AM,309.45,1,309.45,26261215.199999966
2025-08-01 10:26:16 AM,309.45,1,309.45,26261524.649999965
2025-08-01 10:26:22 AM,309.45,1,309.45,26261834.099999964
2025-08-01 10:26:24 AM,309.45,6,1856.6999999999998,26263690.799999963
2025-08-01 10:26:27 AM,309.45,8,2475.6,26266166.399999965
2025-08-01 10:26:47 AM,309.45,11,3403.95,26269570.349999964
2025-08-01 10:26:52 AM,309.1,0,0.0,26269570.349999964
2025-08-01 10:26:53 AM,309.35,82,25366.7,26294937.049999963
2025-08-01 10:26:59 AM,309.35,20,6187.0,26301124.049999963
2025-08-01 10:27:02 AM,309.35,1,309.35,26301433.399999965
2025-08-01 10:27:03 AM,309.0,0,0.0,26301433.399999965
2025-08-01 10:27:04 AM,309.0,567,175203.0,26476636.399999965
2025-08-01 10:27:10 AM,309.05,0,0.0,26476636.399999965
2025-08-01 10:27:10 AM,309.05,12,3708.6000000000004,26480344.999999966
2025-08-01 10:27:15 AM,308.5,0,0.0,26480344.999999966
2025-08-01 10:27:16 AM,308.5,889,274256.5,26754601.499999966
2025-08-01 10:27:25 AM,308.35,0,0.0,26754601.499999966
2025-08-01 10:27:27 AM,308.35,13,4008.55,26758610.049999967
2025-08-01 10:27:48 AM,308.3,0,0.0,26758610.049999967
2025-08-01 10:27:49 AM,308.3,9,2774.7000000000003,26761384.749999966
2025-08-01 10:27:54 AM,308.25,1,308.25,26761692.999999966
2025-08-01 10:27:57 AM,308.25,5,1541.25,26763234.249999966
2025-08-01 10:28:05 AM,308.25,50,15412.5,26778646.749999966
2025-08-01 10:28:24 AM,308.25,1,308.25,26778954.999999966
2025-08-01 10:28:27 AM,308.25,103,31749.75,26810704.749999966
2025-08-01 10:28:29 AM,308.2,0,0.0,26810704.749999966
2025-08-01 10:28:29 AM,308.2,30,9246.0,26819950.749999966
2025-08-01 10:28:32 AM,308.0,40,12320.0,26832270.749999966
2025-08-01 10:28:34 AM,308.2,0,0.0,26832270.749999966
2025-08-01 10:28:35 AM,308.0,0,0.0,26832270.749999966
2025-08-01 10:28:35 AM,308.0,706,217448.0,27049718.749999966
2025-08-01 10:28:36 AM,307.85,0,0.0,27049718.749999966
2025-08-01 10:28:38 AM,307.85,106,32632.100000000002,27082350.849999968
2025-08-01 10:28:46 AM,308.05,0,0.0,27082350.849999968
2025-08-01 10:28:46 AM,308.05,6,1848.3000000000002,27084199.14999997
2025-08-01 10:28:49 AM,307.95,0,0.0,27084199.14999997
2025-08-01 10:28:49 AM,307.95,6,1847.6999999999998,27086046.849999968
2025-08-01 10:28:52 AM,308.0,0,0.0,27086046.849999968
2025-08-01 10:28:52 AM,308.0,260,80080.0,27166126.849999968
2025-08-01 10:28:58 AM,308.0,14,4312.0,27170438.849999968
2025-08-01 10:29:00 AM,307.55,922,283561.10000000003,27453999.94999997
2025-08-01 10:29:03 AM,308.0,0,0.0,27453999.94999997
2025-08-01 10:29:03 AM,308.0,54,16632.0,27470631.94999997
2025-08-01 10:29:05 AM,307.95,0,0.0,27470631.94999997
2025-08-01 10:29:05 AM,307.95,46,14165.699999999999,27484797.64999997
2025-08-01 10:29:11 AM,307.7,0,0.0,27484797.64999997
2025-08-01 10:29:11 AM,307.7,174,53539.799999999996,27538337.44999997
2025-08-01 10:29:13 AM,307.95,0,0.0,27538337.44999997
2025-08-01 10:29:15 AM,307.95,5,1539.75,27539877.19999997
2025-08-01 10:29:31 AM,307.7,0,0.0,27539877.19999997
2025-08-01 10:29:33 AM,307.7,3,923.0999999999999,27540800.29999997
2025-08-01 10:29:35 AM,307.9,0,0.0,27540800.29999997
2025-08-01 10:29:36 AM,307.9,10,3079.0,27543879.29999997
2025-08-01 10:29:39 AM,307.9,7,2155.2999999999997,27546034.59999997
2025-08-01 10:29:44 AM,307.9,10,3079.0,27549113.59999997
2025-08-01 10:29:47 AM,307.9,30,9237.0,27558350.59999997
2025-08-01 10:29:50 AM,307.9,1,307.9,27558658.49999997
2025-08-01 10:30:01 AM,308.0,0,0.0,27558658.49999997
2025-08-01 10:30:01 AM,308.0,100,30800.0,27589458.49999997
2025-08-01 10:30:07 AM,308.0,32,9856.0,27599314.49999997
2025-08-01 10:30:13 AM,308.0,3,924.0,27600238.49999997
2025-08-01 10:30:16 AM,308.0,27,8316.0,27608554.49999997
2025-08-01 10:30:21 AM,308.0,1,308.0,27608862.49999997
2025-08-01 10:30:33 AM,308.0,634,195272.0,27804134.49999997
2025-08-01 10:30:58 AM,308.0,10,3080.0,27807214.49999997
2025-08-01 10:31:06 AM,308.25,0,0.0,27807214.49999997
2025-08-01 10:31:07 AM,308.25,46,14179.5,27821393.99999997
2025-08-01 10:31:20 AM,308.2,0,0.0,27821393.99999997
2025-08-01 10:31:22 AM,308.2,9,2773.7999999999997,27824167.79999997
2025-08-01 10:31:27 AM,308.45,0,0.0,27824167.79999997
2025-08-01 10:31:27 AM,308.45,2,616.9,27824784.69999997
2025-08-01 10:31:32 AM,308.6,0,0.0,27824784.69999997
2025-08-01 10:31:33 AM,308.6,1,308.6,27825093.29999997
2025-08-01 10:31:49 AM,308.6,28,8640.800000000001,27833734.09999997
2025-08-01 10:32:28 AM,308.8,3,926.4000000000001,27834660.49999997
2025-08-01 10:32:32 AM,308.8,10,3088.0,27837748.49999997
2025-08-01 10:32:35 AM,308.8,16,4940.8,27842689.29999997
2025-08-01 10:32:44 AM,309.05,10,3090.5,27845779.79999997
2025-08-01 10:32:58 AM,309.0,5,1545.0,27847324.79999997
2025-08-01 10:33:06 AM,308.95,0,0.0,27847324.79999997
2025-08-01 10:33:07 AM,309.25,12,3711.0,27851035.79999997
2025-08-01 10:33:18 AM,309.4,0,0.0,27851035.79999997
2025-08-01 10:33:18 AM,309.4,3,928.1999999999999,27851963.99999997
2025-08-01 10:33:29 AM,309.0,103,31827.0,27883790.99999997
2025-08-01 10:33:38 AM,308.95,0,0.0,27883790.99999997
2025-08-01 10:33:40 AM,308.95,7,2162.65,27885953.64999997
2025-08-01 10:33:45 AM,308.95,5,1544.75,27887498.39999997
2025-08-01 10:33:55 AM,308.65,0,0.0,27887498.39999997
2025-08-01 10:33:57 AM,308.65,3,925.9499999999999,27888424.349999968
2025-08-01 10:34:09 AM,309.0,110,33990.0,27922414.349999968
2025-08-01 10:34:14 AM,309.0,10,3090.0,27925504.349999968
2025-08-01 10:34:22 AM,308.95,4,1235.8,27926740.14999997
2025-08-01 10:34:46 AM,309.0,0,0.0,27926740.14999997
2025-08-01 10:34:48 AM,309.0,272,84048.0,28010788.14999997
2025-08-01 10:34:50 AM,309.0,3,927.0,28011715.14999997
2025-08-01 10:35:05 AM,309.0,2,618.0,28012333.14999997
2025-08-01 10:35:17 AM,309.0,100,30900.0,28043233.14999997
2025-08-01 10:35:33 AM,309.0,8,2472.0,28045705.14999997
2025-08-01 10:35:39 AM,309.0,5,1545.0,28047250.14999997
2025-08-01 10:35:41 AM,309.0,25,7725.0,28054975.14999997
2025-08-01 10:35:45 AM,308.65,0,0.0,28054975.14999997
2025-08-01 10:35:45 AM,308.65,2,617.3,28055592.44999997
2025-08-01 10:35:47 AM,309.0,5,1545.0,28057137.44999997
2025-08-01 10:36:03 AM,309.0,51,15759.0,28072896.44999997
2025-08-01 10:36:11 AM,309.1,0,0.0,28072896.44999997
2025-08-01 10:36:12 AM,309.1,1,309.1,28073205.54999997
2025-08-01 10:36:15 AM,309.1,19,5872.900000000001,28079078.44999997
2025-08-01 10:36:17 AM,309.0,0,0.0,28079078.44999997
2025-08-01 10:36:18 AM,309.0,5,1545.0,28080623.44999997
2025-08-01 10:36:24 AM,309.0,5,1545.0,28082168.44999997
2025-08-01 10:36:26 AM,309.0,1,309.0,28082477.44999997
2025-08-01 10:36:42 AM,309.0,5,1545.0,28084022.44999997
2025-08-01 10:36:51 AM,309.0,1,309.0,28084331.44999997
2025-08-01 10:36:57 AM,309.0,4,1236.0,28085567.44999997
2025-08-01 10:37:26 AM,309.0,5,1545.0,28087112.44999997
2025-08-01 10:37:35 AM,309.0,12,3708.0,28090820.44999997
2025-08-01 10:37:38 AM,309.0,30,9270.0,28100090.44999997
2025-08-01 10:37:40 AM,309.05,0,0.0,28100090.44999997
2025-08-01 10:37:41 AM,309.35,192,59395.200000000004,28159485.64999997
2025-08-01 10:37:44 AM,309.35,10,3093.5,28162579.14999997
2025-08-01 10:37:52 AM,309.35,20,6187.0,28168766.14999997
2025-08-01 10:38:01 AM,309.4,0,0.0,28168766.14999997
2025-08-01 10:38:02 AM,309.35,0,0.0,28168766.14999997
2025-08-01 10:38:03 AM,309.35,1025,317083.75,28485849.89999997
2025-08-01 10:38:06 AM,309.0,40,12360.0,28498209.89999997
2025-08-01 10:38:10 AM,309.0,864,266976.0,28765185.89999997
2025-08-01 10:38:11 AM,308.75,0,0.0,28765185.89999997
2025-08-01 10:38:12 AM,308.75,101,31183.75,28796369.64999997
2025-08-01 10:38:14 AM,308.95,0,0.0,28796369.64999997
2025-08-01 10:38:16 AM,308.95,50,15447.5,28811817.14999997
2025-08-01 10:38:23 AM,308.75,0,0.0,28811817.14999997
2025-08-01 10:38:25 AM,308.75,15,4631.25,28816448.39999997
2025-08-01 10:38:34 AM,308.7,2,617.4,28817065.799999967
2025-08-01 10:38:40 AM,308.7,2,617.4,28817683.199999966
2025-08-01 10:38:43 AM,308.7,80,24696.0,28842379.199999966
2025-08-01 10:38:48 AM,308.7,2,617.4,28842996.599999964
2025-08-01 10:38:57 AM,308.7,1,308.7,28843305.299999963
2025-08-01 10:39:13 AM,308.7,2,617.4,28843922.699999962
2025-08-01 10:39:19 AM,308.7,2,617.4,28844540.09999996
2025-08-01 10:39:27 AM,308.7,12,3704.3999999999996,28848244.49999996
2025-08-01 10:39:30 AM,308.7,1,308.7,28848553.19999996
2025-08-01 10:39:36 AM,308.7,6,1852.1999999999998,28850405.399999958
2025-08-01 10:39:41 AM,308.7,33,10187.1,28860592.49999996
2025-08-01 10:39:44 AM,308.7,10,3087.0,28863679.49999996
2025-08-01 10:39:46 AM,308.6,0,0.0,28863679.49999996
2025-08-01 10:39:47 AM,308.7,25,7717.5,28871396.99999996
2025-08-01 10:40:07 AM,308.35,0,0.0,28871396.99999996
2025-08-01 10:40:09 AM,308.35,589,181618.15000000002,29053015.149999958
2025-08-01 10:40:12 AM,308.2,132,40682.4,29093697.549999956
2025-08-01 10:40:17 AM,308.35,0,0.0,29093697.549999956
2025-08-01 10:40:17 AM,308.35,26,8017.1,29101714.649999958
2025-08-01 10:40:23 AM,308.35,3,925.0500000000001,29102639.69999996
2025-08-01 10:40:25 AM,308.35,7,2158.4500000000003,29104798.149999958
2025-08-01 10:40:28 AM,308.35,2,616.7,29105414.849999957
2025-08-01 10:40:31 AM,308.2,26,8013.2,29113428.049999956
2025-08-01 10:40:34 AM,308.35,0,0.0,29113428.049999956
2025-08-01 10:40:34 AM,308.35,2,616.7,29114044.749999955
2025-08-01 10:40:36 AM,308.15,0,0.0,29114044.749999955
2025-08-01 10:40:37 AM,308.15,50,15407.499999999998,29129452.249999955
2025-08-01 10:40:39 AM,308.35,0,0.0,29129452.249999955
2025-08-01 10:40:39 AM,308.35,4,1233.4,29130685.649999954
2025-08-01 10:40:48 AM,308.35,3,925.0500000000001,29131610.699999955
2025-08-01 10:40:50 AM,308.35,1,308.35,29131919.049999956
2025-08-01 10:40:52 AM,308.15,0,0.0,29131919.049999956
2025-08-01 10:40:53 AM,308.65,94,29013.1,29160932.149999958
2025-08-01 10:40:54 AM,308.35,0,0.0,29160932.149999958
2025-08-01 10:40:56 AM,308.35,6,1850.1000000000001,29162782.24999996
2025-08-01 10:40:59 AM,308.5,10,3085.0,29165867.24999996
2025-08-01 10:41:00 AM,308.7,0,0.0,29165867.24999996
2025-08-01 10:41:01 AM,308.7,122,37661.4,29203528.649999958
2025-08-01 10:41:06 AM,308.5,0,0.0,29203528.649999958
2025-08-01 10:41:07 AM,308.5,524,161654.0,29365182.649999958
2025-08-01 10:41:12 AM,308.7,0,0.0,29365182.649999958
2025-08-01 10:41:12 AM,308.7,1,308.7,29365491.349999957
2025-08-01 10:41:20 AM,308.65,0,0.0,29365491.349999957
2025-08-01 10:41:21 AM,308.65,8,2469.2,29367960.549999956
2025-08-01 10:41:27 AM,308.65,15,4629.75,29372590.299999956
2025-08-01 10:41:44 AM,308.65,5,1543.25,29374133.549999956
2025-08-01 10:41:55 AM,308.5,0,0.0,29374133.549999956
2025-08-01 10:41:56 AM,308.35,13,4008.55,29378142.099999957
2025-08-01 10:41:58 AM,308.4,0,0.0,29378142.099999957
2025-08-01 10:42:00 AM,308.4,1,308.4,29378450.499999955
2025-08-01 10:42:22 AM,308.35,0,0.0,29378450.499999955
2025-08-01 10:42:23 AM,308.35,25,7708.750000000001,29386159.249999955
2025-08-01 10:42:34 AM,308.1,50,15405.000000000002,29401564.249999955
2025-08-01 10:42:34 AM,308.35,0,0.0,29401564.249999955
2025-08-01 10:42:36 AM,308.1,56,17253.600000000002,29418817.849999957
2025-08-01 10:42:41 AM,308.35,2,616.7,29419434.549999956
2025-08-01 10:42:45 AM,308.1,2,616.2,29420050.749999955
2025-08-01 10:43:21 AM,308.4,0,0.0,29420050.749999955
2025-08-01 10:43:23 AM,308.4,10,3084.0,29423134.749999955
2025-08-01 10:43:28 AM,308.4,1,308.4,29423443.149999954
2025-08-01 10:43:47 AM,308.4,1,308.4,29423751.549999952
2025-08-01 10:43:50 AM,308.4,4,1233.6,29424985.149999954
2025-08-01 10:43:54 AM,308.4,10,3084.0,29428069.149999954
2025-08-01 10:44:00 AM,308.45,0,0.0,29428069.149999954
2025-08-01 10:44:02 AM,308.45,4,1233.8,29429302.949999955
2025-08-01 10:44:21 AM,308.1,0,0.0,29429302.949999955
2025-08-01 10:44:21 AM,308.1,176,54225.600000000006,29483528.549999956
2025-08-01 10:44:24 AM,308.45,0,0.0,29483528.549999956
2025-08-01 10:44:24 AM,308.45,51,15730.949999999999,29499259.499999955
2025-08-01 10:44:29 AM,308.65,6,1851.8999999999999,29501111.399999954
2025-08-01 10:44:42 AM,308.8,0,0.0,29501111.399999954
2025-08-01 10:44:43 AM,308.8,2,617.6,29501728.999999955
2025-08-01 10:44:56 AM,308.8,1,308.8,29502037.799999956
2025-08-01 10:45:02 AM,308.8,11,3396.8,29505434.599999957
2025-08-01 10:45:05 AM,308.8,2,617.6,29506052.19999996
2025-08-01 10:45:07 AM,308.8,10,3088.0,29509140.19999996
2025-08-01 10:45:13 AM,309.0,0,0.0,29509140.19999996
2025-08-01 10:45:13 AM,309.0,812,250908.0,29760048.19999996
2025-08-01 10:45:26 AM,309.15,1,309.15,29760357.349999957
2025-08-01 10:45:29 AM,309.2,14,4328.8,29764686.149999958
2025-08-01 10:45:35 AM,309.25,14,4329.5,29769015.649999958
2025-08-01 10:45:37 AM,309.0,0,0.0,29769015.649999958
2025-08-01 10:45:37 AM,309.0,50,15450.0,29784465.649999958
2025-08-01 10:45:55 AM,309.35,0,0.0,29784465.649999958
2025-08-01 10:45:56 AM,308.95,153,47269.35,29831734.99999996
2025-08-01 10:46:38 AM,309.0,0,0.0,29831734.99999996
2025-08-01 10:46:39 AM,309.0,12,3708.0,29835442.99999996
2025-08-01 10:46:41 AM,309.2,0,0.0,29835442.99999996
2025-08-01 10:46:45 AM,309.2,1,309.2,29835752.19999996
2025-08-01 10:46:50 AM,309.2,5,1546.0,29837298.19999996
2025-08-01 10:47:06 AM,309.2,1,309.2,29837607.399999958
2025-08-01 10:47:08 AM,309.0,0,0.0,29837607.399999958
2025-08-01 10:47:12 AM,309.0,1,309.0,29837916.399999958
2025-08-01 10:47:57 AM,309.25,14,4329.5,29842245.899999958
2025-08-01 10:48:01 AM,309.35,0,0.0,29842245.899999958
2025-08-01 10:48:02 AM,309.35,36,11136.6,29853382.49999996
2025-08-01 10:48:10 AM,309.4,0,0.0,29853382.49999996
2025-08-01 10:48:11 AM,309.4,10,3094.0,29856476.49999996
2025-08-01 10:48:13 AM,309.65,936,289832.39999999997,30146308.899999958
2025-08-01 10:48:17 AM,309.85,0,0.0,30146308.899999958
2025-08-01 10:48:18 AM,309.85,4211,1304778.35,31451087.24999996
2025-08-01 10:48:20 AM,309.75,0,0.0,31451087.24999996
2025-08-01 10:48:21 AM,309.8,0,0.0,31451087.24999996
2025-08-01 10:48:21 AM,309.8,225,69705.0,31520792.24999996
2025-08-01 10:48:24 AM,309.5,0,0.0,31520792.24999996
2025-08-01 10:48:24 AM,309.5,30,9285.0,31530077.24999996
2025-08-01 10:48:27 AM,311.0,1735,539585.0,32069662.24999996
2025-08-01 10:48:30 AM,311.2,0,0.0,32069662.24999996
2025-08-01 10:48:32 AM,311.2,35,10892.0,32080554.24999996
2025-08-01 10:48:38 AM,311.35,0,0.0,32080554.24999996
2025-08-01 10:48:38 AM,311.35,576,179337.6,32259891.84999996
2025-08-01 10:48:49 AM,311.35,121,37673.350000000006,32297565.199999962
2025-08-01 10:48:53 AM,310.9,0,0.0,32297565.199999962
2025-08-01 10:48:55 AM,310.9,619,192447.09999999998,32490012.299999963
2025-08-01 10:48:58 AM,310.85,0,0.0,32490012.299999963
2025-08-01 10:49:00 AM,310.85,28,8703.800000000001,32498716.099999964
2025-08-01 10:49:06 AM,310.85,52,16164.2,32514880.299999963
2025-08-01 10:49:09 AM,311.0,0,0.0,32514880.299999963
2025-08-01 10:49:11 AM,311.0,17,5287.0,32520167.299999963
2025-08-01 10:49:27 AM,311.0,2,622.0,32520789.299999963
2025-08-01 10:49:45 AM,310.9,0,0.0,32520789.299999963
2025-08-01 10:49:48 AM,310.95,548,170400.6,32691189.899999965
2025-08-01 10:49:59 AM,311.0,0,0.0,32691189.899999965
2025-08-01 10:50:00 AM,311.0,275,85525.0,32776714.899999965
2025-08-01 10:50:08 AM,311.25,0,0.0,32776714.899999965
2025-08-01 10:50:10 AM,311.25,91,28323.75,32805038.649999965
2025-08-01 10:50:17 AM,311.25,2,622.5,32805661.149999965
2025-08-01 10:50:22 AM,311.5,100,31150.0,32836811.149999965
2025-08-01 10:50:24 AM,311.45,0,0.0,32836811.149999965
2025-08-01 10:50:25 AM,311.15,0,0.0,32836811.149999965
2025-08-01 10:50:27 AM,311.15,8,2489.2,32839300.349999964
2025-08-01 10:50:30 AM,311.0,0,0.0,32839300.349999964
2025-08-01 10:50:33 AM,311.0,128,39808.0,32879108.349999964
2025-08-01 10:50:34 AM,311.1,0,0.0,32879108.349999964
2025-08-01 10:50:38 AM,311.1,20,6222.0,32885330.349999964
2025-08-01 10:50:46 AM,310.9,0,0.0,32885330.349999964
2025-08-01 10:50:49 AM,310.7,0,0.0,32885330.349999964
2025-08-01 10:50:50 AM,310.7,192,59654.399999999994,32944984.749999963
2025-08-01 10:51:01 AM,310.7,500,155350.0,33100334.749999963
2025-08-01 10:51:07 AM,310.7,38,11806.6,33112141.349999964
2025-08-01 10:51:13 AM,310.7,9,2796.2999999999997,33114937.649999965
2025-08-01 10:51:18 AM,310.7,80,24856.0,33139793.649999965
2025-08-01 10:51:40 AM,310.25,200,62050.0,33201843.649999965
2025-08-01 10:51:50 AM,310.65,0,0.0,33201843.649999965
2025-08-01 10:51:51 AM,310.65,4,1242.6,33203086.249999966
2025-08-01 10:52:07 AM,310.65,5,1553.25,33204639.499999966
2025-08-01 10:52:10 AM,310.25,0,0.0,33204639.499999966
2025-08-01 10:52:12 AM,310.25,40,12410.0,33217049.499999966
2025-08-01 10:52:24 AM,310.5,2,621.0,33217670.499999966
2025-08-01 10:52:26 AM,310.55,0,0.0,33217670.499999966
2025-08-01 10:52:28 AM,310.55,20,6211.0,33223881.499999966
2025-08-01 10:52:34 AM,310.55,200,62110.0,33285991.499999966
2025-08-01 10:52:45 AM,310.4,190,58975.99999999999,33344967.499999966
2025-08-01 10:52:53 AM,309.9,0,0.0,33344967.499999966
2025-08-01 10:52:54 AM,310.3,0,0.0,33344967.499999966
2025-08-01 10:52:55 AM,310.3,558,173147.4,33518114.899999965
2025-08-01 10:52:58 AM,310.4,0,0.0,33518114.899999965
2025-08-01 10:53:00 AM,310.4,32,9932.8,33528047.699999966
2025-08-01 10:53:05 AM,310.4,3,931.1999999999999,33528978.899999965
2025-08-01 10:53:16 AM,310.4,1,310.4,33529289.299999963
2025-08-01 10:53:21 AM,310.4,18,5587.2,33534876.499999963
2025-08-01 10:53:28 AM,310.4,3,931.1999999999999,33535807.699999962
2025-08-01 10:54:04 AM,310.4,276,85670.4,33621478.099999964
2025-08-01 10:54:15 AM,310.4,49,15209.599999999999,33636687.699999966
2025-08-01 10:54:20 AM,310.4,22,6828.799999999999,33643516.49999996
2025-08-01 10:54:47 AM,310.4,3,931.1999999999999,33644447.699999966
2025-08-01 10:54:53 AM,310.4,2,620.8,33645068.49999996
2025-08-01 10:54:57 AM,310.4,32,9932.8,33655001.29999996
2025-08-01 10:55:29 AM,310.4,55,17072.0,33672073.29999996
2025-08-01 10:55:41 AM,310.4,5,1552.0,33673625.29999996
2025-08-01 10:55:50 AM,310.25,0,0.0,33673625.29999996
2025-08-01 10:55:51 AM,310.4,16,4966.4,33678591.69999996
2025-08-01 10:56:01 AM,310.4,1,310.4,33678902.09999996
2025-08-01 10:56:07 AM,310.4,12,3724.7999999999997,33682626.899999954
2025-08-01 10:56:12 AM,310.4,84,26073.6,33708700.499999955
2025-08-01 10:56:28 AM,310.0,0,0.0,33708700.499999955
2025-08-01 10:56:28 AM,310.0,1000,310000.0,34018700.499999955
2025-08-01 10:56:34 AM,310.05,10,3100.5,34021800.999999955
2025-08-01 10:57:04 AM,310.25,0,0.0,34021800.999999955
2025-08-01 10:57:05 AM,310.25,12,3723.0,34025523.999999955
2025-08-01 10:57:24 AM,310.5,0,0.0,34025523.999999955
2025-08-01 10:57:26 AM,310.5,734,227907.0,34253430.999999955
2025-08-01 10:57:32 AM,310.7,0,0.0,34253430.999999955
2025-08-01 10:57:32 AM,310.7,4,1242.8,34254673.79999995
2025-08-01 10:57:46 AM,310.45,0,0.0,34254673.79999995
2025-08-01 10:57:47 AM,310.5,0,0.0,34254673.79999995
2025-08-01 10:57:47 AM,310.5,96,29808.0,34284481.79999995
2025-08-01 10:58:56 AM,310.7,0,0.0,34284481.79999995
2025-08-01 10:58:57 AM,310.7,16,4971.2,34289452.999999955
2025-08-01 10:59:13 AM,310.7,2,621.4,34290074.399999954
2025-08-01 10:59:13 AM,310.45,19,5898.55,34295972.94999995
2025-08-01 10:59:27 AM,310.7,0,0.0,34295972.94999995
2025-08-01 10:59:28 AM,310.7,1,310.7,34296283.649999954
2025-08-01 10:59:44 AM,310.7,3,932.0999999999999,34297215.749999955
2025-08-01 10:59:48 AM,310.4,0,0.0,34297215.749999955
2025-08-01 10:59:49 AM,310.4,100,31039.999999999996,34328255.749999955
2025-08-01 11:00:00 AM,310.7,13,4039.1,34332294.84999996
2025-08-01 11:00:12 AM,310.7,20,6214.0,34338508.84999996
2025-08-01 11:00:29 AM,310.7,4,1242.8,34339751.649999954
2025-08-01 11:00:44 AM,310.7,21,6524.7,34346276.34999996
2025-08-01 11:01:16 AM,310.5,0,0.0,34346276.34999996
2025-08-01 11:01:17 AM,310.5,5,1552.5,34347828.84999996
2025-08-01 11:01:43 AM,311.2,2000,622400.0,34970228.84999996
2025-08-01 11:02:19 AM,311.2,99,30808.8,35001037.649999954
2025-08-01 11:02:24 AM,311.0,0,0.0,35001037.649999954
2025-08-01 11:02:25 AM,311.0,10,3110.0,35004147.649999954
2025-08-01 11:02:36 AM,311.15,0,0.0,35004147.649999954
2025-08-01 11:02:37 AM,311.15,21,6534.15,35010681.79999995
2025-08-01 11:03:02 AM,311.15,25,7778.749999999999,35018460.54999995
2025-08-01 11:03:08 AM,311.15,1,311.15,35018771.69999995
2025-08-01 11:03:13 AM,311.15,38,11823.699999999999,35030595.399999954
2025-08-01 11:03:21 AM,311.3,0,0.0,35030595.399999954
2025-08-01 11:03:23 AM,311.3,30,9339.0,35039934.399999954
2025-08-01 11:03:28 AM,311.35,10,3113.5,35043047.899999954
2025-08-01 11:03:33 AM,311.05,0,0.0,35043047.899999954
2025-08-01 11:03:33 AM,311.05,653,203115.65,35246163.54999995
2025-08-01 11:03:44 AM,310.6,10,3106.0,35249269.54999995
2025-08-01 11:03:49 AM,310.6,1,310.6,35249580.149999954
2025-08-01 11:03:55 AM,310.6,3,931.8000000000001,35250511.94999995
2025-08-01 11:04:00 AM,310.6,101,31370.600000000002,35281882.54999995
2025-08-01 11:04:02 AM,310.6,23,7143.8,35289026.34999995
2025-08-01 11:04:05 AM,310.6,5,1553.0,35290579.34999995
2025-08-01 11:04:28 AM,310.6,3,931.8000000000001,35291511.14999995
2025-08-01 11:04:33 AM,310.85,3,932.5500000000001,35292443.69999994
2025-08-01 11:05:04 AM,310.35,0,0.0,35292443.69999994
2025-08-01 11:05:04 AM,311.0,2200,684200.0,35976643.69999994
2025-08-01 11:05:06 AM,310.45,0,0.0,35976643.69999994
2025-08-01 11:05:07 AM,310.5,0,0.0,35976643.69999994
2025-08-01 11:05:08 AM,310.5,135,41917.5,36018561.19999994
2025-08-01 11:05:10 AM,310.4,9,2793.6,36021354.799999945
2025-08-01 11:05:16 AM,310.3,0,0.0,36021354.799999945
2025-08-01 11:05:19 AM,310.3,51,15825.300000000001,36037180.09999994
2025-08-01 11:05:19 AM,310.25,0,0.0,36037180.09999994
2025-08-01 11:05:20 AM,310.25,100,31025.0,36068205.09999994
2025-08-01 11:05:24 AM,310.25,6,1861.5,36070066.59999994
2025-08-01 11:05:42 AM,310.25,5,1551.25,36071617.84999994
2025-08-01 11:05:46 AM,310.25,400,124100.0,36195717.84999994
2025-08-01 11:05:52 AM,310.25,53,16443.25,36212161.09999994
2025-08-01 11:05:55 AM,310.3,0,0.0,36212161.09999994
2025-08-01 11:05:56 AM,310.3,22,6826.6,36218987.69999994
2025-08-01 11:06:07 AM,310.3,12,3723.6000000000004,36222711.299999945
2025-08-01 11:06:25 AM,310.3,71,22031.3,36244742.59999994
2025-08-01 11:06:30 AM,310.3,15,4654.5,36249397.09999994
2025-08-01 11:06:37 AM,310.3,16,4964.8,36254361.89999994
2025-08-01 11:07:16 AM,310.3,1,310.3,36254672.199999936
2025-08-01 11:07:28 AM,310.3,2,620.6,36255292.79999994
2025-08-01 11:07:33 AM,310.3,3,930.9000000000001,36256223.699999936
2025-08-01 11:07:59 AM,310.3,2,620.6,36256844.29999994
2025-08-01 11:08:16 AM,310.0,0,0.0,36256844.29999994
2025-08-01 11:08:17 AM,310.0,711,220410.0,36477254.29999994
2025-08-01 11:08:20 AM,310.0,186,57660.0,36534914.29999994
2025-08-01 11:08:22 AM,310.1,0,0.0,36534914.29999994
2025-08-01 11:08:22 AM,310.1,32,9923.2,36544837.49999994
2025-08-01 11:08:31 AM,310.15,0,0.0,36544837.49999994
2025-08-01 11:08:32 AM,310.15,354,109793.09999999999,36654630.59999994
2025-08-01 11:08:33 AM,310.2,0,0.0,36654630.59999994
2025-08-01 11:08:35 AM,310.2,11,3412.2,36658042.799999945
2025-08-01 11:08:56 AM,310.35,0,0.0,36658042.799999945
2025-08-01 11:08:56 AM,310.35,3,931.0500000000001,36658973.84999994
2025-08-01 11:09:02 AM,310.15,0,0.0,36658973.84999994
2025-08-01 11:09:02 AM,310.15,165,51174.74999999999,36710148.59999994
2025-08-01 11:09:17 AM,310.15,5,1550.75,36711699.34999994
2025-08-01 11:09:22 AM,310.15,10,3101.5,36714800.84999994
2025-08-01 11:09:47 AM,310.0,0,0.0,36714800.84999994
2025-08-01 11:09:49 AM,310.0,620,192200.0,36907000.84999994
2025-08-01 11:10:13 AM,310.15,0,0.0,36907000.84999994
2025-08-01 11:10:14 AM,310.15,20,6203.0,36913203.84999994
2025-08-01 11:10:17 AM,310.1,0,0.0,36913203.84999994
2025-08-01 11:10:19 AM,310.0,0,0.0,36913203.84999994
2025-08-01 11:10:19 AM,310.0,28,8680.0,36921883.84999994
2025-08-01 11:10:24 AM,310.0,10,3100.0,36924983.84999994
2025-08-01 11:10:35 AM,310.0,1,310.0,36925293.84999994
2025-08-01 11:10:42 AM,310.0,492,152520.0,37077813.84999994
2025-08-01 11:10:46 AM,310.0,29,8990.0,37086803.84999994
2025-08-01 11:10:51 AM,309.7,0,0.0,37086803.84999994
2025-08-01 11:10:52 AM,309.7,51,15794.699999999999,37102598.549999945
2025-08-01 11:10:52 AM,310.0,0,0.0,37102598.549999945
2025-08-01 11:10:52 AM,310.0,1,310.0,37102908.549999945
2025-08-01 11:10:57 AM,310.65,3337,1036639.0499999999,38139547.59999994
2025-08-01 11:11:30 AM,310.65,39,12115.349999999999,38151662.94999994
2025-08-01 11:11:38 AM,310.7,0,0.0,38151662.94999994
2025-08-01 11:11:41 AM,310.7,10,3107.0,38154769.94999994
2025-08-01 11:11:44 AM,310.9,0,0.0,38154769.94999994
2025-08-01 11:11:47 AM,310.9,1,310.9,38155080.84999994
2025-08-01 11:11:57 AM,310.9,278,86430.2,38241511.049999945
2025-08-01 11:12:03 AM,310.85,0,0.0,38241511.049999945
2025-08-01 11:12:07 AM,310.85,28,8703.800000000001,38250214.84999994
2025-08-01 11:12:10 AM,310.9,0,0.0,38250214.84999994
2025-08-01 11:12:12 AM,310.9,94,29224.6,38279439.44999994
2025-08-01 11:12:18 AM,310.9,4,1243.6,38280683.049999945
2025-08-01 11:12:34 AM,310.9,51,15855.9,38296538.94999994
2025-08-01 11:12:50 AM,310.9,3,932.6999999999999,38297471.64999995
2025-08-01 11:12:56 AM,311.15,849,264166.35,38561637.99999995
2025-08-01 11:12:56 AM,310.9,0,0.0,38561637.99999995
2025-08-01 11:13:00 AM,310.9,282,87673.79999999999,38649311.799999945
2025-08-01 11:13:04 AM,311.15,0,0.0,38649311.799999945
2025-08-01 11:13:06 AM,311.15,37,11512.55,38660824.34999994
2025-08-01 11:13:10 AM,311.35,0,0.0,38660824.34999994
2025-08-01 11:13:11 AM,311.35,21,6538.35,38667362.69999994
2025-08-01 11:13:12 AM,311.15,0,0.0,38667362.69999994
2025-08-01 11:13:12 AM,311.15,4,1244.6,38668607.299999945
2025-08-01 11:13:15 AM,310.9,0,0.0,38668607.299999945
2025-08-01 11:13:17 AM,310.9,60,18654.0,38687261.299999945
2025-08-01 11:13:43 AM,310.95,0,0.0,38687261.299999945
2025-08-01 11:13:44 AM,310.95,10,3109.5,38690370.799999945
2025-08-01 11:14:27 AM,310.65,0,0.0,38690370.799999945
2025-08-01 11:14:27 AM,310.65,76,23609.399999999998,38713980.19999994
2025-08-01 11:14:37 AM,310.3,0,0.0,38713980.19999994
2025-08-01 11:14:38 AM,310.3,30,9309.0,38723289.19999994
2025-08-01 11:14:47 AM,310.65,0,0.0,38723289.19999994
2025-08-01 11:14:48 AM,310.65,85,26405.249999999996,38749694.44999994
2025-08-01 11:14:55 AM,310.65,10,3106.5,38752800.94999994
2025-08-01 11:15:53 AM,310.45,10,3104.5,38755905.44999994
2025-08-01 11:15:57 AM,310.75,10,3107.5,38759012.94999994
2025-08-01 11:16:26 AM,310.7,0,0.0,38759012.94999994
2025-08-01 11:16:29 AM,310.7,5,1553.5,38760566.44999994
2025-08-01 11:16:55 AM,310.7,3,932.0999999999999,38761498.549999945
2025-08-01 11:17:22 AM,310.8,500,155400.0,38916898.549999945
2025-08-01 11:17:29 AM,310.8,305,94794.0,39011692.549999945
2025-08-01 11:17:35 AM,310.9,0,0.0,39011692.549999945
2025-08-01 11:17:38 AM,310.9,19,5907.099999999999,39017599.64999995
2025-08-01 11:17:43 AM,310.95,0,0.0,39017599.64999995
2025-08-01 11:17:43 AM,310.95,7,2176.65,39019776.299999945
2025-08-01 11:17:56 AM,310.9,9,2798.1,39022574.39999995
2025-08-01 11:18:50 AM,310.9,10,3109.0,39025683.39999995
2025-08-01 11:18:52 AM,310.45,0,0.0,39025683.39999995
2025-08-01 11:18:56 AM,310.45,100,31045.0,39056728.39999995
2025-08-01 11:19:05 AM,310.55,0,0.0,39056728.39999995
2025-08-01 11:19:07 AM,310.55,1,310.55,39057038.94999994
2025-08-01 11:19:22 AM,310.8,0,0.0,39057038.94999994
2025-08-01 11:19:24 AM,310.8,8,2486.4,39059525.34999994
2025-08-01 11:19:43 AM,310.9,0,0.0,39059525.34999994
2025-08-01 11:19:45 AM,310.9,81,25182.899999999998,39084708.24999994
2025-08-01 11:19:49 AM,310.95,0,0.0,39084708.24999994
2025-08-01 11:19:51 AM,310.95,1,310.95,39085019.19999994
2025-08-01 11:19:58 AM,310.9,0,0.0,39085019.19999994
2025-08-01 11:20:01 AM,310.9,10,3109.0,39088128.19999994
2025-08-01 11:20:23 AM,311.1,27,8399.7,39096527.89999995
2025-08-01 11:20:30 AM,311.25,0,0.0,39096527.89999995
2025-08-01 11:20:33 AM,311.25,47,14628.75,39111156.64999995
2025-08-01 11:20:35 AM,310.95,0,0.0,39111156.64999995
2025-08-01 11:20:37 AM,311.25,0,0.0,39111156.64999995
2025-08-01 11:20:38 AM,311.2,0,0.0,39111156.64999995
2025-08-01 11:20:38 AM,311.2,58,18049.6,39129206.24999995
2025-08-01 11:20:46 AM,311.25,0,0.0,39129206.24999995
2025-08-01 11:20:48 AM,311.25,20,6225.0,39135431.24999995
2025-08-01 11:20:53 AM,310.9,250,77725.0,39213156.24999995
2025-08-01 11:21:13 AM,310.85,0,0.0,39213156.24999995
2025-08-01 11:21:15 AM,310.85,5,1554.25,39214710.49999995
2025-08-01 11:21:19 AM,311.15,0,0.0,39214710.49999995
2025-08-01 11:21:20 AM,311.15,10,3111.5,39217821.99999995
2025-08-01 11:21:55 AM,310.85,0,0.0,39217821.99999995
2025-08-01 11:21:56 AM,310.85,10,3108.5,39220930.49999995
2025-08-01 11:22:12 AM,310.85,100,31085.000000000004,39252015.49999995
2025-08-01 11:22:19 AM,311.15,0,0.0,39252015.49999995
2025-08-01 11:22:23 AM,311.15,25,7778.749999999999,39259794.24999995
2025-08-01 11:22:26 AM,311.25,0,0.0,39259794.24999995
2025-08-01 11:22:28 AM,311.25,9,2801.25,39262595.49999995
2025-08-01 11:22:39 AM,311.25,50,15562.5,39278157.99999995
2025-08-01 11:22:54 AM,311.25,3,933.75,39279091.74999995
2025-08-01 11:22:57 AM,311.0,0,0.0,39279091.74999995
2025-08-01 11:22:59 AM,311.0,100,31100.0,39310191.74999995
2025-08-01 11:23:02 AM,311.25,0,0.0,39310191.74999995
2025-08-01 11:23:05 AM,311.25,10,3112.5,39313304.24999995
2025-08-01 11:23:21 AM,311.25,54,16807.5,39330111.74999995
2025-08-01 11:23:25 AM,311.45,0,0.0,39330111.74999995
2025-08-01 11:23:26 AM,311.45,3,934.3499999999999,39331046.09999995
2025-08-01 11:23:49 AM,311.25,0,0.0,39331046.09999995
2025-08-01 11:23:52 AM,311.25,30,9337.5,39340383.59999995
2025-08-01 11:23:54 AM,311.3,0,0.0,39340383.59999995
2025-08-01 11:23:56 AM,311.3,20,6226.0,39346609.59999995
2025-08-01 11:24:01 AM,311.3,1,311.3,39346920.89999995
2025-08-01 11:24:11 AM,311.25,0,0.0,39346920.89999995
2025-08-01 11:24:11 AM,311.25,3,933.75,39347854.64999995
2025-08-01 11:24:12 AM,311.3,2,622.6,39348477.24999995
2025-08-01 11:24:22 AM,311.3,1,311.3,39348788.549999945
2025-08-01 11:24:24 AM,311.25,0,0.0,39348788.549999945
2025-08-01 11:24:27 AM,311.3,0,0.0,39348788.549999945
2025-08-01 11:24:28 AM,311.3,19,5914.7,39354703.24999995
2025-08-01 11:24:33 AM,311.3,1,311.3,39355014.549999945
2025-08-01 11:24:36 AM,311.2,0,0.0,39355014.549999945
2025-08-01 11:24:38 AM,311.2,1,311.2,39355325.74999995
2025-08-01 11:24:47 AM,311.15,0,0.0,39355325.74999995
2025-08-01 11:24:49 AM,311.1,22,6844.200000000001,39362169.94999995
2025-08-01 11:24:52 AM,311.0,0,0.0,39362169.94999995
2025-08-01 11:24:54 AM,311.0,339,105429.0,39467598.94999995
2025-08-01 11:25:13 AM,310.85,0,0.0,39467598.94999995
2025-08-01 11:25:15 AM,310.85,14,4351.900000000001,39471950.84999995
2025-08-01 11:25:27 AM,311.05,0,0.0,39471950.84999995
2025-08-01 11:25:31 AM,311.05,1,311.05,39472261.89999995
2025-08-01 11:25:41 AM,311.05,8,2488.4,39474750.299999945
2025-08-01 11:25:49 AM,310.85,0,0.0,39474750.299999945
2025-08-01 11:25:51 AM,310.85,100,31085.000000000004,39505835.299999945
2025-08-01 11:26:19 AM,310.9,0,0.0,39505835.299999945
2025-08-01 11:26:22 AM,310.9,20,6218.0,39512053.299999945
2025-08-01 11:26:29 AM,311.2,0,0.0,39512053.299999945
2025-08-01 11:26:32 AM,311.2,1,311.2,39512364.49999995
2025-08-01 11:27:01 AM,311.3,0,0.0,39512364.49999995
2025-08-01 11:27:02 AM,311.3,45,14008.5,39526372.99999995
2025-08-01 11:27:07 AM,311.3,63,19611.9,39545984.89999995
2025-08-01 11:27:14 AM,311.3,11,3424.3,39549409.19999994
2025-08-01 11:27:18 AM,311.3,17,5292.1,39554701.299999945
2025-08-01 11:27:23 AM,311.3,4,1245.2,39555946.49999995
2025-08-01 11:27:56 AM,311.3,9,2801.7000000000003,39558748.19999995
2025-08-01 11:28:00 AM,311.3,6,1867.8000000000002,39560615.99999995
2025-08-01 11:28:02 AM,311.2,0,0.0,39560615.99999995
2025-08-01 11:28:05 AM,311.2,300,93360.0,39653975.99999995
2025-08-01 11:28:10 AM,311.2,25,7780.0,39661755.99999995
2025-08-01 11:28:20 AM,311.3,1,311.3,39662067.299999945
2025-08-01 11:28:22 AM,311.3,2,622.6,39662689.89999995
2025-08-01 11:28:25 AM,311.3,75,23347.5,39686037.39999995
2025-08-01 11:28:38 AM,311.3,440,136972.0,39823009.39999995
2025-08-01 11:29:15 AM,311.05,0,0.0,39823009.39999995
2025-08-01 11:29:16 AM,311.3,0,0.0,39823009.39999995
2025-08-01 11:29:16 AM,311.3,38,11829.4,39834838.799999945
2025-08-01 11:29:30 AM,311.3,19,5914.7,39840753.49999995
2025-08-01 11:29:35 AM,311.3,1,311.3,39841064.799999945
2025-08-01 11:30:00 AM,311.25,0,0.0,39841064.799999945
2025-08-01 11:30:00 AM,311.25,5,1556.25,39842621.049999945
2025-08-01 11:30:21 AM,311.25,3,933.75,39843554.799999945
2025-08-01 11:30:32 AM,311.25,2,622.5,39844177.299999945
2025-08-01 11:30:39 AM,311.25,1,311.25,39844488.549999945
2025-08-01 11:30:53 AM,311.25,60,18675.0,39863163.549999945
2025-08-01 11:31:02 AM,311.3,10,3113.0,39866276.549999945
2025-08-01 11:31:17 AM,311.05,48,14930.400000000001,39881206.94999994
2025-08-01 11:31:22 AM,311.05,8,2488.4,39883695.34999994
2025-08-01 11:31:33 AM,311.05,3,933.1500000000001,39884628.49999994
2025-08-01 11:31:45 AM,311.05,7,2177.35,39886805.84999994
2025-08-01 11:31:49 AM,311.0,0,0.0,39886805.84999994
2025-08-01 11:31:49 AM,311.0,75,23325.0,39910130.84999994
2025-08-01 11:31:56 AM,311.25,0,0.0,39910130.84999994
2025-08-01 11:31:58 AM,311.3,120,37356.0,39947486.84999994
2025-08-01 11:31:59 AM,311.3,2,622.6,39948109.44999994
2025-08-01 11:32:17 AM,311.25,0,0.0,39948109.44999994
2025-08-01 11:32:20 AM,311.25,50,15562.5,39963671.94999994
2025-08-01 11:32:20 AM,311.15,0,0.0,39963671.94999994
2025-08-01 11:32:21 AM,311.15,4,1244.6,39964916.549999945
2025-08-01 11:32:24 AM,311.3,0,0.0,39964916.549999945
2025-08-01 11:32:25 AM,311.3,3,933.9000000000001,39965850.44999994
2025-08-01 11:32:30 AM,311.3,4,1245.2,39967095.64999995
2025-08-01 11:32:34 AM,311.25,0,0.0,39967095.64999995
2025-08-01 11:32:35 AM,311.25,3,933.75,39968029.39999995
2025-08-01 11:33:06 AM,311.25,10,3112.5,39971141.89999995
2025-08-01 11:33:07 AM,311.1,0,0.0,39971141.89999995
2025-08-01 11:33:07 AM,311.1,2,622.2,39971764.09999995
2025-08-01 11:33:11 AM,311.25,0,0.0,39971764.09999995
2025-08-01 11:33:12 AM,311.25,24,7470.0,39979234.09999995
2025-08-01 11:33:15 AM,311.1,0,0.0,39979234.09999995
2025-08-01 11:33:17 AM,311.1,44,13688.400000000001,39992922.49999995
2025-08-01 11:33:18 AM,311.25,0,0.0,39992922.49999995
2025-08-01 11:33:22 AM,311.25,10,3112.5,39996034.99999995
2025-08-01 11:33:33 AM,311.3,0,0.0,39996034.99999995
2025-08-01 11:33:36 AM,311.25,0,0.0,39996034.99999995
2025-08-01 11:33:37 AM,311.25,27,8403.75,40004438.74999995
2025-08-01 11:33:42 AM,311.25,14,4357.5,40008796.24999995
2025-08-01 11:33:42 AM,311.05,0,0.0,40008796.24999995
2025-08-01 11:33:42 AM,311.05,10,3110.5,40011906.74999995
2025-08-01 11:33:45 AM,311.25,0,0.0,40011906.74999995
2025-08-01 11:33:47 AM,311.25,2,622.5,40012529.24999995
2025-08-01 11:33:52 AM,311.3,0,0.0,40012529.24999995
2025-08-01 11:33:52 AM,311.3,102,31752.600000000002,40044281.84999995
2025-08-01 11:33:53 AM,311.3,6,1867.8000000000002,40046149.64999995
2025-08-01 11:33:57 AM,311.3,13,4046.9,40050196.549999945
2025-08-01 11:33:58 AM,311.3,6,1867.8000000000002,40052064.34999994
2025-08-01 11:34:10 AM,311.25,0,0.0,40052064.34999994
2025-08-01 11:34:12 AM,311.25,1,311.25,40052375.59999994
2025-08-01 11:34:15 AM,311.0,0,0.0,40052375.59999994
2025-08-01 11:34:18 AM,311.0,106,32966.0,40085341.59999994
2025-08-01 11:34:32 AM,311.2,0,0.0,40085341.59999994
2025-08-01 11:34:33 AM,311.2,100,31120.0,40116461.59999994
2025-08-01 11:35:15 AM,311.2,13,4045.6,40120507.19999994
2025-08-01 11:37:21 AM,311.2,15,4668.0,40125175.19999994
2025-08-01 11:37:31 AM,311.2,25,7780.0,40132955.19999994
2025-08-01 11:37:41 AM,311.2,4,1244.8,40134199.99999994
2025-08-01 11:38:07 AM,311.0,10,3110.0,40137309.99999994
2025-08-01 11:38:27 AM,311.2,0,0.0,40137309.99999994
2025-08-01 11:38:28 AM,311.2,8,2489.6,40139799.59999994
2025-08-01 11:38:38 AM,311.2,1,311.2,40140110.799999945
2025-08-01 11:38:39 AM,311.0,0,0.0,40140110.799999945
2025-08-01 11:38:42 AM,310.9,0,0.0,40140110.799999945
2025-08-01 11:38:42 AM,310.9,121,37618.899999999994,40177729.69999994
2025-08-01 11:38:44 AM,311.15,0,0.0,40177729.69999994
2025-08-01 11:38:47 AM,311.15,300,93345.0,40271074.69999994
2025-08-01 11:38:50 AM,311.1,0,0.0,40271074.69999994
2025-08-01 11:38:52 AM,311.1,18,5599.8,40276674.49999994
2025-08-01 11:39:06 AM,311.15,0,0.0,40276674.49999994
2025-08-01 11:39:07 AM,311.15,12,3733.7999999999997,40280408.29999994
2025-08-01 11:39:08 AM,311.15,3,933.4499999999999,40281341.74999994
2025-08-01 11:39:27 AM,311.15,1,311.15,40281652.89999994
2025-08-01 11:39:40 AM,311.2,1,311.2,40281964.09999994
2025-08-01 11:39:44 AM,311.45,0,0.0,40281964.09999994
2025-08-01 11:39:44 AM,311.45,501,156036.44999999998,40438000.549999945
2025-08-01 11:39:58 AM,311.4,0,0.0,40438000.549999945
2025-08-01 11:40:00 AM,311.4,25,7784.999999999999,40445785.549999945
2025-08-01 11:40:17 AM,310.85,0,0.0,40445785.549999945
2025-08-01 11:40:20 AM,310.85,350,108797.50000000001,40554583.049999945
2025-08-01 11:40:24 AM,310.75,0,0.0,40554583.049999945
2025-08-01 11:40:25 AM,310.75,131,40708.25,40595291.299999945
2025-08-01 11:40:30 AM,310.75,17,5282.75,40600574.049999945
2025-08-01 11:41:04 AM,310.55,0,0.0,40600574.049999945
2025-08-01 11:41:06 AM,310.55,383,118940.65000000001,40719514.69999994
2025-08-01 11:41:23 AM,310.4,0,0.0,40719514.69999994
2025-08-01 11:41:26 AM,310.4,50,15519.999999999998,40735034.69999994
2025-08-01 11:41:35 AM,310.35,0,0.0,40735034.69999994
2025-08-01 11:41:36 AM,310.35,150,46552.5,40781587.19999994
2025-08-01 11:41:46 AM,310.75,0,0.0,40781587.19999994
2025-08-01 11:41:51 AM,310.35,133,41276.55,40822863.74999994
2025-08-01 11:41:54 AM,310.55,0,0.0,40822863.74999994
2025-08-01 11:41:55 AM,310.35,0,0.0,40822863.74999994
2025-08-01 11:41:57 AM,310.35,36,11172.6,40834036.34999994
2025-08-01 11:42:04 AM,310.55,0,0.0,40834036.34999994
2025-08-01 11:42:07 AM,310.55,2,621.1,40834657.44999994
2025-08-01 11:42:08 AM,310.15,0,0.0,40834657.44999994
2025-08-01 11:42:12 AM,310.15,220,68233.0,40902890.44999994
2025-08-01 11:42:14 AM,310.45,0,0.0,40902890.44999994
2025-08-01 11:42:17 AM,310.45,40,12418.0,40915308.44999994
2025-08-01 11:42:22 AM,310.2,3,930.5999999999999,40916239.049999945
2025-08-01 11:42:35 AM,310.15,0,0.0,40916239.049999945
2025-08-01 11:42:38 AM,310.15,73,22640.949999999997,40938879.99999995
2025-08-01 11:42:41 AM,310.4,0,0.0,40938879.99999995
2025-08-01 11:42:43 AM,310.4,54,16761.6,40955641.59999995
2025-08-01 11:42:47 AM,310.45,0,0.0,40955641.59999995
2025-08-01 11:42:48 AM,310.45,12,3725.3999999999996,40959366.99999995
2025-08-01 11:42:54 AM,310.45,44,13659.8,40973026.799999945
2025-08-01 11:43:07 AM,310.15,0,0.0,40973026.799999945
2025-08-01 11:43:09 AM,310.45,0,0.0,40973026.799999945
2025-08-01 11:43:09 AM,310.45,41,12728.449999999999,40985755.24999995
2025-08-01 11:43:16 AM,310.45,11,3414.95,40989170.19999995
2025-08-01 11:43:26 AM,310.45,7,2173.15,40991343.34999995
2025-08-01 11:43:38 AM,310.15,0,0.0,40991343.34999995
2025-08-01 11:43:41 AM,310.15,88,27293.199999999997,41018636.54999995
2025-08-01 11:43:46 AM,310.35,0,0.0,41018636.54999995
2025-08-01 11:43:46 AM,310.35,11,3413.8500000000004,41022050.399999954
2025-08-01 11:43:51 AM,310.35,1,310.35,41022360.749999955
2025-08-01 11:44:02 AM,310.35,1,310.35,41022671.09999996
2025-08-01 11:44:20 AM,310.05,75,23253.75,41045924.84999996
2025-08-01 11:44:25 AM,310.35,0,0.0,41045924.84999996
2025-08-01 11:44:26 AM,310.35,1277,396316.95,41442241.79999996
2025-08-01 11:44:31 AM,310.45,0,0.0,41442241.79999996
2025-08-01 11:44:31 AM,310.45,35,10865.75,41453107.54999996
2025-08-01 11:44:37 AM,310.8,0,0.0,41453107.54999996
2025-08-01 11:44:37 AM,310.8,500,155400.0,41608507.54999996
2025-08-01 11:44:40 AM,310.5,0,0.0,41608507.54999996
2025-08-01 11:44:43 AM,310.5,53,16456.5,41624964.04999996
2025-08-01 11:44:46 AM,310.9,0,0.0,41624964.04999996
2025-08-01 11:44:48 AM,310.9,21,6528.9,41631492.94999996
2025-08-01 11:44:58 AM,311.0,0,0.0,41631492.94999996
2025-08-01 11:44:59 AM,311.0,427,132797.0,41764289.94999996
2025-08-01 11:45:04 AM,310.95,50,15547.5,41779837.44999996
2025-08-01 11:45:07 AM,310.9,0,0.0,41779837.44999996
2025-08-01 11:45:09 AM,310.9,14,4352.599999999999,41784190.04999996
2025-08-01 11:45:11 AM,310.95,0,0.0,41784190.04999996
2025-08-01 11:45:13 AM,310.9,0,0.0,41784190.04999996
2025-08-01 11:45:15 AM,310.9,164,50987.6,41835177.64999996
2025-08-01 11:45:42 AM,310.9,157,48811.299999999996,41883988.94999996
2025-08-01 11:45:52 AM,310.9,132,41038.799999999996,41925027.749999955
2025-08-01 11:45:58 AM,310.9,5,1554.5,41926582.249999955
2025-08-01 11:46:03 AM,310.9,1,310.9,41926893.149999954
2025-08-01 11:46:13 AM,311.4,1000,311400.0,42238293.149999954
2025-08-01 11:46:18 AM,310.9,0,0.0,42238293.149999954
2025-08-01 11:46:18 AM,310.9,10,3109.0,42241402.149999954
2025-08-01 11:46:28 AM,310.95,0,0.0,42241402.149999954
2025-08-01 11:46:29 AM,310.95,3,932.8499999999999,42242334.999999955
2025-08-01 11:46:45 AM,310.8,0,0.0,42242334.999999955
2025-08-01 11:46:46 AM,310.8,102,31701.600000000002,42274036.59999996
2025-08-01 11:46:50 AM,310.8,5,1554.0,42275590.59999996
2025-08-01 11:46:56 AM,310.8,27,8391.6,42283982.19999996
2025-08-01 11:47:01 AM,310.8,12,3729.6000000000004,42287711.79999996
2025-08-01 11:47:12 AM,310.9,9,2798.1,42290509.89999996
2025-08-01 11:47:28 AM,311.2,0,0.0,42290509.89999996
2025-08-01 11:47:31 AM,311.2,500,155600.0,42446109.89999996
2025-08-01 11:47:40 AM,310.8,0,0.0,42446109.89999996
2025-08-01 11:47:41 AM,310.8,76,23620.8,42469730.69999996
2025-08-01 11:47:55 AM,310.35,0,0.0,42469730.69999996
2025-08-01 11:47:57 AM,310.35,600,186210.0,42655940.69999996
2025-08-01 11:48:00 AM,310.75,0,0.0,42655940.69999996
2025-08-01 11:48:02 AM,310.75,49,15226.75,42671167.44999996
2025-08-01 11:48:07 AM,310.6,0,0.0,42671167.44999996
2025-08-01 11:48:08 AM,310.6,20,6212.0,42677379.44999996
2025-08-01 11:48:25 AM,310.95,0,0.0,42677379.44999996
2025-08-01 11:48:27 AM,310.95,3,932.8499999999999,42678312.29999996
2025-08-01 11:48:32 AM,310.95,2,621.9,42678934.19999996
2025-08-01 11:48:38 AM,311.0,0,0.0,42678934.19999996
2025-08-01 11:48:43 AM,311.0,28,8708.0,42687642.19999996
2025-08-01 11:48:56 AM,310.65,0,0.0,42687642.19999996
2025-08-01 11:48:58 AM,310.65,1,310.65,42687952.84999996
2025-08-01 11:49:03 AM,310.65,33,10251.449999999999,42698204.29999996
2025-08-01 11:49:24 AM,310.9,70,21763.0,42719967.29999996
2025-08-01 11:49:35 AM,310.9,13,4041.7,42724008.99999996
2025-08-01 11:49:37 AM,311.0,0,0.0,42724008.99999996
2025-08-01 11:49:40 AM,311.0,50,15550.0,42739558.99999996
2025-08-01 11:50:09 AM,310.9,0,0.0,42739558.99999996
2025-08-01 11:50:11 AM,310.9,35,10881.5,42750440.49999996
2025-08-01 11:50:13 AM,310.95,0,0.0,42750440.49999996
2025-08-01 11:50:16 AM,310.95,4,1243.8,42751684.29999996
2025-08-01 11:50:19 AM,310.5,0,0.0,42751684.29999996
2025-08-01 11:50:21 AM,310.5,150,46575.0,42798259.29999996
2025-08-01 11:50:56 AM,310.9,4,1243.6,42799502.89999996
2025-08-01 11:51:06 AM,310.95,300,93285.0,42892787.89999996
2025-08-01 11:51:20 AM,310.95,120,37314.0,42930101.89999996
2025-08-01 11:51:29 AM,310.65,0,0.0,42930101.89999996
2025-08-01 11:51:30 AM,310.65,14,4349.099999999999,42934450.99999996
2025-08-01 11:51:54 AM,311.0,0,0.0,42934450.99999996
2025-08-01 11:51:55 AM,311.0,500,155500.0,43089950.99999996
2025-08-01 11:52:00 AM,310.95,0,0.0,43089950.99999996
2025-08-01 11:52:00 AM,310.95,9,2798.5499999999997,43092749.54999996
2025-08-01 11:52:25 AM,310.95,3,932.8499999999999,43093682.39999996
2025-08-01 11:52:56 AM,310.6,10,3106.0,43096788.39999996
2025-08-01 11:53:02 AM,310.6,7,2174.2000000000003,43098962.599999964
2025-08-01 11:53:05 AM,310.85,0,0.0,43098962.599999964
2025-08-01 11:53:06 AM,310.85,3,932.5500000000001,43099895.14999996
2025-08-01 11:53:22 AM,310.85,23,7149.55,43107044.69999996
2025-08-01 11:53:27 AM,310.55,89,27638.95,43134683.64999996
2025-08-01 11:53:28 AM,310.55,9,2794.9500000000003,43137478.599999964
2025-08-01 11:53:31 AM,310.8,0,0.0,43137478.599999964
2025-08-01 11:53:32 AM,310.8,10,3108.0,43140586.599999964
2025-08-01 11:53:38 AM,310.5,10,3105.0,43143691.599999964
2025-08-01 11:53:47 AM,310.8,0,0.0,43143691.599999964
2025-08-01 11:53:47 AM,310.8,51,15850.800000000001,43159542.39999996
2025-08-01 11:54:02 AM,310.4,21,6518.4,43166060.79999996
2025-08-01 11:54:11 AM,310.35,0,0.0,43166060.79999996
2025-08-01 11:54:12 AM,310.35,84,26069.4,43192130.19999996
2025-08-01 11:54:23 AM,310.65,8,2485.2,43194615.39999996
2025-08-01 11:54:30 AM,310.3,0,0.0,43194615.39999996
2025-08-01 11:54:33 AM,310.3,5,1551.5,43196166.89999996
2025-08-01 11:54:43 AM,310.65,16,4970.4,43201137.29999996
2025-08-01 11:54:48 AM,310.65,36,11183.4,43212320.69999996
2025-08-01 11:54:49 AM,310.3,74,22962.2,43235282.89999996
2025-08-01 11:54:51 AM,310.45,0,0.0,43235282.89999996
2025-08-01 11:54:53 AM,310.45,17,5277.65,43240560.54999996
2025-08-01 11:55:00 AM,310.3,0,0.0,43240560.54999996
2025-08-01 11:55:03 AM,310.4,0,0.0,43240560.54999996
2025-08-01 11:55:03 AM,310.4,8,2483.2,43243043.74999996
2025-08-01 11:55:08 AM,310.4,1,310.4,43243354.14999996
2025-08-01 11:55:26 AM,310.15,0,0.0,43243354.14999996
2025-08-01 11:55:29 AM,310.15,75,23261.25,43266615.39999996
2025-08-01 11:55:29 AM,310.1,0,0.0,43266615.39999996
2025-08-01 11:55:30 AM,310.1,7,2170.7000000000003,43268786.099999964
2025-08-01 11:55:32 AM,310.25,0,0.0,43268786.099999964
2025-08-01 11:55:34 AM,310.25,2,620.5,43269406.599999964
2025-08-01 11:56:00 AM,310.3,0,0.0,43269406.599999964
2025-08-01 11:56:03 AM,310.3,13,4033.9,43273440.49999996
2025-08-01 11:56:41 AM,310.25,0,0.0,43273440.49999996
2025-08-01 11:56:44 AM,310.25,1,310.25,43273750.74999996
2025-08-01 11:56:52 AM,310.4,0,0.0,43273750.74999996
2025-08-01 11:56:54 AM,310.25,23,7135.75,43280886.49999996
2025-08-01 11:57:04 AM,310.35,0,0.0,43280886.49999996
2025-08-01 11:57:04 AM,310.35,3,931.0500000000001,43281817.54999996
2025-08-01 11:57:29 AM,310.25,0,0.0,43281817.54999996
2025-08-01 11:57:29 AM,310.25,2,620.5,43282438.04999996
2025-08-01 11:57:33 AM,310.15,0,0.0,43282438.04999996
2025-08-01 11:57:34 AM,310.15,7,2171.0499999999997,43284609.09999996
2025-08-01 11:57:39 AM,310.3,800,248240.0,43532849.09999996
2025-08-01 11:57:42 AM,310.35,0,0.0,43532849.09999996
2025-08-01 11:57:44 AM,310.35,17,5275.950000000001,43538125.04999996
2025-08-01 11:57:48 AM,310.15,0,0.0,43538125.04999996
2025-08-01 11:57:49 AM,310.15,65,20159.75,43558284.79999996
2025-08-01 11:57:50 AM,310.35,0,0.0,43558284.79999996
2025-08-01 11:57:51 AM,310.35,5,1551.75,43559836.54999996
2025-08-01 11:57:54 AM,310.35,18,5586.3,43565422.84999996
2025-08-01 11:58:06 AM,310.0,615,190650.0,43756072.84999996
2025-08-01 11:58:10 AM,310.0,524,162440.0,43918512.84999996
2025-08-01 11:58:11 AM,310.25,0,0.0,43918512.84999996
2025-08-01 11:58:12 AM,310.25,54,16753.5,43935266.34999996
2025-08-01 11:58:16 AM,310.25,32,9928.0,43945194.34999996
2025-08-01 11:58:21 AM,310.25,53,16443.25,43961637.59999996
2025-08-01 11:58:25 AM,310.35,0,0.0,43961637.59999996
2025-08-01 11:58:27 AM,310.35,17,5275.950000000001,43966913.54999996
2025-08-01 11:58:28 AM,310.35,2,620.7,43967534.24999996
2025-08-01 11:58:34 AM,310.15,0,0.0,43967534.24999996
2025-08-01 11:58:37 AM,310.15,100,31014.999999999996,43998549.24999996
2025-08-01 11:58:38 AM,310.4,0,0.0,43998549.24999996
2025-08-01 11:58:38 AM,310.4,22,6828.799999999999,44005378.04999996
2025-08-01 11:58:42 AM,310.4,38,11795.199999999999,44017173.24999996
2025-08-01 11:58:44 AM,310.4,13,4035.2,44021208.449999966
2025-08-01 11:58:46 AM,310.5,0,0.0,44021208.449999966
2025-08-01 11:58:48 AM,310.5,75,23287.5,44044495.949999966
2025-08-01 12:00:17 PM,311.8,0,0.0,44044495.949999966
2025-08-01 12:00:18 PM,312.0,0,0.0,44044495.949999966
2025-08-01 12:00:18 PM,312.0,4114,1283568.0,45328063.949999966
2025-08-01 12:00:34 PM,312.35,0,0.0,45328063.949999966
2025-08-01 12:00:36 PM,312.35,100,31235.000000000004,45359298.949999966
2025-08-01 12:00:41 PM,312.5,20,6250.0,45365548.949999966
2025-08-01 12:00:46 PM,312.3,46,14365.800000000001,45379914.74999996
