date,price,qty,trnvr,cum_trnvr
2025-08-01 09:15:07 AM,171.35,894,153186.9,153186.9
2025-08-01 09:15:19 AM,172.24,2098,361359.52,514546.42000000004
2025-08-01 09:15:26 AM,171.92,0,0.0,514546.42000000004
2025-08-01 09:15:28 AM,171.86,818,140581.48,655127.9
2025-08-01 09:15:29 AM,171.86,200,34372.0,689499.9
2025-08-01 09:15:35 AM,172.13,0,0.0,689499.9
2025-08-01 09:15:36 AM,171.7,250,42925.0,732424.9
2025-08-01 09:15:39 AM,172.0,0,0.0,732424.9
2025-08-01 09:15:44 AM,171.3,0,0.0,732424.9
2025-08-01 09:15:45 AM,171.3,2229,381827.7,1114252.6
2025-08-01 09:16:01 AM,170.88,1551,265034.88,1379287.48
2025-08-01 09:16:03 AM,171.45,900,154305.0,1533592.48
2025-08-01 09:16:10 AM,171.6,0,0.0,1533592.48
2025-08-01 09:16:11 AM,171.6,822,141055.19999999998,1674647.68
2025-08-01 09:16:26 AM,171.54,500,85770.0,1760417.68
2025-08-01 09:16:33 AM,171.29,0,0.0,1760417.68
2025-08-01 09:16:34 AM,171.29,32,5481.28,1765898.96
2025-08-01 09:16:41 AM,171.56,0,0.0,1765898.96
2025-08-01 09:16:42 AM,171.56,27,4632.12,1770531.08
2025-08-01 09:16:59 AM,171.21,98,16778.58,1787309.6600000001
2025-08-01 09:17:26 AM,171.49,0,0.0,1787309.6600000001
2025-08-01 09:17:28 AM,171.29,0,0.0,1787309.6600000001
2025-08-01 09:17:31 AM,171.29,53,9078.369999999999,1796388.0300000003
2025-08-01 09:18:03 AM,171.68,0,0.0,1796388.0300000003
2025-08-01 09:18:05 AM,171.68,43,7382.240000000001,1803770.2700000003
2025-08-01 09:18:06 AM,171.78,327,56172.06,1859942.3300000003
2025-08-01 09:18:21 AM,172.05,305,52475.25,1912417.5800000003
2025-08-01 09:18:42 AM,172.06,0,0.0,1912417.5800000003
2025-08-01 09:18:46 AM,172.06,3,516.1800000000001,1912933.7600000002
2025-08-01 09:18:47 AM,172.38,100,17238.0,1930171.7600000002
2025-08-01 09:18:54 AM,172.41,1,172.41,1930344.1700000002
2025-08-01 09:18:58 AM,172.06,0,0.0,1930344.1700000002
2025-08-01 09:19:02 AM,172.06,585,100655.1,2030999.2700000003
2025-08-01 09:19:07 AM,172.04,0,0.0,2030999.2700000003
2025-08-01 09:19:10 AM,172.04,59,10150.359999999999,2041149.6300000004
2025-08-01 09:19:42 AM,172.08,0,0.0,2041149.6300000004
2025-08-01 09:19:43 AM,172.08,125,21510.0,2062659.6300000004
2025-08-01 09:19:58 AM,172.0,0,0.0,2062659.6300000004
2025-08-01 09:19:58 AM,172.0,250,43000.0,2105659.6300000004
2025-08-01 09:20:47 AM,172.0,110,18920.0,2124579.6300000004
2025-08-01 09:21:12 AM,171.99,0,0.0,2124579.6300000004
2025-08-01 09:21:14 AM,172.0,0,0.0,2124579.6300000004
2025-08-01 09:21:17 AM,172.0,102,17544.0,2142123.6300000004
2025-08-01 09:21:28 AM,172.04,0,0.0,2142123.6300000004
2025-08-01 09:21:33 AM,172.04,336,57805.439999999995,2199929.0700000003
2025-08-01 09:21:51 AM,172.03,0,0.0,2199929.0700000003
2025-08-01 09:21:56 AM,172.16,101,17388.16,2217317.2300000004
2025-08-01 09:22:02 AM,172.02,0,0.0,2217317.2300000004
2025-08-01 09:22:03 AM,172.02,51,8773.02,2226090.2500000005
2025-08-01 09:22:08 AM,172.13,0,0.0,2226090.2500000005
2025-08-01 09:22:11 AM,172.13,983,169203.79,2395294.0400000005
2025-08-01 09:22:12 AM,172.24,0,0.0,2395294.0400000005
2025-08-01 09:22:18 AM,172.24,313,53911.12,2449205.1600000006
2025-08-01 09:22:43 AM,172.02,4122,709066.4400000001,3158271.6000000006
2025-08-01 09:23:19 AM,171.87,1,171.87,3158443.4700000007
2025-08-01 09:23:36 AM,171.8,101,17351.800000000003,3175795.2700000005
2025-08-01 09:23:41 AM,171.7,0,0.0,3175795.2700000005
2025-08-01 09:23:42 AM,171.7,1,171.7,3175966.9700000007
2025-08-01 09:23:44 AM,171.78,36,6184.08,3182151.0500000007
2025-08-01 09:23:51 AM,171.66,76,13046.16,3195197.210000001
2025-08-01 09:24:13 AM,171.77,54,9275.58,3204472.790000001
2025-08-01 09:25:18 AM,171.94,0,0.0,3204472.790000001
2025-08-01 09:25:20 AM,171.94,500,85970.0,3290442.790000001
2025-08-01 09:25:23 AM,171.77,10,1717.7,3292160.490000001
2025-08-01 09:25:35 AM,172.02,748,128670.96,3420831.450000001
2025-08-01 09:25:50 AM,172.01,1,172.01,3421003.460000001
2025-08-01 09:26:18 AM,171.99,0,0.0,3421003.460000001
2025-08-01 09:26:21 AM,171.99,52,8943.48,3429946.940000001
2025-08-01 09:26:31 AM,171.99,2,343.98,3430290.920000001
2025-08-01 09:26:59 AM,171.87,15,2578.05,3432868.9700000007
2025-08-01 09:27:02 AM,172.08,0,0.0,3432868.9700000007
2025-08-01 09:27:07 AM,172.08,13,2237.04,3435106.0100000007
2025-08-01 09:27:19 AM,171.91,0,0.0,3435106.0100000007
2025-08-01 09:27:21 AM,171.91,6,1031.46,3436137.4700000007
2025-08-01 09:27:23 AM,171.83,281,48284.23,3484421.7000000007
2025-08-01 09:27:24 AM,172.11,0,0.0,3484421.7000000007
2025-08-01 09:27:29 AM,172.11,100,17211.0,3501632.7000000007
2025-08-01 09:28:18 AM,171.9,0,0.0,3501632.7000000007
2025-08-01 09:28:22 AM,172.1,301,51802.1,3553434.8000000007
2025-08-01 09:28:30 AM,171.9,101,17361.9,3570796.7000000007
2025-08-01 09:28:55 AM,172.05,0,0.0,3570796.7000000007
2025-08-01 09:29:00 AM,172.05,1,172.05,3570968.7500000005
2025-08-01 09:29:16 AM,172.05,5,860.25,3571829.0000000005
2025-08-01 09:29:23 AM,172.05,10,1720.5,3573549.5000000005
2025-08-01 09:29:59 AM,171.9,0,0.0,3573549.5000000005
2025-08-01 09:30:01 AM,171.9,50,8595.0,3582144.5000000005
2025-08-01 09:30:20 AM,172.0,0,0.0,3582144.5000000005
2025-08-01 09:30:24 AM,172.0,200,34400.0,3616544.5000000005
2025-08-01 09:30:28 AM,171.91,0,0.0,3616544.5000000005
2025-08-01 09:30:31 AM,171.91,10,1719.1,3618263.6000000006
2025-08-01 09:30:46 AM,172.01,100,17201.0,3635464.6000000006
2025-08-01 09:31:06 AM,171.91,0,0.0,3635464.6000000006
2025-08-01 09:31:08 AM,171.91,1,171.91,3635636.5100000007
2025-08-01 09:31:10 AM,171.85,0,0.0,3635636.5100000007
2025-08-01 09:31:11 AM,172.05,0,0.0,3635636.5100000007
2025-08-01 09:31:15 AM,172.05,2691,462986.55000000005,4098623.0600000005
2025-08-01 09:31:22 AM,172.05,1534,263924.7,4362547.760000001
2025-08-01 09:31:30 AM,172.05,400,68820.0,4431367.760000001
2025-08-01 09:31:35 AM,172.02,0,0.0,4431367.760000001
2025-08-01 09:31:37 AM,172.02,874,150345.48,4581713.240000001
2025-08-01 09:31:56 AM,172.11,0,0.0,4581713.240000001
2025-08-01 09:31:58 AM,172.11,10,1721.1000000000001,4583434.340000001
2025-08-01 09:32:05 AM,172.11,2,344.22,4583778.5600000005
2025-08-01 09:32:19 AM,172.25,0,0.0,4583778.5600000005
2025-08-01 09:32:19 AM,172.25,1000,172250.0,4756028.5600000005
2025-08-01 09:32:26 AM,172.25,89,15330.25,4771358.8100000005
2025-08-01 09:33:13 AM,172.34,0,0.0,4771358.8100000005
2025-08-01 09:33:14 AM,172.34,32,5514.88,4776873.69
2025-08-01 09:33:28 AM,172.25,7,1205.75,4778079.44
2025-08-01 09:34:24 AM,172.25,200,34450.0,4812529.44
2025-08-01 09:34:33 AM,172.43,0,0.0,4812529.44
2025-08-01 09:34:38 AM,172.43,1,172.43,4812701.87
2025-08-01 09:34:52 AM,172.43,60,10345.800000000001,4823047.67
2025-08-01 09:35:06 AM,172.51,367,63311.17,4886358.84
2025-08-01 09:35:12 AM,172.62,0,0.0,4886358.84
2025-08-01 09:35:12 AM,172.36,0,0.0,4886358.84
2025-08-01 09:35:13 AM,172.36,214,36885.04,4923243.88
2025-08-01 09:35:54 AM,172.6,50,8630.0,4931873.88
2025-08-01 09:36:00 AM,172.33,269,46356.770000000004,4978230.649999999
2025-08-01 09:36:14 AM,172.26,0,0.0,4978230.649999999
2025-08-01 09:36:14 AM,172.26,172,29628.719999999998,5007859.369999999
2025-08-01 09:36:18 AM,172.37,0,0.0,5007859.369999999
2025-08-01 09:36:21 AM,172.37,3,517.11,5008376.4799999995
2025-08-01 09:37:21 AM,172.11,0,0.0,5008376.4799999995
2025-08-01 09:37:21 AM,172.11,237,40790.07,5049166.55
2025-08-01 09:37:54 AM,172.23,0,0.0,5049166.55
2025-08-01 09:37:55 AM,172.23,90,15500.699999999999,5064667.25
2025-08-01 09:37:56 AM,172.12,0,0.0,5064667.25
2025-08-01 09:38:01 AM,172.12,19,3270.28,5067937.53
2025-08-01 09:38:37 AM,172.11,0,0.0,5067937.53
2025-08-01 09:38:42 AM,172.0,1785,307020.0,5374957.53
2025-08-01 09:38:49 AM,172.0,527,90644.0,5465601.53
2025-08-01 09:39:13 AM,171.9,0,0.0,5465601.53
2025-08-01 09:39:16 AM,171.9,2080,357552.0,5823153.53
2025-08-01 09:39:27 AM,172.0,0,0.0,5823153.53
2025-08-01 09:39:29 AM,172.0,125,21500.0,5844653.53
2025-08-01 09:39:35 AM,172.0,38,6536.0,5851189.53
2025-08-01 09:39:38 AM,172.26,0,0.0,5851189.53
2025-08-01 09:39:42 AM,172.11,1745,300331.95,6151521.48
2025-08-01 09:40:02 AM,172.0,5,860.0,6152381.48
2025-08-01 09:41:00 AM,171.92,0,0.0,6152381.48
2025-08-01 09:41:01 AM,171.92,1,171.92,6152553.4
2025-08-01 09:41:47 AM,171.92,17,2922.64,6155476.04
2025-08-01 09:41:54 AM,171.92,2,343.84,6155819.88
2025-08-01 09:42:00 AM,171.9,475,81652.5,6237472.38
2025-08-01 09:42:26 AM,171.73,10,1717.3,6239189.68
2025-08-01 09:42:33 AM,171.86,40,6874.400000000001,6246064.08
2025-08-01 09:42:49 AM,171.65,0,0.0,6246064.08
2025-08-01 09:42:52 AM,171.65,699,119983.35,6366047.43
2025-08-01 09:43:19 AM,171.65,50,8582.5,6374629.93
2025-08-01 09:43:26 AM,171.65,228,39136.200000000004,6413766.13
2025-08-01 09:43:44 AM,171.69,0,0.0,6413766.13
2025-08-01 09:43:45 AM,171.69,3,515.0699999999999,6414281.2
2025-08-01 09:44:12 AM,171.65,26,4462.900000000001,6418744.100000001
2025-08-01 09:44:57 AM,171.66,218,37421.88,6456165.98
2025-08-01 09:45:05 AM,171.55,485,83201.75,6539367.73
2025-08-01 09:45:10 AM,171.35,509,87217.15,6626584.880000001
2025-08-01 09:45:23 AM,171.35,22,3769.7,6630354.580000001
2025-08-01 09:45:56 AM,171.35,580,99383.0,6729737.580000001
2025-08-01 09:46:09 AM,171.3,421,72117.3,6801854.880000001
2025-08-01 09:46:34 AM,171.25,6,1027.5,6802882.380000001
2025-08-01 09:46:42 AM,171.25,18,3082.5,6805964.880000001
2025-08-01 09:46:47 AM,171.25,10,1712.5,6807677.380000001
2025-08-01 09:46:55 AM,171.35,14,2398.9,6810076.280000001
2025-08-01 09:47:01 AM,171.25,18,3082.5,6813158.780000001
2025-08-01 09:47:23 AM,171.35,0,0.0,6813158.780000001
2025-08-01 09:47:24 AM,171.35,2,342.7,6813501.480000001
2025-08-01 09:47:30 AM,171.16,386,66067.76,6879569.240000001
2025-08-01 09:47:35 AM,171.0,0,0.0,6879569.240000001
2025-08-01 09:47:37 AM,171.0,644,110124.0,6989693.240000001
2025-08-01 09:47:51 AM,171.11,0,0.0,6989693.240000001
2025-08-01 09:47:53 AM,171.11,8,1368.88,6991062.120000001
2025-08-01 09:48:23 AM,171.11,5,855.5500000000001,6991917.670000001
2025-08-01 09:48:32 AM,171.29,97,16615.13,7008532.800000001
2025-08-01 09:49:05 AM,171.13,0,0.0,7008532.800000001
2025-08-01 09:49:08 AM,171.13,18,3080.34,7011613.140000001
2025-08-01 09:49:41 AM,171.12,0,0.0,7011613.140000001
2025-08-01 09:49:42 AM,171.12,10,1711.2,7013324.340000001
2025-08-01 09:49:53 AM,171.11,0,0.0,7013324.340000001
2025-08-01 09:49:54 AM,171.11,98,16768.780000000002,7030093.120000001
2025-08-01 09:50:11 AM,171.11,20,3422.2000000000003,7033515.320000001
2025-08-01 09:50:17 AM,171.11,10,1711.1000000000001,7035226.420000001
2025-08-01 09:50:32 AM,171.24,4,684.96,7035911.380000001
2025-08-01 09:50:42 AM,171.27,0,0.0,7035911.380000001
2025-08-01 09:50:42 AM,171.27,1,171.27,7036082.65
2025-08-01 09:50:49 AM,171.24,340,58221.600000000006,7094304.25
2025-08-01 09:51:10 AM,171.14,1,171.14,7094475.39
2025-08-01 09:51:14 AM,171.29,0,0.0,7094475.39
2025-08-01 09:51:14 AM,171.29,22,3768.3799999999997,7098243.77
2025-08-01 09:52:01 AM,171.15,0,0.0,7098243.77
2025-08-01 09:52:03 AM,171.35,226,38725.1,7136968.869999999
2025-08-01 09:52:27 AM,171.16,0,0.0,7136968.869999999
2025-08-01 09:52:28 AM,171.16,14,2396.24,7139365.109999999
2025-08-01 09:52:46 AM,171.16,10,1711.6,7141076.709999999
2025-08-01 09:53:28 AM,171.18,0,0.0,7141076.709999999
2025-08-01 09:53:29 AM,171.18,84,14379.12,7155455.829999999
2025-08-01 09:53:40 AM,171.15,0,0.0,7155455.829999999
2025-08-01 09:53:42 AM,171.15,71,12151.65,7167607.4799999995
2025-08-01 09:54:32 AM,171.15,49,8386.35,7175993.829999999
2025-08-01 09:54:41 AM,171.19,0,0.0,7175993.829999999
2025-08-01 09:54:44 AM,171.19,4,684.76,7176678.589999999
2025-08-01 09:55:47 AM,171.02,0,0.0,7176678.589999999
2025-08-01 09:55:49 AM,171.02,30,5130.6,7181809.189999999
2025-08-01 09:56:46 AM,171.0,0,0.0,7181809.189999999
2025-08-01 09:56:49 AM,170.99,258,44115.420000000006,7225924.6099999985
2025-08-01 09:56:54 AM,170.9,0,0.0,7225924.6099999985
2025-08-01 09:56:55 AM,170.9,17,2905.3,7228829.909999998
2025-08-01 09:57:19 AM,170.9,10,1709.0,7230538.909999998
2025-08-01 09:57:42 AM,171.04,0,0.0,7230538.909999998
2025-08-01 09:57:42 AM,171.04,9,1539.36,7232078.269999999
2025-08-01 09:58:00 AM,170.9,72,12304.800000000001,7244383.069999998
2025-08-01 09:58:02 AM,170.8,0,0.0,7244383.069999998
2025-08-01 09:58:03 AM,170.8,511,87278.8,7331661.869999998
2025-08-01 09:58:06 AM,170.84,1,170.84,7331832.709999998
2025-08-01 09:58:20 AM,170.6,0,0.0,7331832.709999998
2025-08-01 09:58:21 AM,170.6,290,49474.0,7381306.709999998
2025-08-01 09:58:25 AM,170.6,865,147569.0,7528875.709999998
2025-08-01 09:58:40 AM,170.51,0,0.0,7528875.709999998
2025-08-01 09:58:40 AM,170.51,1,170.51,7529046.219999998
2025-08-01 09:58:43 AM,170.5,22,3751.0,7532797.219999998
2025-08-01 09:58:58 AM,170.51,1,170.51,7532967.729999998
2025-08-01 09:59:04 AM,170.5,0,0.0,7532967.729999998
2025-08-01 09:59:04 AM,170.5,1303,222161.5,7755129.229999998
2025-08-01 09:59:10 AM,170.44,0,0.0,7755129.229999998
2025-08-01 09:59:10 AM,170.44,100,17044.0,7772173.229999998
2025-08-01 09:59:16 AM,170.4,40,6816.0,7778989.229999998
2025-08-01 09:59:20 AM,170.4,160,27264.0,7806253.229999998
2025-08-01 09:59:29 AM,170.4,50,8520.0,7814773.229999998
2025-08-01 09:59:41 AM,170.3,1,170.3,7814943.5299999975
2025-08-01 09:59:43 AM,170.4,0,0.0,7814943.5299999975
2025-08-01 09:59:45 AM,170.4,5,852.0,7815795.5299999975
2025-08-01 10:00:01 AM,170.3,0,0.0,7815795.5299999975
2025-08-01 10:00:03 AM,170.25,0,0.0,7815795.5299999975
2025-08-01 10:00:03 AM,170.25,60,10215.0,7826010.5299999975
2025-08-01 10:00:13 AM,170.25,10,1702.5,7827713.0299999975
2025-08-01 10:00:16 AM,170.1,27,4592.7,7832305.729999998
2025-08-01 10:00:23 AM,170.1,208,35380.799999999996,7867686.5299999975
2025-08-01 10:00:29 AM,170.0,0,0.0,7867686.5299999975
2025-08-01 10:00:29 AM,170.0,712,121040.0,7988726.5299999975
2025-08-01 10:00:32 AM,170.0,336,57120.0,8045846.5299999975
2025-08-01 10:00:41 AM,170.0,1,170.0,8046016.5299999975
2025-08-01 10:00:48 AM,170.05,0,0.0,8046016.5299999975
2025-08-01 10:00:48 AM,170.05,103,17515.15,8063531.679999998
2025-08-01 10:00:51 AM,170.05,897,152534.85,8216066.5299999975
2025-08-01 10:00:53 AM,170.0,0,0.0,8216066.5299999975
2025-08-01 10:00:54 AM,170.0,513,87210.0,8303276.5299999975
2025-08-01 10:01:04 AM,170.01,1,170.01,8303446.539999997
2025-08-01 10:01:10 AM,170.01,189,32131.89,8335578.429999997
2025-08-01 10:01:25 AM,170.39,0,0.0,8335578.429999997
2025-08-01 10:01:25 AM,170.39,325,55376.74999999999,8390955.179999996
2025-08-01 10:01:47 AM,170.31,1,170.31,8391125.489999996
2025-08-01 10:01:54 AM,170.31,2,340.62,8391466.109999996
2025-08-01 10:02:02 AM,170.3,0,0.0,8391466.109999996
2025-08-01 10:02:06 AM,170.3,337,57391.100000000006,8448857.209999995
2025-08-01 10:02:14 AM,170.39,1,170.39,8449027.599999996
2025-08-01 10:02:21 AM,170.3,0,0.0,8449027.599999996
2025-08-01 10:02:25 AM,170.3,1,170.3,8449197.899999997
2025-08-01 10:02:27 AM,170.3,1,170.3,8449368.199999997
2025-08-01 10:02:33 AM,170.39,0,0.0,8449368.199999997
2025-08-01 10:02:33 AM,170.39,15,2555.85,8451924.049999997
2025-08-01 10:02:34 AM,170.23,0,0.0,8451924.049999997
2025-08-01 10:02:37 AM,170.23,100,17023.0,8468947.049999997
2025-08-01 10:02:50 AM,170.15,1,170.15,8469117.199999997
2025-08-01 10:03:11 AM,170.32,101,17202.32,8486319.519999998
2025-08-01 10:03:18 AM,170.35,1,170.35,8486489.869999997
2025-08-01 10:03:35 AM,170.25,1,170.25,8486660.119999997
2025-08-01 10:03:40 AM,170.43,0,0.0,8486660.119999997
2025-08-01 10:03:42 AM,170.43,25,4260.75,8490920.869999997
2025-08-01 10:03:54 AM,170.25,1,170.25,8491091.119999997
2025-08-01 10:04:12 AM,170.25,1,170.25,8491261.369999997
2025-08-01 10:04:33 AM,170.25,1,170.25,8491431.619999997
2025-08-01 10:04:56 AM,170.25,1,170.25,8491601.869999997
2025-08-01 10:05:15 AM,170.25,1,170.25,8491772.119999997
2025-08-01 10:05:27 AM,170.3,50,8515.0,8500287.119999997
2025-08-01 10:05:38 AM,170.35,0,0.0,8500287.119999997
2025-08-01 10:05:39 AM,170.35,171,29129.85,8529416.969999997
2025-08-01 10:05:45 AM,170.29,170,28949.3,8558366.269999998
2025-08-01 10:05:50 AM,170.27,0,0.0,8558366.269999998
2025-08-01 10:05:51 AM,170.27,31,5278.37,8563644.639999997
2025-08-01 10:05:57 AM,170.3,1,170.3,8563814.939999998
2025-08-01 10:06:11 AM,170.42,8,1363.36,8565178.299999997
2025-08-01 10:06:21 AM,170.3,1,170.3,8565348.599999998
2025-08-01 10:06:35 AM,170.3,414,70504.20000000001,8635852.799999997
2025-08-01 10:06:39 AM,170.3,1,170.3,8636023.099999998
2025-08-01 10:06:45 AM,170.43,45,7669.35,8643692.449999997
2025-08-01 10:06:49 AM,170.3,0,0.0,8643692.449999997
2025-08-01 10:06:51 AM,170.25,1237,210599.25,8854291.699999997
2025-08-01 10:06:57 AM,170.15,99,16844.850000000002,8871136.549999997
2025-08-01 10:06:59 AM,170.15,1,170.15,8871306.699999997
2025-08-01 10:07:16 AM,170.15,28,4764.2,8876070.899999997
2025-08-01 10:07:18 AM,170.15,42,7146.3,8883217.199999997
2025-08-01 10:07:19 AM,170.27,0,0.0,8883217.199999997
2025-08-01 10:07:22 AM,170.27,10,1702.7,8884919.899999997
2025-08-01 10:07:23 AM,170.15,0,0.0,8884919.899999997
2025-08-01 10:07:24 AM,170.15,1,170.15,8885090.049999997
2025-08-01 10:07:34 AM,170.15,3,510.45000000000005,8885600.499999996
2025-08-01 10:07:45 AM,170.1,0,0.0,8885600.499999996
2025-08-01 10:07:46 AM,170.1,48,8164.799999999999,8893765.299999997
2025-08-01 10:07:50 AM,170.09,0,0.0,8893765.299999997
2025-08-01 10:07:53 AM,170.09,72,12246.48,8906011.779999997
2025-08-01 10:07:55 AM,170.14,100,17014.0,8923025.779999997
2025-08-01 10:07:59 AM,170.1,500,85050.0,9008075.779999997
2025-08-01 10:08:05 AM,170.1,65,11056.5,9019132.279999997
2025-08-01 10:08:07 AM,170.1,935,159043.5,9178175.779999997
2025-08-01 10:08:10 AM,170.15,0,0.0,9178175.779999997
2025-08-01 10:08:12 AM,170.15,200,34030.0,9212205.779999997
2025-08-01 10:08:26 AM,170.15,71,12080.65,9224286.429999998
2025-08-01 10:08:48 AM,170.15,25,4253.75,9228540.179999998
2025-08-01 10:09:01 AM,170.15,10,1701.5,9230241.679999998
2025-08-01 10:09:08 AM,170.05,0,0.0,9230241.679999998
2025-08-01 10:09:12 AM,170.05,1,170.05,9230411.729999999
2025-08-01 10:09:29 AM,170.0,0,0.0,9230411.729999999
2025-08-01 10:09:29 AM,170.0,2,340.0,9230751.729999999
2025-08-01 10:09:48 AM,170.01,1,170.01,9230921.739999998
2025-08-01 10:09:52 AM,170.03,0,0.0,9230921.739999998
2025-08-01 10:09:52 AM,170.03,19,3230.57,9234152.309999999
2025-08-01 10:10:11 AM,170.0,0,0.0,9234152.309999999
2025-08-01 10:10:11 AM,170.0,1,170.0,9234322.309999999
2025-08-01 10:10:17 AM,170.0,1,170.0,9234492.309999999
2025-08-01 10:10:21 AM,169.86,0,0.0,9234492.309999999
2025-08-01 10:10:21 AM,169.95,0,0.0,9234492.309999999
2025-08-01 10:10:21 AM,169.95,2349,399212.55,9633704.86
2025-08-01 10:10:31 AM,169.86,0,0.0,9633704.86
2025-08-01 10:10:33 AM,169.8,10,1698.0,9635402.86
2025-08-01 10:10:51 AM,169.83,1,169.83,9635572.69
2025-08-01 10:11:03 AM,169.89,0,0.0,9635572.69
2025-08-01 10:11:03 AM,169.89,80,13591.199999999999,9649163.889999999
2025-08-01 10:11:07 AM,169.91,0,0.0,9649163.889999999
2025-08-01 10:11:09 AM,169.91,1,169.91,9649333.799999999
2025-08-01 10:11:15 AM,169.91,1,169.91,9649503.709999999
2025-08-01 10:11:33 AM,169.91,1,169.91,9649673.62
2025-08-01 10:11:55 AM,170.0,0,0.0,9649673.62
2025-08-01 10:11:55 AM,170.0,1,170.0,9649843.62
2025-08-01 10:12:01 AM,170.0,100,17000.0,9666843.62
2025-08-01 10:12:02 AM,170.0,1,170.0,9667013.62
2025-08-01 10:12:19 AM,170.0,1,170.0,9667183.62
2025-08-01 10:12:36 AM,170.01,1,170.01,9667353.629999999
2025-08-01 10:12:59 AM,170.01,1,170.01,9667523.639999999
2025-08-01 10:13:18 AM,170.01,1,170.01,9667693.649999999
2025-08-01 10:13:40 AM,169.91,0,0.0,9667693.649999999
2025-08-01 10:13:41 AM,169.91,1901,322998.91,9990692.559999999
2025-08-01 10:14:00 AM,169.92,0,0.0,9990692.559999999
2025-08-01 10:14:04 AM,169.92,1,169.92,9990862.479999999
2025-08-01 10:14:13 AM,169.9,0,0.0,9990862.479999999
2025-08-01 10:14:16 AM,169.9,500,84950.0,10075812.479999999
2025-08-01 10:14:21 AM,169.91,1,169.91,10075982.389999999
2025-08-01 10:14:45 AM,169.91,1,169.91,10076152.299999999
2025-08-01 10:14:56 AM,170.1,0,0.0,10076152.299999999
2025-08-01 10:14:56 AM,170.1,100,17010.0,10093162.299999999
2025-08-01 10:15:06 AM,169.93,0,0.0,10093162.299999999
2025-08-01 10:15:07 AM,169.93,1,169.93,10093332.229999999
2025-08-01 10:15:21 AM,170.09,0,0.0,10093332.229999999
2025-08-01 10:15:26 AM,169.92,101,17161.92,10110494.149999999
2025-08-01 10:15:45 AM,169.93,0,0.0,10110494.149999999
2025-08-01 10:15:50 AM,169.93,1,169.93,10110664.079999998
2025-08-01 10:15:52 AM,170.06,0,0.0,10110664.079999998
2025-08-01 10:15:55 AM,170.0,0,0.0,10110664.079999998
2025-08-01 10:15:56 AM,170.0,1001,170170.0,10280834.079999998
2025-08-01 10:16:04 AM,170.06,0,0.0,10280834.079999998
2025-08-01 10:16:07 AM,170.06,1,170.06,10281004.139999999
2025-08-01 10:16:09 AM,169.91,0,0.0,10281004.139999999
2025-08-01 10:16:13 AM,169.91,1,169.91,10281174.049999999
2025-08-01 10:16:18 AM,170.05,0,0.0,10281174.049999999
2025-08-01 10:16:19 AM,170.05,1,170.05,10281344.1
2025-08-01 10:16:30 AM,169.91,0,0.0,10281344.1
2025-08-01 10:16:30 AM,169.91,1,169.91,10281514.01
2025-08-01 10:16:34 AM,170.04,0,0.0,10281514.01
2025-08-01 10:16:36 AM,170.04,1,170.04,10281684.049999999
2025-08-01 10:16:49 AM,170.03,0,0.0,10281684.049999999
2025-08-01 10:16:51 AM,169.92,0,0.0,10281684.049999999
2025-08-01 10:16:53 AM,169.92,2,339.84,10282023.889999999
2025-08-01 10:17:04 AM,170.04,0,0.0,10282023.889999999
2025-08-01 10:17:04 AM,170.04,2,340.08,10282363.969999999
2025-08-01 10:17:12 AM,170.03,0,0.0,10282363.969999999
2025-08-01 10:17:16 AM,170.03,1,170.03,10282533.999999998
2025-08-01 10:17:19 AM,170.04,0,0.0,10282533.999999998
2025-08-01 10:17:21 AM,170.04,1,170.04,10282704.039999997
2025-08-01 10:17:33 AM,170.04,1,170.04,10282874.079999996
2025-08-01 10:17:45 AM,170.04,8,1360.32,10284234.399999997
2025-08-01 10:17:51 AM,170.04,108,18364.32,10302598.719999997
2025-08-01 10:18:02 AM,170.04,2,340.08,10302938.799999997
2025-08-01 10:18:08 AM,170.04,1,170.04,10303108.839999996
2025-08-01 10:18:12 AM,170.06,0,0.0,10303108.839999996
2025-08-01 10:18:14 AM,170.06,100,17006.0,10320114.839999996
2025-08-01 10:18:20 AM,170.06,1,170.06,10320284.899999997
2025-08-01 10:18:37 AM,170.06,19,3231.14,10323516.039999997
2025-08-01 10:18:49 AM,170.06,1,170.06,10323686.099999998
2025-08-01 10:19:05 AM,170.06,1,170.06,10323856.159999998
2025-08-01 10:19:08 AM,170.12,0,0.0,10323856.159999998
2025-08-01 10:19:11 AM,170.12,241,40998.92,10364855.079999998
2025-08-01 10:19:20 AM,170.29,0,0.0,10364855.079999998
2025-08-01 10:19:23 AM,170.29,1,170.29,10365025.369999997
2025-08-01 10:19:34 AM,170.3,1,170.3,10365195.669999998
2025-08-01 10:19:50 AM,170.31,0,0.0,10365195.669999998
2025-08-01 10:19:52 AM,170.31,1,170.31,10365365.979999999
2025-08-01 10:19:53 AM,170.37,0,0.0,10365365.979999999
2025-08-01 10:19:53 AM,170.37,1,170.37,10365536.349999998
2025-08-01 10:20:03 AM,170.37,1,170.37,10365706.719999997
2025-08-01 10:20:19 AM,170.36,0,0.0,10365706.719999997
2025-08-01 10:20:19 AM,170.36,1,170.36,10365877.079999996
2025-08-01 10:20:33 AM,170.35,0,0.0,10365877.079999996
2025-08-01 10:20:37 AM,170.35,1,170.35,10366047.429999996
2025-08-01 10:20:49 AM,170.36,1,170.36,10366217.789999995
2025-08-01 10:20:57 AM,170.36,1,170.36,10366388.149999995
2025-08-01 10:21:06 AM,170.36,1,170.36,10366558.509999994
2025-08-01 10:21:17 AM,170.36,174,29642.640000000003,10396201.149999995
2025-08-01 10:21:18 AM,170.44,0,0.0,10396201.149999995
2025-08-01 10:21:19 AM,170.44,75,12783.0,10408984.149999995
2025-08-01 10:21:22 AM,170.68,0,0.0,10408984.149999995
2025-08-01 10:21:23 AM,170.68,173,29527.64,10438511.789999995
2025-08-01 10:21:34 AM,171.07,1,171.07,10438682.859999996
2025-08-01 10:21:51 AM,171.07,1,171.07,10438853.929999996
2025-08-01 10:22:04 AM,171.07,1,171.07,10439024.999999996
2025-08-01 10:22:19 AM,171.07,1,171.07,10439196.069999997
2025-08-01 10:22:33 AM,171.07,2,342.14,10439538.209999997
2025-08-01 10:22:50 AM,171.07,1,171.07,10439709.279999997
2025-08-01 10:22:58 AM,171.0,0,0.0,10439709.279999997
2025-08-01 10:22:58 AM,171.0,100,17100.0,10456809.279999997
2025-08-01 10:23:04 AM,171.0,1,171.0,10456980.279999997
2025-08-01 10:23:18 AM,171.0,1,171.0,10457151.279999997
2025-08-01 10:23:36 AM,171.0,1,171.0,10457322.279999997
2025-08-01 10:23:41 AM,171.0,25,4275.0,10461597.279999997
2025-08-01 10:23:49 AM,171.0,1,171.0,10461768.279999997
2025-08-01 10:23:51 AM,171.03,0,0.0,10461768.279999997
2025-08-01 10:23:53 AM,171.03,915,156492.45,10618260.729999997
2025-08-01 10:24:03 AM,171.25,0,0.0,10618260.729999997
2025-08-01 10:24:03 AM,171.25,102,17467.5,10635728.229999997
2025-08-01 10:24:20 AM,171.25,1,171.25,10635899.479999997
2025-08-01 10:24:36 AM,171.25,1,171.25,10636070.729999997
2025-08-01 10:24:49 AM,171.25,1,171.25,10636241.979999997
2025-08-01 10:25:04 AM,171.25,2,342.5,10636584.479999997
2025-08-01 10:25:19 AM,171.25,1,171.25,10636755.729999997
2025-08-01 10:25:20 AM,171.3,0,0.0,10636755.729999997
2025-08-01 10:25:22 AM,171.3,1,171.3,10636927.029999997
2025-08-01 10:25:25 AM,171.1,0,0.0,10636927.029999997
2025-08-01 10:25:28 AM,171.1,332,56805.2,10693732.229999997
2025-08-01 10:25:33 AM,171.18,1,171.18,10693903.409999996
2025-08-01 10:25:49 AM,171.17,0,0.0,10693903.409999996
2025-08-01 10:25:50 AM,171.17,1,171.17,10694074.579999996
2025-08-01 10:25:52 AM,171.1,0,0.0,10694074.579999996
2025-08-01 10:25:52 AM,171.1,289,49447.9,10743522.479999997
2025-08-01 10:25:55 AM,171.1,831,142184.1,10885706.579999996
2025-08-01 10:25:56 AM,171.58,0,0.0,10885706.579999996
2025-08-01 10:25:57 AM,171.58,723,124052.34000000001,11009758.919999996
2025-08-01 10:25:59 AM,172.08,0,0.0,11009758.919999996
2025-08-01 10:26:00 AM,172.08,1620,278769.60000000003,11288528.519999996
2025-08-01 10:26:02 AM,172.39,0,0.0,11288528.519999996
2025-08-01 10:26:03 AM,172.39,567,97745.12999999999,11386273.649999997
2025-08-01 10:26:04 AM,172.38,0,0.0,11386273.649999997
2025-08-01 10:26:05 AM,172.37,0,0.0,11386273.649999997
2025-08-01 10:26:06 AM,172.37,137,23614.690000000002,11409888.339999996
2025-08-01 10:26:08 AM,172.4,0,0.0,11409888.339999996
2025-08-01 10:26:08 AM,172.4,20,3448.0,11413336.339999996
2025-08-01 10:26:11 AM,172.45,0,0.0,11413336.339999996
2025-08-01 10:26:11 AM,172.45,248,42767.6,11456103.939999996
2025-08-01 10:26:14 AM,172.58,258,44525.64000000001,11500629.579999996
2025-08-01 10:26:17 AM,172.03,0,0.0,11500629.579999996
2025-08-01 10:26:17 AM,172.03,1000,172030.0,11672659.579999996
2025-08-01 10:26:19 AM,172.27,0,0.0,11672659.579999996
2025-08-01 10:26:19 AM,172.27,1,172.27,11672831.849999996
2025-08-01 10:26:23 AM,172.42,0,0.0,11672831.849999996
2025-08-01 10:26:23 AM,172.42,662,114142.04,11786973.889999995
2025-08-01 10:26:31 AM,171.81,478,82125.18000000001,11869099.069999995
2025-08-01 10:26:34 AM,171.83,0,0.0,11869099.069999995
2025-08-01 10:26:34 AM,171.83,1,171.83,11869270.899999995
2025-08-01 10:26:37 AM,171.63,0,0.0,11869270.899999995
2025-08-01 10:26:37 AM,171.63,230,39474.9,11908745.799999995
2025-08-01 10:26:40 AM,172.19,0,0.0,11908745.799999995
2025-08-01 10:26:40 AM,172.31,2273,391660.63,12300406.429999996
2025-08-01 10:26:43 AM,172.54,0,0.0,12300406.429999996
2025-08-01 10:26:43 AM,172.54,562,96967.48,12397373.909999996
2025-08-01 10:26:48 AM,172.44,2,344.88,12397718.789999997
2025-08-01 10:27:02 AM,172.11,0,0.0,12397718.789999997
2025-08-01 10:27:03 AM,171.87,272,46748.64,12444467.429999998
2025-08-01 10:27:05 AM,171.68,0,0.0,12444467.429999998
2025-08-01 10:27:06 AM,171.68,23,3948.6400000000003,12448416.069999998
2025-08-01 10:27:09 AM,171.56,77,13210.12,12461626.189999998
2025-08-01 10:27:19 AM,171.64,0,0.0,12461626.189999998
2025-08-01 10:27:20 AM,171.64,1,171.64,12461797.829999998
2025-08-01 10:27:28 AM,171.65,0,0.0,12461797.829999998
2025-08-01 10:27:28 AM,171.65,1,171.65,12461969.479999999
2025-08-01 10:27:34 AM,171.66,0,0.0,12461969.479999999
2025-08-01 10:27:34 AM,171.66,1,171.66,12462141.139999999
2025-08-01 10:27:38 AM,171.46,0,0.0,12462141.139999999
2025-08-01 10:27:39 AM,171.46,200,34292.0,12496433.139999999
2025-08-01 10:27:42 AM,171.66,100,17166.0,12513599.139999999
2025-08-01 10:27:47 AM,171.69,0,0.0,12513599.139999999
2025-08-01 10:27:47 AM,171.69,9,1545.21,12515144.35
2025-08-01 10:27:49 AM,171.82,0,0.0,12515144.35
2025-08-01 10:27:50 AM,171.82,487,83676.34,12598820.69
2025-08-01 10:28:03 AM,171.77,0,0.0,12598820.69
2025-08-01 10:28:03 AM,171.77,1,171.77,12598992.459999999
2025-08-01 10:28:18 AM,171.74,0,0.0,12598992.459999999
2025-08-01 10:28:20 AM,171.74,2,343.48,12599335.94
2025-08-01 10:28:34 AM,171.68,1,171.68,12599507.62
2025-08-01 10:28:50 AM,171.68,1,171.68,12599679.299999999
2025-08-01 10:29:04 AM,171.68,1,171.68,12599850.979999999
2025-08-01 10:29:12 AM,171.68,5,858.4000000000001,12600709.379999999
2025-08-01 10:29:18 AM,171.68,1,171.68,12600881.059999999
2025-08-01 10:29:34 AM,171.68,2,343.36,12601224.419999998
2025-08-01 10:29:45 AM,171.7,0,0.0,12601224.419999998
2025-08-01 10:29:46 AM,171.7,7,1201.8999999999999,12602426.319999998
2025-08-01 10:29:48 AM,171.69,1,171.69,12602598.009999998
2025-08-01 10:30:05 AM,171.73,0,0.0,12602598.009999998
2025-08-01 10:30:05 AM,171.73,1,171.73,12602769.739999998
2025-08-01 10:30:20 AM,171.65,0,0.0,12602769.739999998
2025-08-01 10:30:20 AM,171.65,1,171.65,12602941.389999999
2025-08-01 10:30:33 AM,171.64,0,0.0,12602941.389999999
2025-08-01 10:30:34 AM,171.64,1,171.64,12603113.03
2025-08-01 10:30:43 AM,171.64,2,343.28,12603456.309999999
2025-08-01 10:30:45 AM,171.64,2,343.28,12603799.589999998
2025-08-01 10:30:48 AM,171.63,1,171.63,12603971.219999999
2025-08-01 10:31:03 AM,171.61,0,0.0,12603971.219999999
2025-08-01 10:31:06 AM,171.61,2,343.22,12604314.44
2025-08-01 10:31:20 AM,171.61,1,171.61,12604486.049999999
2025-08-01 10:31:34 AM,171.61,1,171.61,12604657.659999998
2025-08-01 10:31:51 AM,171.61,1,171.61,12604829.269999998
2025-08-01 10:32:04 AM,171.6,1,171.6,12605000.869999997
2025-08-01 10:32:10 AM,171.49,32,5487.68,12610488.549999997
2025-08-01 10:32:20 AM,171.56,2,343.12,12610831.669999996
2025-08-01 10:32:27 AM,171.56,10,1715.6,12612547.269999996
2025-08-01 10:32:33 AM,171.55,1,171.55,12612718.819999997
2025-08-01 10:32:48 AM,171.55,1,171.55,12612890.369999997
2025-08-01 10:33:04 AM,171.53,0,0.0,12612890.369999997
2025-08-01 10:33:05 AM,171.53,1,171.53,12613061.899999997
2025-08-01 10:33:18 AM,171.52,0,0.0,12613061.899999997
2025-08-01 10:33:19 AM,171.52,1,171.52,12613233.419999996
2025-08-01 10:33:30 AM,171.5,0,0.0,12613233.419999996
2025-08-01 10:33:30 AM,171.5,2,343.0,12613576.419999996
2025-08-01 10:33:36 AM,171.5,1,171.5,12613747.919999996
2025-08-01 10:33:49 AM,171.5,2,343.0,12614090.919999996
2025-08-01 10:34:04 AM,171.49,1,171.49,12614262.409999996
2025-08-01 10:34:21 AM,171.49,1,171.49,12614433.899999997
2025-08-01 10:34:34 AM,171.49,1,171.49,12614605.389999997
2025-08-01 10:34:49 AM,171.49,1,171.49,12614776.879999997
2025-08-01 10:34:50 AM,171.4,0,0.0,12614776.879999997
2025-08-01 10:34:51 AM,171.4,96,16454.4,12631231.279999997
2025-08-01 10:35:01 AM,171.26,0,0.0,12631231.279999997
2025-08-01 10:35:01 AM,171.26,68,11645.68,12642876.959999997
2025-08-01 10:35:03 AM,171.34,2,342.68,12643219.639999997
2025-08-01 10:35:18 AM,171.02,899,153746.98,12796966.619999997
2025-08-01 10:35:19 AM,171.36,0,0.0,12796966.619999997
2025-08-01 10:35:20 AM,171.36,1,171.36,12797137.979999997
2025-08-01 10:35:34 AM,171.33,0,0.0,12797137.979999997
2025-08-01 10:35:35 AM,171.33,1,171.33,12797309.309999997
2025-08-01 10:35:48 AM,171.36,1,171.36,12797480.669999996
2025-08-01 10:36:04 AM,171.33,0,0.0,12797480.669999996
2025-08-01 10:36:05 AM,171.33,1,171.33,12797651.999999996
2025-08-01 10:36:19 AM,171.31,1,171.31,12797823.309999997
2025-08-01 10:36:33 AM,171.31,2,342.62,12798165.929999996
2025-08-01 10:36:44 AM,171.29,0,0.0,12798165.929999996
2025-08-01 10:36:47 AM,171.29,8,1370.32,12799536.249999996
2025-08-01 10:36:49 AM,171.29,1,171.29,12799707.539999995
2025-08-01 10:37:03 AM,171.28,1,171.28,12799878.819999995
2025-08-01 10:37:20 AM,171.28,1,171.28,12800050.099999994
2025-08-01 10:37:33 AM,171.28,1,171.28,12800221.379999993
2025-08-01 10:37:48 AM,171.28,1,171.28,12800392.659999993
2025-08-01 10:37:50 AM,171.29,0,0.0,12800392.659999993
2025-08-01 10:37:50 AM,171.29,1,171.29,12800563.949999992
2025-08-01 10:38:05 AM,171.29,2,342.58,12800906.529999992
2025-08-01 10:38:20 AM,171.29,1,171.29,12801077.819999991
2025-08-01 10:38:36 AM,171.29,1,171.29,12801249.10999999
2025-08-01 10:38:49 AM,171.28,0,0.0,12801249.10999999
2025-08-01 10:38:50 AM,171.28,1,171.28,12801420.38999999
2025-08-01 10:39:03 AM,171.28,1,171.28,12801591.669999989
2025-08-01 10:39:19 AM,171.27,0,0.0,12801591.669999989
2025-08-01 10:39:20 AM,171.27,2,342.54,12801934.209999988
2025-08-01 10:39:34 AM,171.27,1,171.27,12802105.479999987
2025-08-01 10:39:48 AM,171.27,1,171.27,12802276.749999987
2025-08-01 10:40:04 AM,171.28,0,0.0,12802276.749999987
2025-08-01 10:40:05 AM,171.28,1,171.28,12802448.029999986
2025-08-01 10:40:19 AM,171.27,1,171.27,12802619.299999986
2025-08-01 10:40:34 AM,171.26,0,0.0,12802619.299999986
2025-08-01 10:40:35 AM,171.26,1,171.26,12802790.559999986
2025-08-01 10:40:48 AM,171.25,0,0.0,12802790.559999986
2025-08-01 10:40:49 AM,171.25,2,342.5,12803133.059999986
2025-08-01 10:41:06 AM,171.25,1,171.25,12803304.309999986
2025-08-01 10:41:19 AM,171.25,1,171.25,12803475.559999986
2025-08-01 10:41:35 AM,171.25,1,171.25,12803646.809999986
2025-08-01 10:41:51 AM,171.25,1,171.25,12803818.059999986
2025-08-01 10:42:03 AM,171.23,2,342.46,12804160.519999987
2025-08-01 10:42:06 AM,171.25,0,0.0,12804160.519999987
2025-08-01 10:42:07 AM,171.25,40,6850.0,12811010.519999987
2025-08-01 10:42:18 AM,171.28,0,0.0,12811010.519999987
2025-08-01 10:42:18 AM,171.28,1,171.28,12811181.799999986
2025-08-01 10:42:34 AM,171.29,0,0.0,12811181.799999986
2025-08-01 10:42:35 AM,171.29,1,171.29,12811353.089999985
2025-08-01 10:42:40 AM,171.15,0,0.0,12811353.089999985
2025-08-01 10:42:40 AM,171.15,20,3423.0,12814776.089999985
2025-08-01 10:42:46 AM,171.17,27,4621.589999999999,12819397.679999985
2025-08-01 10:42:48 AM,171.28,0,0.0,12819397.679999985
2025-08-01 10:42:48 AM,171.28,1,171.28,12819568.959999984
2025-08-01 10:42:51 AM,171.19,0,0.0,12819568.959999984
2025-08-01 10:42:52 AM,171.19,10,1711.9,12821280.859999985
2025-08-01 10:43:03 AM,171.25,1,171.25,12821452.109999985
2025-08-01 10:43:19 AM,171.28,0,0.0,12821452.109999985
2025-08-01 10:43:19 AM,171.28,1,171.28,12821623.389999984
2025-08-01 10:43:35 AM,171.28,2,342.56,12821965.949999984
2025-08-01 10:43:48 AM,171.28,1,171.28,12822137.229999984
2025-08-01 10:44:03 AM,171.28,1,171.28,12822308.509999983
2025-08-01 10:44:20 AM,171.28,1,171.28,12822479.789999982
2025-08-01 10:44:33 AM,171.28,1,171.28,12822651.069999982
2025-08-01 10:44:50 AM,171.28,2,342.56,12822993.629999982
2025-08-01 10:45:03 AM,171.28,1,171.28,12823164.909999982
2025-08-01 10:45:11 AM,171.2,0,0.0,12823164.909999982
2025-08-01 10:45:11 AM,171.2,11,1883.1999999999998,12825048.10999998
2025-08-01 10:45:13 AM,171.22,0,0.0,12825048.10999998
2025-08-01 10:45:14 AM,171.22,11,1883.42,12826931.52999998
2025-08-01 10:45:18 AM,171.39,0,0.0,12826931.52999998
2025-08-01 10:45:20 AM,171.39,1,171.39,12827102.919999981
2025-08-01 10:45:33 AM,171.39,1,171.39,12827274.309999982
2025-08-01 10:45:49 AM,171.38,0,0.0,12827274.309999982
2025-08-01 10:45:49 AM,171.38,1,171.38,12827445.689999983
2025-08-01 10:46:06 AM,171.38,1,171.38,12827617.069999984
2025-08-01 10:46:10 AM,171.23,0,0.0,12827617.069999984
2025-08-01 10:46:12 AM,171.23,11,1883.53,12829500.599999983
2025-08-01 10:46:19 AM,171.29,0,0.0,12829500.599999983
2025-08-01 10:46:20 AM,171.29,2,342.58,12829843.179999983
2025-08-01 10:46:29 AM,171.2,250,42800.0,12872643.179999983
2025-08-01 10:46:33 AM,171.17,0,0.0,12872643.179999983
2025-08-01 10:46:35 AM,171.17,22,3765.74,12876408.919999983
2025-08-01 10:46:51 AM,171.17,2,342.34,12876751.259999983
2025-08-01 10:47:03 AM,171.17,1,171.17,12876922.429999983
2025-08-01 10:47:18 AM,171.17,1,171.17,12877093.599999983
2025-08-01 10:47:29 AM,171.17,7,1198.1899999999998,12878291.789999982
2025-08-01 10:47:34 AM,171.17,1,171.17,12878462.959999982
2025-08-01 10:47:43 AM,171.03,0,0.0,12878462.959999982
2025-08-01 10:47:45 AM,171.03,100,17103.0,12895565.959999982
2025-08-01 10:47:50 AM,171.17,0,0.0,12895565.959999982
2025-08-01 10:47:50 AM,171.17,2,342.34,12895908.299999982
2025-08-01 10:48:04 AM,171.17,1,171.17,12896079.469999982
2025-08-01 10:48:18 AM,171.16,0,0.0,12896079.469999982
2025-08-01 10:48:20 AM,171.16,1,171.16,12896250.629999982
2025-08-01 10:48:34 AM,171.16,1,171.16,12896421.789999982
2025-08-01 10:48:50 AM,171.16,1,171.16,12896592.949999982
2025-08-01 10:49:03 AM,171.16,2,342.32,12896935.269999983
2025-08-01 10:49:18 AM,171.16,1,171.16,12897106.429999983
2025-08-01 10:49:33 AM,171.15,0,0.0,12897106.429999983
2025-08-01 10:49:34 AM,171.15,1,171.15,12897277.579999983
2025-08-01 10:49:49 AM,171.16,0,0.0,12897277.579999983
2025-08-01 10:49:50 AM,171.16,101,17287.16,12914564.739999983
2025-08-01 10:50:03 AM,171.15,0,0.0,12914564.739999983
2025-08-01 10:50:06 AM,171.15,1,171.15,12914735.889999984
2025-08-01 10:50:18 AM,171.16,1,171.16,12914907.049999984
2025-08-01 10:50:28 AM,171.5,3126,536109.0,13451016.049999984
2025-08-01 10:50:32 AM,171.62,0,0.0,13451016.049999984
2025-08-01 10:50:34 AM,171.57,50,8578.5,13459594.549999984
2025-08-01 10:50:38 AM,171.63,0,0.0,13459594.549999984
2025-08-01 10:50:40 AM,171.63,11,1887.9299999999998,13461482.479999984
2025-08-01 10:50:44 AM,171.73,0,0.0,13461482.479999984
2025-08-01 10:50:45 AM,171.73,33,5667.089999999999,13467149.569999984
2025-08-01 10:50:48 AM,171.79,0,0.0,13467149.569999984
2025-08-01 10:50:51 AM,171.79,65,11166.35,13478315.919999983
2025-08-01 10:50:59 AM,171.76,0,0.0,13478315.919999983
2025-08-01 10:51:03 AM,171.76,15,2576.3999999999996,13480892.319999984
2025-08-01 10:51:07 AM,171.79,0,0.0,13480892.319999984
2025-08-01 10:51:08 AM,171.79,96,16491.84,13497384.159999983
2025-08-01 10:51:19 AM,171.79,12,2061.48,13499445.639999984
2025-08-01 10:51:21 AM,171.84,0,0.0,13499445.639999984
2025-08-01 10:51:23 AM,171.79,0,0.0,13499445.639999984
2025-08-01 10:51:24 AM,171.79,55,9448.449999999999,13508894.089999983
2025-08-01 10:51:29 AM,171.85,0,0.0,13508894.089999983
2025-08-01 10:51:30 AM,171.85,42,7217.7,13516111.789999982
2025-08-01 10:51:36 AM,171.85,1,171.85,13516283.639999982
2025-08-01 10:51:39 AM,171.65,0,0.0,13516283.639999982
2025-08-01 10:51:41 AM,171.65,57,9784.050000000001,13526067.689999983
2025-08-01 10:51:49 AM,171.81,0,0.0,13526067.689999983
2025-08-01 10:51:52 AM,171.81,56,9621.36,13535689.049999982
2025-08-01 10:52:03 AM,171.8,1,171.8,13535860.849999983
2025-08-01 10:52:10 AM,171.4,0,0.0,13535860.849999983
2025-08-01 10:52:13 AM,171.4,402,68902.8,13604763.649999984
2025-08-01 10:52:19 AM,171.45,0,0.0,13604763.649999984
2025-08-01 10:52:19 AM,171.45,1,171.45,13604935.099999983
2025-08-01 10:52:25 AM,171.23,0,0.0,13604935.099999983
2025-08-01 10:52:25 AM,171.23,31,5308.13,13610243.229999984
2025-08-01 10:52:33 AM,171.31,0,0.0,13610243.229999984
2025-08-01 10:52:35 AM,171.31,1,171.31,13610414.539999984
2025-08-01 10:52:49 AM,171.3,0,0.0,13610414.539999984
2025-08-01 10:52:51 AM,171.3,1,171.3,13610585.839999985
2025-08-01 10:53:03 AM,171.32,0,0.0,13610585.839999985
2025-08-01 10:53:06 AM,171.32,1,171.32,13610757.159999985
2025-08-01 10:53:18 AM,171.32,2,342.64,13611099.799999986
2025-08-01 10:53:33 AM,171.32,1,171.32,13611271.119999986
2025-08-01 10:53:43 AM,171.13,0,0.0,13611271.119999986
2025-08-01 10:53:44 AM,171.13,28,4791.639999999999,13616062.759999987
2025-08-01 10:53:49 AM,171.26,0,0.0,13616062.759999987
2025-08-01 10:53:49 AM,171.26,1,171.26,13616234.019999987
2025-08-01 10:54:05 AM,171.26,1,171.26,13616405.279999986
2025-08-01 10:54:22 AM,171.26,1,171.26,13616576.539999986
2025-08-01 10:54:33 AM,171.26,2,342.52,13616919.059999986
2025-08-01 10:54:48 AM,171.26,1,171.26,13617090.319999985
2025-08-01 10:54:49 AM,171.07,31,5303.17,13622393.489999985
2025-08-01 10:55:03 AM,171.18,0,0.0,13622393.489999985
2025-08-01 10:55:04 AM,171.18,1,171.18,13622564.669999985
2025-08-01 10:55:19 AM,171.18,1,171.18,13622735.849999985
2025-08-01 10:55:37 AM,171.18,1,171.18,13622907.029999984
2025-08-01 10:55:48 AM,171.17,0,0.0,13622907.029999984
2025-08-01 10:55:48 AM,171.17,1,171.17,13623078.199999984
2025-08-01 10:56:04 AM,171.17,2,342.34,13623420.539999984
2025-08-01 10:56:18 AM,171.18,1,171.18,13623591.719999984
2025-08-01 10:56:34 AM,171.18,1,171.18,13623762.899999984
2025-08-01 10:56:39 AM,171.06,0,0.0,13623762.899999984
2025-08-01 10:56:40 AM,171.06,14,2394.84,13626157.739999983
2025-08-01 10:56:49 AM,171.18,0,0.0,13626157.739999983
2025-08-01 10:56:50 AM,171.18,1,171.18,13626328.919999983
2025-08-01 10:57:06 AM,171.18,1,171.18,13626500.099999983
2025-08-01 10:57:21 AM,171.18,51,8730.18,13635230.279999983
2025-08-01 10:57:34 AM,171.18,2,342.36,13635572.639999982
2025-08-01 10:57:48 AM,171.18,1,171.18,13635743.819999982
2025-08-01 10:58:04 AM,171.18,1,171.18,13635914.999999981
2025-08-01 10:58:17 AM,171.05,0,0.0,13635914.999999981
2025-08-01 10:58:19 AM,171.17,0,0.0,13635914.999999981
2025-08-01 10:58:20 AM,171.17,101,17288.17,13653203.169999981
2025-08-01 10:58:33 AM,171.18,0,0.0,13653203.169999981
2025-08-01 10:58:37 AM,171.18,1,171.18,13653374.349999981
2025-08-01 10:58:48 AM,171.18,2,342.36,13653716.70999998
2025-08-01 10:59:04 AM,171.18,1,171.18,13653887.88999998
2025-08-01 10:59:19 AM,171.18,1,171.18,13654059.06999998
2025-08-01 10:59:19 AM,171.18,1,171.18,13654230.24999998
2025-08-01 10:59:34 AM,171.18,1,171.18,13654401.42999998
2025-08-01 10:59:50 AM,171.18,1,171.18,13654572.609999979
2025-08-01 11:00:05 AM,171.04,0,0.0,13654572.609999979
2025-08-01 11:00:08 AM,171.04,2,342.08,13654914.689999979
2025-08-01 11:00:09 AM,171.03,0,0.0,13654914.689999979
2025-08-01 11:00:13 AM,171.03,5,855.15,13655769.83999998
2025-08-01 11:00:18 AM,171.17,0,0.0,13655769.83999998
2025-08-01 11:00:19 AM,171.17,3,513.51,13656283.34999998
2025-08-01 11:00:35 AM,171.17,1,171.17,13656454.519999979
2025-08-01 11:00:38 AM,171.03,0,0.0,13656454.519999979
2025-08-01 11:00:40 AM,171.03,1,171.03,13656625.549999978
2025-08-01 11:00:48 AM,171.16,0,0.0,13656625.549999978
2025-08-01 11:00:51 AM,171.16,1,171.16,13656796.709999979
2025-08-01 11:00:54 AM,171.02,0,0.0,13656796.709999979
2025-08-01 11:00:56 AM,171.02,1,171.02,13656967.729999978
2025-08-01 11:01:04 AM,171.17,0,0.0,13656967.729999978
2025-08-01 11:01:07 AM,171.17,1,171.17,13657138.899999978
2025-08-01 11:01:12 AM,171.02,0,0.0,13657138.899999978
2025-08-01 11:01:12 AM,171.02,1,171.02,13657309.919999978
2025-08-01 11:01:18 AM,171.17,1,171.17,13657481.089999977
2025-08-01 11:01:28 AM,171.02,0,0.0,13657481.089999977
2025-08-01 11:01:28 AM,171.02,1,171.02,13657652.109999977
2025-08-01 11:01:33 AM,171.17,2,342.34,13657994.449999977
2025-08-01 11:01:45 AM,171.02,1,171.02,13658165.469999976
2025-08-01 11:01:48 AM,171.17,0,0.0,13658165.469999976
2025-08-01 11:01:49 AM,171.17,1,171.17,13658336.639999976
2025-08-01 11:01:55 AM,171.02,50,8551.0,13666887.639999976
2025-08-01 11:02:00 AM,171.02,1,171.02,13667058.659999976
2025-08-01 11:02:04 AM,171.17,0,0.0,13667058.659999976
2025-08-01 11:02:04 AM,171.17,1,171.17,13667229.829999976
2025-08-01 11:02:20 AM,171.02,0,0.0,13667229.829999976
2025-08-01 11:02:20 AM,171.02,2,342.04,13667571.869999975
2025-08-01 11:02:24 AM,171.23,0,0.0,13667571.869999975
2025-08-01 11:02:26 AM,171.23,10,1712.3,13669284.169999976
2025-08-01 11:02:33 AM,171.22,1,171.22,13669455.389999976
2025-08-01 11:02:36 AM,171.02,0,0.0,13669455.389999976
2025-08-01 11:02:38 AM,171.02,1,171.02,13669626.409999976
2025-08-01 11:02:43 AM,171.02,6,1026.1200000000001,13670652.529999975
2025-08-01 11:02:48 AM,171.21,0,0.0,13670652.529999975
2025-08-01 11:02:48 AM,171.21,1,171.21,13670823.739999976
2025-08-01 11:02:54 AM,171.05,1,171.05,13670994.789999977
2025-08-01 11:03:04 AM,171.23,2,342.46,13671337.249999978
2025-08-01 11:03:10 AM,171.06,0,0.0,13671337.249999978
2025-08-01 11:03:10 AM,171.06,1,171.06,13671508.309999978
2025-08-01 11:03:18 AM,171.23,0,0.0,13671508.309999978
2025-08-01 11:03:19 AM,171.23,1,171.23,13671679.539999979
2025-08-01 11:03:28 AM,171.06,0,0.0,13671679.539999979
2025-08-01 11:03:29 AM,171.06,1,171.06,13671850.59999998
2025-08-01 11:03:34 AM,171.23,0,0.0,13671850.59999998
2025-08-01 11:03:34 AM,171.23,1,171.23,13672021.82999998
2025-08-01 11:03:44 AM,171.06,0,0.0,13672021.82999998
2025-08-01 11:03:45 AM,171.06,1,171.06,13672192.88999998
2025-08-01 11:03:48 AM,171.23,1,171.23,13672364.11999998
2025-08-01 11:04:01 AM,171.06,1,171.06,13672535.179999981
2025-08-01 11:04:04 AM,171.23,1,171.23,13672706.409999982
2025-08-01 11:04:19 AM,171.23,3,513.6899999999999,13673220.099999981
2025-08-01 11:04:29 AM,171.1,19,3250.9,13676470.999999981
2025-08-01 11:04:34 AM,171.23,2,342.46,13676813.459999982
2025-08-01 11:04:49 AM,171.24,0,0.0,13676813.459999982
2025-08-01 11:04:50 AM,171.24,31,5308.4400000000005,13682121.899999982
2025-08-01 11:04:52 AM,171.13,0,0.0,13682121.899999982
2025-08-01 11:04:53 AM,171.13,1,171.13,13682293.029999983
2025-08-01 11:05:04 AM,171.24,0,0.0,13682293.029999983
2025-08-01 11:05:04 AM,171.24,1,171.24,13682464.269999983
2025-08-01 11:05:09 AM,171.1,1,171.1,13682635.369999982
2025-08-01 11:05:18 AM,171.24,0,0.0,13682635.369999982
2025-08-01 11:05:20 AM,171.24,1,171.24,13682806.609999983
2025-08-01 11:05:26 AM,171.1,0,0.0,13682806.609999983
2025-08-01 11:05:27 AM,171.1,1,171.1,13682977.709999982
2025-08-01 11:05:29 AM,171.24,0,0.0,13682977.709999982
2025-08-01 11:05:30 AM,171.24,6,1027.44,13684005.149999982
2025-08-01 11:05:35 AM,171.26,0,0.0,13684005.149999982
2025-08-01 11:05:36 AM,171.26,1,171.26,13684176.409999982
2025-08-01 11:05:43 AM,171.1,1,171.1,13684347.509999981
2025-08-01 11:05:48 AM,171.27,2,342.54,13684690.04999998
2025-08-01 11:05:52 AM,171.27,2,342.54,13685032.58999998
2025-08-01 11:05:57 AM,171.27,7,1198.89,13686231.47999998
2025-08-01 11:06:00 AM,171.12,0,0.0,13686231.47999998
2025-08-01 11:06:03 AM,171.27,2,342.54,13686574.019999979
2025-08-01 11:06:17 AM,171.1,0,0.0,13686574.019999979
2025-08-01 11:06:18 AM,171.27,2,342.54,13686916.559999978
2025-08-01 11:06:27 AM,171.1,225,38497.5,13725414.059999978
2025-08-01 11:06:32 AM,171.1,1,171.1,13725585.159999978
2025-08-01 11:06:33 AM,171.28,0,0.0,13725585.159999978
2025-08-01 11:06:33 AM,171.28,1,171.28,13725756.439999977
2025-08-01 11:06:49 AM,171.24,0,0.0,13725756.439999977
2025-08-01 11:06:50 AM,171.24,1,171.24,13725927.679999977
2025-08-01 11:06:51 AM,171.11,0,0.0,13725927.679999977
2025-08-01 11:06:52 AM,171.11,1,171.11,13726098.789999977
2025-08-01 11:07:04 AM,171.29,0,0.0,13726098.789999977
2025-08-01 11:07:06 AM,171.29,2,342.58,13726441.369999977
2025-08-01 11:07:07 AM,171.11,1,171.11,13726612.479999976
2025-08-01 11:07:18 AM,171.26,0,0.0,13726612.479999976
2025-08-01 11:07:18 AM,171.26,1,171.26,13726783.739999976
2025-08-01 11:07:26 AM,171.11,0,0.0,13726783.739999976
2025-08-01 11:07:28 AM,171.11,1,171.11,13726954.849999975
2025-08-01 11:07:33 AM,171.26,1,171.26,13727126.109999975
2025-08-01 11:07:42 AM,171.09,0,0.0,13727126.109999975
2025-08-01 11:07:44 AM,171.09,1,171.09,13727297.199999975
2025-08-01 11:07:48 AM,171.26,0,0.0,13727297.199999975
2025-08-01 11:07:49 AM,171.26,1,171.26,13727468.459999975
2025-08-01 11:08:00 AM,171.0,0,0.0,13727468.459999975
2025-08-01 11:08:00 AM,171.0,2988,510948.0,14238416.459999975
2025-08-01 11:08:04 AM,170.9,0,0.0,14238416.459999975
2025-08-01 11:08:05 AM,170.9,1,170.9,14238587.359999975
2025-08-01 11:08:16 AM,170.82,0,0.0,14238587.359999975
2025-08-01 11:08:16 AM,170.82,1,170.82,14238758.179999975
2025-08-01 11:08:18 AM,170.83,0,0.0,14238758.179999975
2025-08-01 11:08:18 AM,170.83,1,170.83,14238929.009999976
2025-08-01 11:08:34 AM,170.6,3023,515723.8,14754652.809999976
2025-08-01 11:08:48 AM,170.59,0,0.0,14754652.809999976
2025-08-01 11:08:50 AM,170.5,2,341.0,14754993.809999976
2025-08-01 11:08:55 AM,170.5,1,170.5,14755164.309999976
2025-08-01 11:09:01 AM,170.5,5,852.5,14756016.809999976
2025-08-01 11:09:04 AM,170.54,1,170.54,14756187.349999975
2025-08-01 11:09:07 AM,170.5,1,170.5,14756357.849999975
2025-08-01 11:09:18 AM,170.55,0,0.0,14756357.849999975
2025-08-01 11:09:18 AM,170.55,1,170.55,14756528.399999976
2025-08-01 11:09:24 AM,170.5,1,170.5,14756698.899999976
2025-08-01 11:09:31 AM,170.6,0,0.0,14756698.899999976
2025-08-01 11:09:32 AM,170.6,243,41455.799999999996,14798154.699999977
2025-08-01 11:09:34 AM,170.77,1,170.77,14798325.469999976
2025-08-01 11:09:41 AM,170.63,0,0.0,14798325.469999976
2025-08-01 11:09:43 AM,170.63,1,170.63,14798496.099999977
2025-08-01 11:09:48 AM,170.75,1,170.75,14798666.849999977
2025-08-01 11:09:57 AM,170.87,0,0.0,14798666.849999977
2025-08-01 11:09:59 AM,170.87,257,43913.590000000004,14842580.439999977
2025-08-01 11:10:03 AM,170.83,0,0.0,14842580.439999977
2025-08-01 11:10:04 AM,170.83,2,341.66,14842922.099999977
2025-08-01 11:10:15 AM,170.66,0,0.0,14842922.099999977
2025-08-01 11:10:15 AM,170.66,1,170.66,14843092.759999977
2025-08-01 11:10:19 AM,170.82,0,0.0,14843092.759999977
2025-08-01 11:10:20 AM,170.82,1,170.82,14843263.579999978
2025-08-01 11:10:32 AM,170.63,1,170.63,14843434.209999979
2025-08-01 11:10:33 AM,170.82,0,0.0,14843434.209999979
2025-08-01 11:10:36 AM,170.82,1,170.82,14843605.029999979
2025-08-01 11:10:41 AM,170.63,0,0.0,14843605.029999979
2025-08-01 11:10:42 AM,170.63,10,1706.3,14845311.32999998
2025-08-01 11:10:48 AM,170.63,1,170.63,14845481.95999998
2025-08-01 11:10:48 AM,170.79,1,170.79,14845652.74999998
2025-08-01 11:11:04 AM,170.79,1,170.79,14845823.539999979
2025-08-01 11:11:06 AM,170.61,0,0.0,14845823.539999979
2025-08-01 11:11:10 AM,170.61,1,170.61,14845994.149999978
2025-08-01 11:11:19 AM,170.8,0,0.0,14845994.149999978
2025-08-01 11:11:20 AM,170.8,2,341.6,14846335.749999978
2025-08-01 11:11:23 AM,170.61,0,0.0,14846335.749999978
2025-08-01 11:11:26 AM,170.61,1,170.61,14846506.359999977
2025-08-01 11:11:33 AM,170.8,0,0.0,14846506.359999977
2025-08-01 11:11:37 AM,170.8,1,170.8,14846677.159999978
2025-08-01 11:11:41 AM,170.64,0,0.0,14846677.159999978
2025-08-01 11:11:42 AM,170.64,1,170.64,14846847.799999978
2025-08-01 11:11:48 AM,170.8,1,170.8,14847018.59999998
2025-08-01 11:11:57 AM,170.64,0,0.0,14847018.59999998
2025-08-01 11:11:58 AM,170.64,1,170.64,14847189.23999998
2025-08-01 11:11:59 AM,170.63,0,0.0,14847189.23999998
2025-08-01 11:12:03 AM,170.8,0,0.0,14847189.23999998
2025-08-01 11:12:03 AM,170.8,42,7173.6,14854362.83999998
2025-08-01 11:12:14 AM,170.62,1,170.62,14854533.459999979
2025-08-01 11:12:19 AM,170.8,0,0.0,14854533.459999979
2025-08-01 11:12:19 AM,170.8,1,170.8,14854704.25999998
2025-08-01 11:12:31 AM,170.62,1,170.62,14854874.879999978
2025-08-01 11:12:33 AM,170.8,0,0.0,14854874.879999978
2025-08-01 11:12:36 AM,170.8,1,170.8,14855045.67999998
2025-08-01 11:12:51 AM,170.8,3,512.4000000000001,14855558.07999998
2025-08-01 11:12:57 AM,170.8,1,170.8,14855728.87999998
2025-08-01 11:13:05 AM,170.63,0,0.0,14855728.87999998
2025-08-01 11:13:07 AM,170.63,2,341.26,14856070.13999998
2025-08-01 11:13:15 AM,170.64,0,0.0,14856070.13999998
2025-08-01 11:13:18 AM,170.81,12,2049.7200000000003,14858119.85999998
2025-08-01 11:13:21 AM,170.61,0,0.0,14858119.85999998
2025-08-01 11:13:23 AM,170.5,0,0.0,14858119.85999998
2025-08-01 11:13:23 AM,170.5,415,70757.5,14928877.35999998
2025-08-01 11:13:33 AM,170.64,0,0.0,14928877.35999998
2025-08-01 11:13:34 AM,170.64,1,170.64,14929047.999999981
2025-08-01 11:13:40 AM,170.5,0,0.0,14929047.999999981
2025-08-01 11:13:40 AM,170.5,1,170.5,14929218.499999981
2025-08-01 11:13:48 AM,170.64,0,0.0,14929218.499999981
2025-08-01 11:13:50 AM,170.64,1,170.64,14929389.139999982
2025-08-01 11:13:56 AM,170.5,1,170.5,14929559.639999982
2025-08-01 11:14:03 AM,170.64,2,341.28,14929900.919999981
2025-08-01 11:14:14 AM,170.5,0,0.0,14929900.919999981
2025-08-01 11:14:14 AM,170.5,1,170.5,14930071.419999981
2025-08-01 11:14:18 AM,170.63,0,0.0,14930071.419999981
2025-08-01 11:14:18 AM,170.63,1,170.63,14930242.049999982
2025-08-01 11:14:30 AM,170.5,1,170.5,14930412.549999982
2025-08-01 11:14:34 AM,170.64,1,170.64,14930583.189999983
2025-08-01 11:14:50 AM,170.64,2,341.28,14930924.469999982
2025-08-01 11:15:04 AM,170.51,0,0.0,14930924.469999982
2025-08-01 11:15:06 AM,170.51,2,341.02,14931265.489999982
2025-08-01 11:15:18 AM,170.64,0,0.0,14931265.489999982
2025-08-01 11:15:22 AM,170.51,0,0.0,14931265.489999982
2025-08-01 11:15:22 AM,170.51,2,341.02,14931606.509999981
2025-08-01 11:15:33 AM,170.64,2,341.28,14931947.78999998
2025-08-01 11:15:38 AM,170.51,0,0.0,14931947.78999998
2025-08-01 11:15:38 AM,170.51,1,170.51,14932118.29999998
2025-08-01 11:15:48 AM,170.63,0,0.0,14932118.29999998
2025-08-01 11:15:48 AM,170.63,1,170.63,14932288.929999981
2025-08-01 11:15:56 AM,170.53,0,0.0,14932288.929999981
2025-08-01 11:15:58 AM,170.53,1,170.53,14932459.45999998
2025-08-01 11:16:03 AM,170.64,1,170.64,14932630.099999981
2025-08-01 11:16:12 AM,170.53,0,0.0,14932630.099999981
2025-08-01 11:16:14 AM,170.53,1,170.53,14932800.62999998
2025-08-01 11:16:18 AM,170.64,0,0.0,14932800.62999998
2025-08-01 11:16:20 AM,170.64,1,170.64,14932971.26999998
2025-08-01 11:16:30 AM,170.53,0,0.0,14932971.26999998
2025-08-01 11:16:31 AM,170.53,1,170.53,14933141.79999998
2025-08-01 11:16:34 AM,170.64,0,0.0,14933141.79999998
2025-08-01 11:16:36 AM,170.64,1,170.64,14933312.43999998
2025-08-01 11:16:46 AM,170.53,1,170.53,14933482.96999998
2025-08-01 11:16:48 AM,170.64,0,0.0,14933482.96999998
2025-08-01 11:16:51 AM,170.64,2,341.28,14933824.24999998
2025-08-01 11:17:04 AM,170.64,2,341.28,14934165.529999979
2025-08-01 11:17:20 AM,170.55,3,511.65000000000003,14934677.17999998
2025-08-01 11:17:34 AM,170.64,0,0.0,14934677.17999998
2025-08-01 11:17:34 AM,170.64,1,170.64,14934847.81999998
2025-08-01 11:17:38 AM,170.55,0,0.0,14934847.81999998
2025-08-01 11:17:39 AM,170.55,1,170.55,14935018.36999998
2025-08-01 11:17:48 AM,170.64,0,0.0,14935018.36999998
2025-08-01 11:17:50 AM,170.64,1,170.64,14935189.009999981
2025-08-01 11:17:54 AM,170.56,0,0.0,14935189.009999981
2025-08-01 11:17:55 AM,170.56,1,170.56,14935359.569999982
2025-08-01 11:18:03 AM,170.64,0,0.0,14935359.569999982
2025-08-01 11:18:06 AM,170.64,1,170.64,14935530.209999982
2025-08-01 11:18:11 AM,170.55,1,170.55,14935700.759999983
2025-08-01 11:18:18 AM,170.64,0,0.0,14935700.759999983
2025-08-01 11:18:19 AM,170.64,2,341.28,14936042.039999982
2025-08-01 11:18:28 AM,170.55,1,170.55,14936212.589999983
2025-08-01 11:18:33 AM,170.64,1,170.64,14936383.229999984
2025-08-01 11:18:45 AM,170.55,11,1876.0500000000002,14938259.279999984
2025-08-01 11:18:48 AM,170.64,0,0.0,14938259.279999984
2025-08-01 11:18:51 AM,170.64,1,170.64,14938429.919999985
2025-08-01 11:18:54 AM,170.55,0,0.0,14938429.919999985
2025-08-01 11:18:57 AM,170.55,15,2558.25,14940988.169999985
2025-08-01 11:19:03 AM,170.55,1,170.55,14941158.719999986
2025-08-01 11:19:03 AM,170.58,1,170.58,14941329.299999986
2025-08-01 11:19:19 AM,170.55,0,0.0,14941329.299999986
2025-08-01 11:19:20 AM,170.55,2,341.1,14941670.399999985
2025-08-01 11:19:30 AM,170.55,12,2046.6000000000001,14943716.999999985
2025-08-01 11:19:33 AM,170.6,0,0.0,14943716.999999985
2025-08-01 11:19:36 AM,170.55,2,341.1,14944058.099999985
2025-08-01 11:19:41 AM,170.55,10,1705.5,14945763.599999985
2025-08-01 11:19:48 AM,170.59,0,0.0,14945763.599999985
2025-08-01 11:19:52 AM,170.59,87,14841.33,14960604.929999985
2025-08-01 11:19:53 AM,170.55,0,0.0,14960604.929999985
2025-08-01 11:19:57 AM,170.55,1,170.55,14960775.479999986
2025-08-01 11:20:03 AM,170.59,1,170.59,14960946.069999985
2025-08-01 11:20:10 AM,170.55,0,0.0,14960946.069999985
2025-08-01 11:20:13 AM,170.55,1,170.55,14961116.619999986
2025-08-01 11:20:16 AM,170.59,0,0.0,14961116.619999986
2025-08-01 11:20:19 AM,170.59,5,852.95,14961969.569999985
2025-08-01 11:20:27 AM,170.55,0,0.0,14961969.569999985
2025-08-01 11:20:29 AM,170.55,1,170.55,14962140.119999986
2025-08-01 11:20:33 AM,170.59,0,0.0,14962140.119999986
2025-08-01 11:20:34 AM,170.59,21,3582.39,14965722.509999987
2025-08-01 11:20:44 AM,170.55,0,0.0,14965722.509999987
2025-08-01 11:20:45 AM,170.55,1,170.55,14965893.059999987
2025-08-01 11:20:49 AM,170.58,0,0.0,14965893.059999987
2025-08-01 11:20:50 AM,170.58,1,170.58,14966063.639999988
2025-08-01 11:21:01 AM,170.55,0,0.0,14966063.639999988
2025-08-01 11:21:03 AM,170.58,0,0.0,14966063.639999988
2025-08-01 11:21:05 AM,170.58,3,511.74,14966575.379999988
2025-08-01 11:21:12 AM,170.47,0,0.0,14966575.379999988
2025-08-01 11:21:16 AM,170.47,518,88303.46,15054878.839999989
2025-08-01 11:21:18 AM,170.42,0,0.0,15054878.839999989
2025-08-01 11:21:21 AM,170.42,2,340.84,15055219.679999989
2025-08-01 11:21:35 AM,170.35,0,0.0,15055219.679999989
2025-08-01 11:21:37 AM,170.35,1,170.35,15055390.029999988
2025-08-01 11:21:49 AM,170.43,0,0.0,15055390.029999988
2025-08-01 11:21:52 AM,170.42,0,0.0,15055390.029999988
2025-08-01 11:21:52 AM,170.42,2,340.84,15055730.869999988
2025-08-01 11:21:57 AM,170.42,19,3237.9799999999996,15058968.849999988
2025-08-01 11:21:58 AM,170.49,0,0.0,15058968.849999988
2025-08-01 11:21:58 AM,170.49,1135,193506.15000000002,15252474.999999989
2025-08-01 11:22:03 AM,170.72,1,170.72,15252645.71999999
2025-08-01 11:22:09 AM,170.56,0,0.0,15252645.71999999
2025-08-01 11:22:12 AM,170.71,0,0.0,15252645.71999999
2025-08-01 11:22:13 AM,170.71,2,341.42,15252987.13999999
2025-08-01 11:22:18 AM,170.72,0,0.0,15252987.13999999
2025-08-01 11:22:19 AM,170.72,1,170.72,15253157.85999999
2025-08-01 11:22:26 AM,170.56,0,0.0,15253157.85999999
2025-08-01 11:22:29 AM,170.56,1,170.56,15253328.41999999
2025-08-01 11:22:33 AM,170.74,0,0.0,15253328.41999999
2025-08-01 11:22:35 AM,170.74,2,341.48,15253669.899999991
2025-08-01 11:22:43 AM,170.58,0,0.0,15253669.899999991
2025-08-01 11:22:45 AM,170.58,1,170.58,15253840.479999991
2025-08-01 11:22:48 AM,170.72,0,0.0,15253840.479999991
2025-08-01 11:22:51 AM,170.72,1,170.72,15254011.199999992
2025-08-01 11:23:00 AM,170.56,0,0.0,15254011.199999992
2025-08-01 11:23:01 AM,170.56,1,170.56,15254181.759999992
2025-08-01 11:23:03 AM,170.74,0,0.0,15254181.759999992
2025-08-01 11:23:06 AM,170.74,1,170.74,15254352.499999993
2025-08-01 11:23:17 AM,170.57,0,0.0,15254352.499999993
2025-08-01 11:23:17 AM,170.57,11,1876.27,15256228.769999992
2025-08-01 11:23:19 AM,170.73,0,0.0,15256228.769999992
2025-08-01 11:23:22 AM,170.73,1,170.73,15256399.499999993
2025-08-01 11:23:33 AM,170.71,1,170.71,15256570.209999993
2025-08-01 11:23:34 AM,170.59,0,0.0,15256570.209999993
2025-08-01 11:23:38 AM,170.59,1,170.59,15256740.799999993
2025-08-01 11:23:48 AM,170.67,2,341.34,15257082.139999993
2025-08-01 11:23:51 AM,170.58,0,0.0,15257082.139999993
2025-08-01 11:23:53 AM,170.58,1,170.58,15257252.719999993
2025-08-01 11:24:03 AM,170.68,0,0.0,15257252.719999993
2025-08-01 11:24:07 AM,170.68,1,170.68,15257423.399999993
2025-08-01 11:24:08 AM,170.58,1,170.58,15257593.979999993
2025-08-01 11:24:18 AM,170.68,1,170.68,15257764.659999993
2025-08-01 11:24:21 AM,170.58,0,0.0,15257764.659999993
2025-08-01 11:24:23 AM,170.58,51,8699.58,15266464.239999993
2025-08-01 11:24:33 AM,170.68,0,0.0,15266464.239999993
2025-08-01 11:24:34 AM,170.68,1,170.68,15266634.919999992
2025-08-01 11:24:42 AM,170.58,0,0.0,15266634.919999992
2025-08-01 11:24:45 AM,170.58,1,170.58,15266805.499999993
2025-08-01 11:24:49 AM,170.68,0,0.0,15266805.499999993
2025-08-01 11:24:50 AM,170.68,1,170.68,15266976.179999992
2025-08-01 11:24:59 AM,170.58,0,0.0,15266976.179999992
2025-08-01 11:25:01 AM,170.58,1,170.58,15267146.759999992
2025-08-01 11:25:04 AM,170.68,0,0.0,15267146.759999992
2025-08-01 11:25:06 AM,170.68,199,33965.32,15301112.079999993
2025-08-01 11:25:16 AM,170.57,0,0.0,15301112.079999993
2025-08-01 11:25:17 AM,170.57,1,170.57,15301282.649999993
2025-08-01 11:25:18 AM,170.67,0,0.0,15301282.649999993
2025-08-01 11:25:21 AM,170.53,0,0.0,15301282.649999993
2025-08-01 11:25:21 AM,170.53,13,2216.89,15303499.539999994
2025-08-01 11:25:31 AM,170.73,0,0.0,15303499.539999994
2025-08-01 11:25:32 AM,170.73,198,33804.54,15337304.079999993
2025-08-01 11:25:37 AM,170.73,2,341.46,15337645.539999994
2025-08-01 11:25:48 AM,170.73,1,170.73,15337816.269999994
2025-08-01 11:25:50 AM,170.59,0,0.0,15337816.269999994
2025-08-01 11:25:53 AM,170.59,1,170.59,15337986.859999994
2025-08-01 11:25:58 AM,170.73,99,16902.27,15354889.129999993
2025-08-01 11:26:03 AM,170.69,0,0.0,15354889.129999993
2025-08-01 11:26:04 AM,170.69,1,170.69,15355059.819999993
2025-08-01 11:26:07 AM,170.55,0,0.0,15355059.819999993
2025-08-01 11:26:08 AM,170.55,2,341.1,15355400.919999992
2025-08-01 11:26:18 AM,170.69,0,0.0,15355400.919999992
2025-08-01 11:26:18 AM,170.69,1,170.69,15355571.609999992
2025-08-01 11:26:23 AM,170.51,1,170.51,15355742.119999992
2025-08-01 11:26:33 AM,170.68,0,0.0,15355742.119999992
2025-08-01 11:26:34 AM,170.68,2,341.36,15356083.479999991
2025-08-01 11:26:41 AM,170.55,0,0.0,15356083.479999991
2025-08-01 11:26:44 AM,170.55,1,170.55,15356254.029999992
2025-08-01 11:26:48 AM,170.69,0,0.0,15356254.029999992
2025-08-01 11:26:49 AM,170.69,1,170.69,15356424.719999991
2025-08-01 11:26:58 AM,170.54,0,0.0,15356424.719999991
2025-08-01 11:26:59 AM,170.54,1,170.54,15356595.25999999
2025-08-01 11:27:03 AM,170.67,0,0.0,15356595.25999999
2025-08-01 11:27:04 AM,170.67,1,170.67,15356765.92999999
2025-08-01 11:27:10 AM,170.5,0,0.0,15356765.92999999
2025-08-01 11:27:10 AM,170.5,67,11423.5,15368189.42999999
2025-08-01 11:27:15 AM,170.4,0,0.0,15368189.42999999
2025-08-01 11:27:16 AM,170.4,1,170.4,15368359.82999999
2025-08-01 11:27:19 AM,170.55,0,0.0,15368359.82999999
2025-08-01 11:27:19 AM,170.55,1,170.55,15368530.379999992
2025-08-01 11:27:26 AM,170.65,0,0.0,15368530.379999992
2025-08-01 11:27:26 AM,170.65,167,28498.55,15397028.929999992
2025-08-01 11:27:32 AM,170.45,0,0.0,15397028.929999992
2025-08-01 11:27:33 AM,170.64,0,0.0,15397028.929999992
2025-08-01 11:27:35 AM,170.64,2,341.28,15397370.209999992
2025-08-01 11:27:48 AM,170.63,0,0.0,15397370.209999992
2025-08-01 11:27:49 AM,170.45,0,0.0,15397370.209999992
2025-08-01 11:27:50 AM,170.45,2,340.9,15397711.109999992
2025-08-01 11:28:03 AM,170.64,0,0.0,15397711.109999992
2025-08-01 11:28:06 AM,170.45,3,511.34999999999997,15398222.459999992
2025-08-01 11:28:18 AM,170.63,1,170.63,15398393.089999992
2025-08-01 11:28:23 AM,170.45,0,0.0,15398393.089999992
2025-08-01 11:28:23 AM,170.45,1,170.45,15398563.539999992
2025-08-01 11:28:28 AM,170.42,0,0.0,15398563.539999992
2025-08-01 11:28:29 AM,170.42,36,6135.12,15404698.65999999
2025-08-01 11:28:33 AM,170.44,0,0.0,15404698.65999999
2025-08-01 11:28:34 AM,170.44,1,170.44,15404869.09999999
2025-08-01 11:28:39 AM,170.44,1,170.44,15405039.53999999
2025-08-01 11:28:40 AM,170.4,0,0.0,15405039.53999999
2025-08-01 11:28:42 AM,170.4,1,170.4,15405209.93999999
2025-08-01 11:28:44 AM,170.4,49,8349.6,15413559.53999999
2025-08-01 11:28:48 AM,170.44,0,0.0,15413559.53999999
2025-08-01 11:28:49 AM,170.44,1,170.44,15413729.97999999
2025-08-01 11:28:57 AM,170.4,1,170.4,15413900.37999999
2025-08-01 11:29:02 AM,170.4,49,8349.6,15422249.97999999
2025-08-01 11:29:04 AM,170.4,1,170.4,15422420.37999999
2025-08-01 11:29:12 AM,170.4,20,3408.0,15425828.37999999
2025-08-01 11:29:14 AM,170.35,0,0.0,15425828.37999999
2025-08-01 11:29:15 AM,170.35,1,170.35,15425998.72999999
2025-08-01 11:29:18 AM,170.4,2,340.8,15426339.52999999
2025-08-01 11:29:31 AM,170.35,0,0.0,15426339.52999999
2025-08-01 11:29:31 AM,170.35,1,170.35,15426509.87999999
2025-08-01 11:29:33 AM,170.3,0,0.0,15426509.87999999
2025-08-01 11:29:33 AM,170.3,247,42064.100000000006,15468573.97999999
2025-08-01 11:29:48 AM,170.22,0,0.0,15468573.97999999
2025-08-01 11:29:49 AM,170.3,0,0.0,15468573.97999999
2025-08-01 11:29:49 AM,170.3,2,340.6,15468914.579999989
2025-08-01 11:30:02 AM,170.22,27,4595.94,15473510.519999988
2025-08-01 11:30:03 AM,170.3,0,0.0,15473510.519999988
2025-08-01 11:30:05 AM,170.3,2,340.6,15473851.119999988
2025-08-01 11:30:18 AM,170.28,0,0.0,15473851.119999988
2025-08-01 11:30:21 AM,170.28,1,170.28,15474021.399999987
2025-08-01 11:30:22 AM,170.12,0,0.0,15474021.399999987
2025-08-01 11:30:23 AM,170.12,1,170.12,15474191.519999987
2025-08-01 11:30:26 AM,170.22,0,0.0,15474191.519999987
2025-08-01 11:30:28 AM,170.22,256,43576.32,15517767.839999987
2025-08-01 11:30:34 AM,170.21,0,0.0,15517767.839999987
2025-08-01 11:30:36 AM,170.21,1,170.21,15517938.049999988
2025-08-01 11:30:40 AM,170.04,0,0.0,15517938.049999988
2025-08-01 11:30:40 AM,170.04,1,170.04,15518108.089999987
2025-08-01 11:30:48 AM,170.21,0,0.0,15518108.089999987
2025-08-01 11:30:50 AM,170.21,2,340.42,15518448.509999987
2025-08-01 11:30:56 AM,170.04,0,0.0,15518448.509999987
2025-08-01 11:30:58 AM,170.04,1,170.04,15518618.549999986
2025-08-01 11:31:02 AM,170.0,0,0.0,15518618.549999986
2025-08-01 11:31:03 AM,170.17,51,8678.67,15527297.219999986
2025-08-01 11:31:13 AM,170.17,37,6296.29,15533593.509999985
2025-08-01 11:31:15 AM,170.18,0,0.0,15533593.509999985
2025-08-01 11:31:15 AM,170.18,54,9189.720000000001,15542783.229999986
2025-08-01 11:31:18 AM,170.3,0,0.0,15542783.229999986
2025-08-01 11:31:18 AM,170.3,1,170.3,15542953.529999986
2025-08-01 11:31:20 AM,170.3,81,13794.300000000001,15556747.829999987
2025-08-01 11:31:22 AM,170.47,0,0.0,15556747.829999987
2025-08-01 11:31:24 AM,170.81,375,64053.75,15620801.579999987
2025-08-01 11:31:26 AM,171.05,77,13170.85,15633972.429999987
2025-08-01 11:31:28 AM,171.26,0,0.0,15633972.429999987
2025-08-01 11:31:29 AM,171.26,230,39389.799999999996,15673362.229999987
2025-08-01 11:31:30 AM,170.91,0,0.0,15673362.229999987
2025-08-01 11:31:31 AM,170.91,1,170.91,15673533.139999988
2025-08-01 11:31:33 AM,171.16,0,0.0,15673533.139999988
2025-08-01 11:31:34 AM,171.16,1,171.16,15673704.299999988
2025-08-01 11:31:39 AM,170.9,190,32471.0,15706175.299999988
2025-08-01 11:31:40 AM,171.09,0,0.0,15706175.299999988
2025-08-01 11:31:41 AM,171.09,363,62105.67,15768280.969999988
2025-08-01 11:31:43 AM,171.44,0,0.0,15768280.969999988
2025-08-01 11:31:44 AM,171.44,358,61375.52,15829656.489999987
2025-08-01 11:31:47 AM,171.17,0,0.0,15829656.489999987
2025-08-01 11:31:48 AM,171.43,0,0.0,15829656.489999987
2025-08-01 11:31:49 AM,171.43,2,342.86,15829999.349999987
2025-08-01 11:32:03 AM,171.07,0,0.0,15829999.349999987
2025-08-01 11:32:04 AM,170.7,0,0.0,15829999.349999987
2025-08-01 11:32:04 AM,170.7,267,45576.899999999994,15875576.249999987
2025-08-01 11:32:18 AM,171.01,0,0.0,15875576.249999987
2025-08-01 11:32:21 AM,170.66,101,17236.66,15892812.909999987
2025-08-01 11:32:33 AM,170.66,1,170.66,15892983.569999987
2025-08-01 11:32:38 AM,170.52,1,170.52,15893154.089999987
2025-08-01 11:32:48 AM,170.71,0,0.0,15893154.089999987
2025-08-01 11:32:51 AM,170.71,1,170.71,15893324.799999988
2025-08-01 11:32:55 AM,170.53,0,0.0,15893324.799999988
2025-08-01 11:32:57 AM,170.53,1,170.53,15893495.329999987
2025-08-01 11:33:03 AM,170.69,1,170.69,15893666.019999987
2025-08-01 11:33:12 AM,170.55,0,0.0,15893666.019999987
2025-08-01 11:33:13 AM,170.55,1,170.55,15893836.569999987
2025-08-01 11:33:14 AM,170.73,90,15365.699999999999,15909202.269999987
2025-08-01 11:33:18 AM,170.87,0,0.0,15909202.269999987
2025-08-01 11:33:19 AM,170.87,1,170.87,15909373.139999986
2025-08-01 11:33:29 AM,170.7,0,0.0,15909373.139999986
2025-08-01 11:33:33 AM,170.86,3,512.58,15909885.719999986
2025-08-01 11:33:46 AM,170.69,0,0.0,15909885.719999986
2025-08-01 11:33:48 AM,170.86,0,0.0,15909885.719999986
2025-08-01 11:33:48 AM,170.86,2,341.72,15910227.439999986
2025-08-01 11:34:03 AM,170.87,0,0.0,15910227.439999986
2025-08-01 11:34:03 AM,170.87,2,341.74,15910569.179999987
2025-08-01 11:34:19 AM,170.87,1,170.87,15910740.049999986
2025-08-01 11:34:20 AM,170.7,0,0.0,15910740.049999986
2025-08-01 11:34:24 AM,170.7,1,170.7,15910910.749999985
2025-08-01 11:34:34 AM,170.86,1,170.86,15911081.609999985
2025-08-01 11:34:37 AM,170.69,0,0.0,15911081.609999985
2025-08-01 11:34:39 AM,170.69,1,170.69,15911252.299999984
2025-08-01 11:34:48 AM,170.85,0,0.0,15911252.299999984
2025-08-01 11:34:50 AM,170.85,2,341.7,15911593.999999983
2025-08-01 11:34:54 AM,170.69,0,0.0,15911593.999999983
2025-08-01 11:34:55 AM,170.69,2,341.38,15911935.379999984
2025-08-01 11:35:03 AM,170.86,0,0.0,15911935.379999984
2025-08-01 11:35:06 AM,170.86,1,170.86,15912106.239999983
2025-08-01 11:35:11 AM,170.71,1,170.71,15912276.949999984
2025-08-01 11:35:18 AM,170.85,0,0.0,15912276.949999984
2025-08-01 11:35:22 AM,170.85,1,170.85,15912447.799999984
2025-08-01 11:35:28 AM,170.7,0,0.0,15912447.799999984
2025-08-01 11:35:33 AM,170.85,2,341.7,15912789.499999983
2025-08-01 11:35:45 AM,170.71,0,0.0,15912789.499999983
2025-08-01 11:35:48 AM,170.85,0,0.0,15912789.499999983
2025-08-01 11:35:48 AM,170.85,2,341.7,15913131.199999982
2025-08-01 11:36:02 AM,170.68,0,0.0,15913131.199999982
2025-08-01 11:36:03 AM,170.83,2,341.66,15913472.859999983
2025-08-01 11:36:19 AM,170.69,1,170.69,15913643.549999982
2025-08-01 11:36:33 AM,170.84,0,0.0,15913643.549999982
2025-08-01 11:36:34 AM,170.84,1,170.84,15913814.389999982
2025-08-01 11:36:36 AM,170.69,0,0.0,15913814.389999982
2025-08-01 11:36:39 AM,170.69,1,170.69,15913985.079999981
2025-08-01 11:36:48 AM,170.82,0,0.0,15913985.079999981
2025-08-01 11:36:50 AM,170.82,1,170.82,15914155.899999982
2025-08-01 11:36:53 AM,170.68,0,0.0,15914155.899999982
2025-08-01 11:36:55 AM,170.68,1,170.68,15914326.579999981
2025-08-01 11:37:03 AM,170.82,0,0.0,15914326.579999981
2025-08-01 11:37:06 AM,170.82,1,170.82,15914497.399999982
2025-08-01 11:37:10 AM,170.68,0,0.0,15914497.399999982
2025-08-01 11:37:11 AM,170.68,1,170.68,15914668.079999981
2025-08-01 11:37:18 AM,170.82,0,0.0,15914668.079999981
2025-08-01 11:37:22 AM,170.82,1,170.82,15914838.899999982
2025-08-01 11:37:27 AM,170.67,0,0.0,15914838.899999982
2025-08-01 11:37:27 AM,170.67,1,170.67,15915009.569999982
2025-08-01 11:37:34 AM,170.82,0,0.0,15915009.569999982
2025-08-01 11:37:38 AM,170.82,2,341.64,15915351.209999982
2025-08-01 11:37:44 AM,170.67,0,0.0,15915351.209999982
2025-08-01 11:37:48 AM,170.81,2,341.62,15915692.829999981
2025-08-01 11:37:58 AM,170.82,16,2733.12,15918425.94999998
2025-08-01 11:37:59 AM,170.83,0,0.0,15918425.94999998
2025-08-01 11:38:03 AM,170.96,2,341.92,15918767.86999998
2025-08-01 11:38:08 AM,170.96,627,107191.92,16025959.78999998
2025-08-01 11:38:18 AM,171.04,2,342.08,16026301.86999998
2025-08-01 11:38:35 AM,170.96,0,0.0,16026301.86999998
2025-08-01 11:38:38 AM,170.96,1,170.96,16026472.829999981
2025-08-01 11:38:48 AM,171.04,0,0.0,16026472.829999981
2025-08-01 11:38:48 AM,171.04,1,171.04,16026643.86999998
2025-08-01 11:38:52 AM,170.96,0,0.0,16026643.86999998
2025-08-01 11:38:53 AM,170.96,1,170.96,16026814.829999981
2025-08-01 11:39:03 AM,171.05,0,0.0,16026814.829999981
2025-08-01 11:39:03 AM,171.05,2,342.1,16027156.929999981
2025-08-01 11:39:09 AM,170.96,0,0.0,16027156.929999981
2025-08-01 11:39:09 AM,170.96,1,170.96,16027327.889999982
2025-08-01 11:39:18 AM,171.02,0,0.0,16027327.889999982
2025-08-01 11:39:18 AM,171.02,370,63277.4,16090605.289999982
2025-08-01 11:39:26 AM,170.81,0,0.0,16090605.289999982
2025-08-01 11:39:28 AM,170.81,1,170.81,16090776.099999983
2025-08-01 11:39:33 AM,170.99,0,0.0,16090776.099999983
2025-08-01 11:39:33 AM,170.99,1,170.99,16090947.089999983
2025-08-01 11:39:41 AM,170.99,4,683.96,16091631.049999984
2025-08-01 11:39:44 AM,170.82,0,0.0,16091631.049999984
2025-08-01 11:39:45 AM,170.82,1,170.82,16091801.869999984
2025-08-01 11:39:48 AM,170.99,0,0.0,16091801.869999984
2025-08-01 11:39:51 AM,170.99,1,170.99,16091972.859999985
2025-08-01 11:39:56 AM,170.83,0,0.0,16091972.859999985
2025-08-01 11:39:56 AM,170.83,1,170.83,16092143.689999985
2025-08-01 11:40:01 AM,170.83,1,170.83,16092314.519999985
2025-08-01 11:40:04 AM,170.98,0,0.0,16092314.519999985
2025-08-01 11:40:06 AM,170.98,1,170.98,16092485.499999985
2025-08-01 11:40:16 AM,170.8,0,0.0,16092485.499999985
2025-08-01 11:40:16 AM,170.8,239,40821.200000000004,16133306.699999984
2025-08-01 11:40:18 AM,170.93,0,0.0,16133306.699999984
2025-08-01 11:40:21 AM,170.93,2,341.86,16133648.559999984
2025-08-01 11:40:33 AM,170.92,0,0.0,16133648.559999984
2025-08-01 11:40:34 AM,170.8,0,0.0,16133648.559999984
2025-08-01 11:40:36 AM,170.8,2,341.6,16133990.159999983
2025-08-01 11:40:48 AM,170.92,0,0.0,16133990.159999983
2025-08-01 11:40:51 AM,170.8,0,0.0,16133990.159999983
2025-08-01 11:40:52 AM,170.8,2,341.6,16134331.759999983
2025-08-01 11:40:54 AM,170.93,0,0.0,16134331.759999983
2025-08-01 11:40:57 AM,170.93,1,170.93,16134502.689999983
2025-08-01 11:41:07 AM,170.93,1,170.93,16134673.619999982
2025-08-01 11:41:08 AM,170.81,0,0.0,16134673.619999982
2025-08-01 11:41:08 AM,170.81,1,170.81,16134844.429999983
2025-08-01 11:41:10 AM,170.93,0,0.0,16134844.429999983
2025-08-01 11:41:12 AM,170.93,10,1709.3000000000002,16136553.729999984
2025-08-01 11:41:17 AM,170.87,4,683.48,16137237.209999984
2025-08-01 11:41:18 AM,171.0,1,171.0,16137408.209999984
2025-08-01 11:41:26 AM,170.84,0,0.0,16137408.209999984
2025-08-01 11:41:27 AM,170.84,1,170.84,16137579.049999984
2025-08-01 11:41:34 AM,171.01,0,0.0,16137579.049999984
2025-08-01 11:41:37 AM,171.01,1,171.01,16137750.059999984
2025-08-01 11:41:42 AM,170.84,0,0.0,16137750.059999984
2025-08-01 11:41:42 AM,170.84,1,170.84,16137920.899999984
2025-08-01 11:41:48 AM,171.03,0,0.0,16137920.899999984
2025-08-01 11:41:53 AM,171.03,2,342.06,16138262.959999984
2025-08-01 11:42:00 AM,170.87,0,0.0,16138262.959999984
2025-08-01 11:42:03 AM,171.02,2,342.04,16138604.999999983
2025-08-01 11:42:16 AM,170.85,0,0.0,16138604.999999983
2025-08-01 11:42:18 AM,171.03,2,342.06,16138947.059999984
2025-08-01 11:42:34 AM,171.02,2,342.04,16139289.099999983
2025-08-01 11:42:50 AM,170.85,2,341.7,16139630.799999982
2025-08-01 11:43:04 AM,171.02,0,0.0,16139630.799999982
2025-08-01 11:43:05 AM,171.02,2,342.04,16139972.839999981
2025-08-01 11:43:08 AM,170.83,0,0.0,16139972.839999981
2025-08-01 11:43:11 AM,170.83,1,170.83,16140143.669999981
2025-08-01 11:43:18 AM,171.02,0,0.0,16140143.669999981
2025-08-01 11:43:22 AM,171.02,1,171.02,16140314.68999998
2025-08-01 11:43:24 AM,170.82,0,0.0,16140314.68999998
2025-08-01 11:43:26 AM,171.05,0,0.0,16140314.68999998
2025-08-01 11:43:27 AM,171.05,2550,436177.5,16576492.18999998
2025-08-01 11:43:34 AM,171.31,0,0.0,16576492.18999998
2025-08-01 11:43:37 AM,171.31,1,171.31,16576663.499999981
2025-08-01 11:43:42 AM,171.12,0,0.0,16576663.499999981
2025-08-01 11:43:42 AM,171.12,2,342.24,16577005.739999982
2025-08-01 11:43:46 AM,171.07,0,0.0,16577005.739999982
2025-08-01 11:43:48 AM,171.07,57,9750.99,16586756.729999982
2025-08-01 11:43:48 AM,171.3,0,0.0,16586756.729999982
2025-08-01 11:43:53 AM,171.3,1,171.3,16586928.029999983
2025-08-01 11:43:58 AM,170.97,1,170.97,16587098.999999983
2025-08-01 11:44:03 AM,171.3,1,171.3,16587270.299999984
2025-08-01 11:44:15 AM,170.93,0,0.0,16587270.299999984
2025-08-01 11:44:15 AM,170.93,1,170.93,16587441.229999984
2025-08-01 11:44:19 AM,171.23,0,0.0,16587441.229999984
2025-08-01 11:44:21 AM,171.23,2,342.46,16587783.689999985
2025-08-01 11:44:32 AM,170.94,0,0.0,16587783.689999985
2025-08-01 11:44:33 AM,171.19,2,342.38,16588126.069999985
2025-08-01 11:44:49 AM,170.81,63,10761.03,16598887.099999985
2025-08-01 11:45:05 AM,171.09,1,171.09,16599058.189999985
2025-08-01 11:45:07 AM,170.82,0,0.0,16599058.189999985
2025-08-01 11:45:11 AM,170.82,1,170.82,16599229.009999985
2025-08-01 11:45:18 AM,171.09,0,0.0,16599229.009999985
2025-08-01 11:45:21 AM,171.09,1,171.09,16599400.099999985
2025-08-01 11:45:23 AM,170.82,0,0.0,16599400.099999985
2025-08-01 11:45:27 AM,170.82,1,170.82,16599570.919999985
2025-08-01 11:45:33 AM,171.0,0,0.0,16599570.919999985
2025-08-01 11:45:37 AM,171.0,1,171.0,16599741.919999985
2025-08-01 11:45:40 AM,170.8,0,0.0,16599741.919999985
2025-08-01 11:45:42 AM,170.8,227,38771.600000000006,16638513.519999985
2025-08-01 11:45:48 AM,170.99,2,341.98,16638855.499999985
2025-08-01 11:45:57 AM,170.69,0,0.0,16638855.499999985
2025-08-01 11:45:59 AM,170.69,1,170.69,16639026.189999985
2025-08-01 11:46:01 AM,170.68,0,0.0,16639026.189999985
2025-08-01 11:46:03 AM,170.99,0,0.0,16639026.189999985
2025-08-01 11:46:04 AM,170.99,62,10601.380000000001,16649627.569999985
2025-08-01 11:46:14 AM,170.65,0,0.0,16649627.569999985
2025-08-01 11:46:15 AM,170.65,1,170.65,16649798.219999986
2025-08-01 11:46:18 AM,170.99,0,0.0,16649798.219999986
2025-08-01 11:46:20 AM,170.99,1,170.99,16649969.209999986
2025-08-01 11:46:31 AM,170.65,1,170.65,16650139.859999986
2025-08-01 11:46:34 AM,170.9,0,0.0,16650139.859999986
2025-08-01 11:46:36 AM,170.9,1,170.9,16650310.759999987
2025-08-01 11:46:52 AM,170.9,2,341.8,16650652.559999987
2025-08-01 11:46:57 AM,170.9,40,6836.0,16657488.559999987
2025-08-01 11:46:58 AM,170.69,18,3072.42,16660560.979999987
2025-08-01 11:47:03 AM,170.89,0,0.0,16660560.979999987
2025-08-01 11:47:03 AM,170.89,3,512.67,16661073.649999987
2025-08-01 11:47:14 AM,170.72,0,0.0,16661073.649999987
2025-08-01 11:47:18 AM,170.72,46,7853.12,16668926.769999987
2025-08-01 11:47:18 AM,170.84,0,0.0,16668926.769999987
2025-08-01 11:47:18 AM,170.84,1,170.84,16669097.609999986
2025-08-01 11:47:22 AM,170.67,0,0.0,16669097.609999986
2025-08-01 11:47:23 AM,170.67,1,170.67,16669268.279999986
2025-08-01 11:47:28 AM,170.63,10,1706.3,16670974.579999987
2025-08-01 11:47:33 AM,170.8,0,0.0,16670974.579999987
2025-08-01 11:47:34 AM,170.8,1,170.8,16671145.379999988
2025-08-01 11:47:39 AM,170.68,0,0.0,16671145.379999988
2025-08-01 11:47:43 AM,170.68,1,170.68,16671316.059999987
2025-08-01 11:47:48 AM,170.82,1,170.82,16671486.879999988
2025-08-01 11:47:56 AM,170.67,0,0.0,16671486.879999988
2025-08-01 11:47:59 AM,170.67,1,170.67,16671657.549999988
2025-08-01 11:48:04 AM,170.78,1,170.78,16671828.329999987
2025-08-01 11:48:13 AM,170.57,0,0.0,16671828.329999987
2025-08-01 11:48:14 AM,170.53,65,11084.45,16682912.779999986
2025-08-01 11:48:18 AM,170.58,0,0.0,16682912.779999986
2025-08-01 11:48:19 AM,170.58,1,170.58,16683083.359999986
2025-08-01 11:48:30 AM,170.41,0,0.0,16683083.359999986
2025-08-01 11:48:33 AM,170.57,0,0.0,16683083.359999986
2025-08-01 11:48:34 AM,170.57,3,511.71,16683595.069999987
2025-08-01 11:48:47 AM,170.4,0,0.0,16683595.069999987
2025-08-01 11:48:48 AM,170.54,0,0.0,16683595.069999987
2025-08-01 11:48:49 AM,170.54,2,341.08,16683936.149999987
2025-08-01 11:48:53 AM,170.35,0,0.0,16683936.149999987
2025-08-01 11:48:54 AM,170.45,195,33237.75,16717173.899999987
2025-08-01 11:49:03 AM,170.47,0,0.0,16717173.899999987
2025-08-01 11:49:04 AM,170.47,33,5625.51,16722799.409999987
2025-08-01 11:49:18 AM,170.6,0,0.0,16722799.409999987
2025-08-01 11:49:20 AM,170.6,1,170.6,16722970.009999987
2025-08-01 11:49:21 AM,170.46,0,0.0,16722970.009999987
2025-08-01 11:49:25 AM,170.46,1,170.46,16723140.469999988
2025-08-01 11:49:34 AM,170.59,0,0.0,16723140.469999988
2025-08-01 11:49:36 AM,170.59,1,170.59,16723311.059999987
2025-08-01 11:49:38 AM,170.47,0,0.0,16723311.059999987
2025-08-01 11:49:41 AM,170.47,1,170.47,16723481.529999988
2025-08-01 11:49:48 AM,170.6,0,0.0,16723481.529999988
2025-08-01 11:49:51 AM,170.6,2,341.2,16723822.729999987
2025-08-01 11:49:55 AM,170.46,0,0.0,16723822.729999987
2025-08-01 11:49:57 AM,170.46,1,170.46,16723993.189999988
2025-08-01 11:50:03 AM,170.6,0,0.0,16723993.189999988
2025-08-01 11:50:07 AM,170.6,1,170.6,16724163.789999988
2025-08-01 11:50:12 AM,170.48,1,170.48,16724334.269999988
2025-08-01 11:50:18 AM,170.6,0,0.0,16724334.269999988
2025-08-01 11:50:23 AM,170.6,1,170.6,16724504.869999988
2025-08-01 11:50:29 AM,170.4,0,0.0,16724504.869999988
2025-08-01 11:50:33 AM,170.4,1,170.4,16724675.269999988
2025-08-01 11:50:34 AM,170.55,0,0.0,16724675.269999988
2025-08-01 11:50:38 AM,170.55,1,170.55,16724845.81999999
2025-08-01 11:50:46 AM,170.4,0,0.0,16724845.81999999
2025-08-01 11:50:48 AM,170.4,1,170.4,16725016.21999999
2025-08-01 11:50:48 AM,170.55,0,0.0,16725016.21999999
2025-08-01 11:50:52 AM,170.55,1,170.55,16725186.76999999
2025-08-01 11:51:07 AM,170.55,3,511.65000000000003,16725698.41999999
2025-08-01 11:51:20 AM,170.4,0,0.0,16725698.41999999
2025-08-01 11:51:22 AM,170.4,1,170.4,16725868.819999991
2025-08-01 11:51:33 AM,170.56,0,0.0,16725868.819999991
2025-08-01 11:51:37 AM,170.4,2,340.8,16726209.619999992
2025-08-01 11:51:48 AM,170.56,0,0.0,16726209.619999992
2025-08-01 11:51:52 AM,170.56,1,170.56,16726380.179999992
2025-08-01 11:51:54 AM,170.4,0,0.0,16726380.179999992
2025-08-01 11:51:57 AM,170.4,1,170.4,16726550.579999993
2025-08-01 11:52:03 AM,170.56,0,0.0,16726550.579999993
2025-08-01 11:52:07 AM,170.56,1,170.56,16726721.139999993
2025-08-01 11:52:11 AM,170.4,0,0.0,16726721.139999993
2025-08-01 11:52:12 AM,170.4,1,170.4,16726891.539999994
2025-08-01 11:52:18 AM,170.56,1,170.56,16727062.099999994
2025-08-01 11:52:28 AM,170.39,2,340.78,16727402.879999993
2025-08-01 11:52:33 AM,170.55,0,0.0,16727402.879999993
2025-08-01 11:52:33 AM,170.55,2,341.1,16727743.979999993
2025-08-01 11:52:45 AM,170.42,0,0.0,16727743.979999993
2025-08-01 11:52:47 AM,170.42,1,170.42,16727914.399999993
2025-08-01 11:52:48 AM,170.55,0,0.0,16727914.399999993
2025-08-01 11:52:48 AM,170.55,1,170.55,16728084.949999994
2025-08-01 11:53:02 AM,170.43,1,170.43,16728255.379999993
2025-08-01 11:53:03 AM,170.55,0,0.0,16728255.379999993
2025-08-01 11:53:03 AM,170.55,1,170.55,16728425.929999994
2025-08-01 11:53:19 AM,170.43,2,340.86,16728766.789999994
2025-08-01 11:53:33 AM,170.64,0,0.0,16728766.789999994
2025-08-01 11:53:33 AM,170.64,1,170.64,16728937.429999994
2025-08-01 11:53:36 AM,170.45,0,0.0,16728937.429999994
2025-08-01 11:53:38 AM,170.45,1,170.45,16729107.879999993
2025-08-01 11:53:48 AM,170.63,0,0.0,16729107.879999993
2025-08-01 11:53:48 AM,170.63,4,682.52,16729790.399999993
2025-08-01 11:53:52 AM,170.51,0,0.0,16729790.399999993
2025-08-01 11:53:53 AM,170.49,0,0.0,16729790.399999993
2025-08-01 11:53:53 AM,170.49,15,2557.3500000000004,16732347.749999993
2025-08-01 11:54:03 AM,170.6,0,0.0,16732347.749999993
2025-08-01 11:54:03 AM,170.6,1,170.6,16732518.349999992
2025-08-01 11:54:10 AM,170.44,0,0.0,16732518.349999992
2025-08-01 11:54:13 AM,170.44,1,170.44,16732688.789999992
2025-08-01 11:54:18 AM,170.6,0,0.0,16732688.789999992
2025-08-01 11:54:19 AM,170.6,1,170.6,16732859.389999991
2025-08-01 11:54:27 AM,170.48,0,0.0,16732859.389999991
2025-08-01 11:54:29 AM,170.48,1,170.48,16733029.869999992
2025-08-01 11:54:33 AM,170.44,0,0.0,16733029.869999992
2025-08-01 11:54:34 AM,170.44,29,4942.76,16737972.629999992
2025-08-01 11:54:42 AM,170.45,0,0.0,16737972.629999992
2025-08-01 11:54:44 AM,170.45,1,170.45,16738143.07999999
2025-08-01 11:54:48 AM,170.59,0,0.0,16738143.07999999
2025-08-01 11:54:49 AM,170.59,1,170.59,16738313.66999999
2025-08-01 11:54:54 AM,170.65,0,0.0,16738313.66999999
2025-08-01 11:54:54 AM,170.65,28,4778.2,16743091.86999999
2025-08-01 11:55:01 AM,170.47,0,0.0,16743091.86999999
2025-08-01 11:55:03 AM,170.6,0,0.0,16743091.86999999
2025-08-01 11:55:04 AM,170.6,3,511.79999999999995,16743603.66999999
2025-08-01 11:55:18 AM,170.57,0,0.0,16743603.66999999
2025-08-01 11:55:19 AM,170.57,2,341.14,16743944.809999991
2025-08-01 11:55:33 AM,170.56,0,0.0,16743944.809999991
2025-08-01 11:55:35 AM,170.47,2,340.94,16744285.74999999
2025-08-01 11:55:43 AM,170.22,0,0.0,16744285.74999999
2025-08-01 11:55:44 AM,170.22,2563,436273.86,17180559.609999992
2025-08-01 11:55:48 AM,170.43,0,0.0,17180559.609999992
2025-08-01 11:55:49 AM,170.43,1,170.43,17180730.03999999
2025-08-01 11:55:52 AM,170.28,0,0.0,17180730.03999999
2025-08-01 11:55:54 AM,170.28,1,170.28,17180900.319999993
2025-08-01 11:56:03 AM,170.41,0,0.0,17180900.319999993
2025-08-01 11:56:04 AM,170.41,1,170.41,17181070.729999993
2025-08-01 11:56:09 AM,170.29,0,0.0,17181070.729999993
2025-08-01 11:56:10 AM,170.29,1,170.29,17181241.019999992
2025-08-01 11:56:18 AM,170.41,0,0.0,17181241.019999992
2025-08-01 11:56:20 AM,170.41,1,170.41,17181411.429999992
2025-08-01 11:56:26 AM,170.29,0,0.0,17181411.429999992
2025-08-01 11:56:27 AM,170.29,1,170.29,17181581.71999999
2025-08-01 11:56:33 AM,170.42,0,0.0,17181581.71999999
2025-08-01 11:56:35 AM,170.42,2,340.84,17181922.55999999
2025-08-01 11:56:43 AM,170.31,0,0.0,17181922.55999999
2025-08-01 11:56:45 AM,170.31,1,170.31,17182092.86999999
2025-08-01 11:56:48 AM,170.42,0,0.0,17182092.86999999
2025-08-01 11:56:50 AM,170.42,1,170.42,17182263.28999999
2025-08-01 11:56:53 AM,170.31,0,0.0,17182263.28999999
2025-08-01 11:56:55 AM,170.31,1000,170310.0,17352573.28999999
2025-08-01 11:57:00 AM,170.31,1,170.31,17352743.59999999
2025-08-01 11:57:02 AM,170.21,0,0.0,17352743.59999999
2025-08-01 11:57:03 AM,170.35,0,0.0,17352743.59999999
2025-08-01 11:57:05 AM,170.35,10,1703.5,17354447.09999999
2025-08-01 11:57:17 AM,170.23,1,170.23,17354617.32999999
2025-08-01 11:57:18 AM,170.36,0,0.0,17354617.32999999
2025-08-01 11:57:20 AM,170.36,1,170.36,17354787.68999999
2025-08-01 11:57:33 AM,170.35,0,0.0,17354787.68999999
2025-08-01 11:57:34 AM,170.24,0,0.0,17354787.68999999
2025-08-01 11:57:35 AM,170.24,2,340.48,17355128.16999999
2025-08-01 11:57:48 AM,170.36,0,0.0,17355128.16999999
2025-08-01 11:57:50 AM,170.36,2,340.72,17355468.88999999
2025-08-01 11:57:51 AM,170.26,0,0.0,17355468.88999999
2025-08-01 11:57:52 AM,170.26,1,170.26,17355639.14999999
2025-08-01 11:58:00 AM,170.37,0,0.0,17355639.14999999
2025-08-01 11:58:00 AM,170.37,2,340.74,17355979.88999999
2025-08-01 11:58:02 AM,170.31,0,0.0,17355979.88999999
2025-08-01 11:58:03 AM,170.43,0,0.0,17355979.88999999
2025-08-01 11:58:06 AM,170.43,16,2726.88,17358706.76999999
2025-08-01 11:58:08 AM,170.37,0,0.0,17358706.76999999
2025-08-01 11:58:11 AM,170.37,1,170.37,17358877.13999999
2025-08-01 11:58:18 AM,170.44,0,0.0,17358877.13999999
2025-08-01 11:58:19 AM,170.44,1,170.44,17359047.57999999
2025-08-01 11:58:25 AM,170.5,0,0.0,17359047.57999999
2025-08-01 11:58:28 AM,170.5,29,4944.5,17363992.07999999
2025-08-01 11:58:33 AM,170.45,1,170.45,17364162.52999999
2025-08-01 11:58:43 AM,170.33,0,0.0,17364162.52999999
2025-08-01 11:58:43 AM,170.33,1,170.33,17364332.85999999
2025-08-01 11:58:49 AM,170.44,1,170.44,17364503.29999999
2025-08-01 11:58:59 AM,170.33,0,0.0,17364503.29999999
2025-08-01 11:58:59 AM,170.33,1,170.33,17364673.629999988
2025-08-01 11:59:03 AM,170.42,0,0.0,17364673.629999988
2025-08-01 11:59:05 AM,170.42,1,170.42,17364844.04999999
2025-08-01 11:59:16 AM,170.32,1,170.32,17365014.36999999
2025-08-01 11:59:19 AM,170.43,0,0.0,17365014.36999999
2025-08-01 11:59:20 AM,170.43,2,340.86,17365355.22999999
2025-08-01 11:59:33 AM,170.41,0,0.0,17365355.22999999
2025-08-01 11:59:35 AM,170.41,2,340.82,17365696.04999999
2025-08-01 11:59:48 AM,170.41,1,170.41,17365866.45999999
2025-08-01 11:59:51 AM,170.29,0,0.0,17365866.45999999
2025-08-01 11:59:51 AM,170.29,1,170.29,17366036.74999999
2025-08-01 12:00:03 PM,170.41,1,170.41,17366207.15999999
2025-08-01 12:00:07 PM,170.29,1,170.29,17366377.449999988
2025-08-01 12:00:18 PM,170.42,0,0.0,17366377.449999988
2025-08-01 12:00:19 PM,170.42,1,170.42,17366547.86999999
2025-08-01 12:00:24 PM,170.28,0,0.0,17366547.86999999
2025-08-01 12:00:24 PM,170.28,1,170.28,17366718.14999999
2025-08-01 12:00:26 PM,170.43,0,0.0,17366718.14999999
2025-08-01 12:00:27 PM,170.43,10,1704.3000000000002,17368422.44999999
2025-08-01 12:00:33 PM,170.42,2,340.84,17368763.28999999
2025-08-01 12:00:41 PM,170.28,0,0.0,17368763.28999999
2025-08-01 12:00:42 PM,170.28,1,170.28,17368933.569999993
2025-08-01 12:00:48 PM,170.41,0,0.0,17368933.569999993
2025-08-01 12:00:49 PM,170.41,1,170.41,17369103.979999993
2025-08-01 12:00:58 PM,170.28,0,0.0,17369103.979999993
2025-08-01 12:01:00 PM,170.28,1,170.28,17369274.259999994
2025-08-01 12:01:03 PM,170.41,0,0.0,17369274.259999994
2025-08-01 12:01:04 PM,170.41,1,170.41,17369444.669999994
2025-08-01 12:01:12 PM,170.3,26,4427.8,17373872.469999995
2025-08-01 12:01:14 PM,170.3,2,340.6,17374213.069999997
2025-08-01 12:01:18 PM,170.42,0,0.0,17374213.069999997
2025-08-01 12:01:19 PM,170.42,1,170.42,17374383.49
2025-08-01 12:01:32 PM,170.29,0,0.0,17374383.49
2025-08-01 12:01:33 PM,170.29,1,170.29,17374553.779999997
2025-08-01 12:01:33 PM,170.42,0,0.0,17374553.779999997
2025-08-01 12:01:35 PM,170.42,1,170.42,17374724.2
2025-08-01 12:01:49 PM,170.3,0,0.0,17374724.2
2025-08-01 12:01:50 PM,170.3,3,510.90000000000003,17375235.099999998
2025-08-01 12:01:59 PM,170.0,0,0.0,17375235.099999998
2025-08-01 12:01:59 PM,170.0,3901,663170.0,18038405.099999998
2025-08-01 12:02:01 PM,170.01,0,0.0,18038405.099999998
2025-08-01 12:02:01 PM,170.01,501,85175.01,18123580.11
2025-08-01 12:02:03 PM,170.15,0,0.0,18123580.11
2025-08-01 12:02:04 PM,170.15,1,170.15,18123750.259999998
2025-08-01 12:02:06 PM,170.0,1,170.0,18123920.259999998
2025-08-01 12:02:12 PM,170.15,0,0.0,18123920.259999998
2025-08-01 12:02:14 PM,170.15,82,13952.300000000001,18137872.56
2025-08-01 12:02:18 PM,170.26,0,0.0,18137872.56
2025-08-01 12:02:19 PM,170.26,1,170.26,18138042.82
2025-08-01 12:02:23 PM,170.15,0,0.0,18138042.82
2025-08-01 12:02:24 PM,170.15,1,170.15,18138212.97
2025-08-01 12:02:33 PM,170.26,0,0.0,18138212.97
2025-08-01 12:02:34 PM,170.26,1,170.26,18138383.23
2025-08-01 12:02:40 PM,170.15,0,0.0,18138383.23
2025-08-01 12:02:41 PM,170.15,1,170.15,18138553.38
2025-08-01 12:02:48 PM,170.26,0,0.0,18138553.38
2025-08-01 12:02:49 PM,170.26,1,170.26,18138723.64
2025-08-01 12:02:57 PM,170.16,0,0.0,18138723.64
2025-08-01 12:02:59 PM,170.16,1,170.16,18138893.8
2025-08-01 12:03:03 PM,170.26,0,0.0,18138893.8
2025-08-01 12:03:04 PM,170.26,1,170.26,18139064.060000002
2025-08-01 12:03:14 PM,170.15,1,170.15,18139234.21
2025-08-01 12:03:18 PM,170.25,0,0.0,18139234.21
2025-08-01 12:03:19 PM,170.25,2,340.5,18139574.71
2025-08-01 12:03:31 PM,170.15,1,170.15,18139744.86
2025-08-01 12:03:33 PM,170.25,0,0.0,18139744.86
2025-08-01 12:03:34 PM,170.25,1,170.25,18139915.11
2025-08-01 12:03:49 PM,170.25,2,340.5,18140255.61
2025-08-01 12:04:04 PM,170.25,1,170.25,18140425.86
2025-08-01 12:04:06 PM,170.15,0,0.0,18140425.86
2025-08-01 12:04:07 PM,170.15,1,170.15,18140596.009999998
2025-08-01 12:04:18 PM,170.25,0,0.0,18140596.009999998
2025-08-01 12:04:18 PM,170.25,1,170.25,18140766.259999998
2025-08-01 12:04:22 PM,170.15,0,0.0,18140766.259999998
2025-08-01 12:04:24 PM,170.15,1,170.15,18140936.409999996
2025-08-01 12:04:33 PM,170.25,0,0.0,18140936.409999996
2025-08-01 12:04:34 PM,170.25,2,340.5,18141276.909999996
2025-08-01 12:04:39 PM,170.16,1,170.16,18141447.069999997
2025-08-01 12:04:48 PM,170.26,1,170.26,18141617.33
2025-08-01 12:04:57 PM,170.15,0,0.0,18141617.33
2025-08-01 12:04:58 PM,170.15,1,170.15,18141787.479999997
2025-08-01 12:05:03 PM,170.27,0,0.0,18141787.479999997
2025-08-01 12:05:04 PM,170.27,1,170.27,18141957.749999996
2025-08-01 12:05:13 PM,170.16,0,0.0,18141957.749999996
2025-08-01 12:05:15 PM,170.16,1,170.16,18142127.909999996
2025-08-01 12:05:19 PM,170.27,0,0.0,18142127.909999996
2025-08-01 12:05:20 PM,170.27,1,170.27,18142298.179999996
2025-08-01 12:05:30 PM,170.16,1,170.16,18142468.339999996
2025-08-01 12:05:33 PM,170.27,0,0.0,18142468.339999996
2025-08-01 12:05:35 PM,170.27,1,170.27,18142638.609999996
2025-08-01 12:05:47 PM,170.16,0,0.0,18142638.609999996
2025-08-01 12:05:49 PM,170.27,0,0.0,18142638.609999996
2025-08-01 12:05:49 PM,170.27,3,510.81000000000006,18143149.419999994
2025-08-01 12:05:55 PM,170.27,16,2724.32,18145873.739999995
2025-08-01 12:06:03 PM,170.35,0,0.0,18145873.739999995
2025-08-01 12:06:05 PM,170.35,12,2044.1999999999998,18147917.939999994
2025-08-01 12:06:15 PM,170.35,473,80575.55,18228493.489999995
2025-08-01 12:06:19 PM,170.28,0,0.0,18228493.489999995
2025-08-01 12:06:19 PM,170.28,1,170.28,18228663.769999996
2025-08-01 12:06:21 PM,170.17,0,0.0,18228663.769999996
2025-08-01 12:06:24 PM,170.17,1,170.17,18228833.939999998
2025-08-01 12:06:33 PM,170.27,0,0.0,18228833.939999998
2025-08-01 12:06:34 PM,170.27,1,170.27,18229004.209999997
2025-08-01 12:06:39 PM,170.17,1,170.17,18229174.38
2025-08-01 12:06:49 PM,170.29,1,170.29,18229344.669999998
2025-08-01 12:06:55 PM,170.17,0,0.0,18229344.669999998
2025-08-01 12:06:59 PM,170.17,1,170.17,18229514.84
2025-08-01 12:07:03 PM,170.58,0,0.0,18229514.84
2025-08-01 12:07:04 PM,170.58,1700,289986.0,18519500.84
2025-08-01 12:07:05 PM,170.51,0,0.0,18519500.84
2025-08-01 12:07:09 PM,170.51,1,170.51,18519671.35
2025-08-01 12:07:13 PM,170.35,0,0.0,18519671.35
2025-08-01 12:07:14 PM,170.35,1,170.35,18519841.700000003
2025-08-01 12:07:19 PM,170.5,0,0.0,18519841.700000003
2025-08-01 12:07:19 PM,170.5,2,341.0,18520182.700000003
2025-08-01 12:07:29 PM,170.38,0,0.0,18520182.700000003
2025-08-01 12:07:29 PM,170.38,1,170.38,18520353.080000002
2025-08-01 12:07:33 PM,170.52,0,0.0,18520353.080000002
2025-08-01 12:07:34 PM,170.52,1,170.52,18520523.6
2025-08-01 12:07:47 PM,170.41,0,0.0,18520523.6
2025-08-01 12:07:50 PM,170.41,1,170.41,18520694.01
2025-08-01 12:07:53 PM,170.57,0,0.0,18520694.01
2025-08-01 12:07:55 PM,170.6,68,11600.8,18532294.810000002
2025-08-01 12:08:01 PM,170.61,0,0.0,18532294.810000002
2025-08-01 12:08:03 PM,170.78,0,0.0,18532294.810000002
2025-08-01 12:08:04 PM,170.78,2,341.56,18532636.37
2025-08-01 12:08:05 PM,170.94,0,0.0,18532636.37
2025-08-01 12:08:10 PM,170.94,200,34188.0,18566824.37
2025-08-01 12:08:19 PM,170.86,0,0.0,18566824.37
2025-08-01 12:08:20 PM,170.65,2,341.3,18567165.67
2025-08-01 12:08:33 PM,170.85,0,0.0,18567165.67
2025-08-01 12:08:34 PM,170.85,2,341.7,18567507.37
2025-08-01 12:08:37 PM,170.65,0,0.0,18567507.37
2025-08-01 12:08:40 PM,170.65,1,170.65,18567678.02
2025-08-01 12:08:49 PM,170.79,0,0.0,18567678.02
2025-08-01 12:08:49 PM,170.79,1,170.79,18567848.81
2025-08-01 12:08:53 PM,170.8,0,0.0,18567848.81
2025-08-01 12:08:54 PM,170.8,30,5124.0,18572972.81
2025-08-01 12:09:03 PM,170.85,0,0.0,18572972.81
2025-08-01 12:09:05 PM,170.85,1,170.85,18573143.66
2025-08-01 12:09:11 PM,170.66,0,0.0,18573143.66
2025-08-01 12:09:14 PM,170.66,1,170.66,18573314.32
2025-08-01 12:09:19 PM,170.83,0,0.0,18573314.32
2025-08-01 12:09:19 PM,170.83,1,170.83,18573485.15
2025-08-01 12:09:29 PM,170.66,0,0.0,18573485.15
2025-08-01 12:09:29 PM,170.66,1,170.66,18573655.81
2025-08-01 12:09:33 PM,170.8,0,0.0,18573655.81
2025-08-01 12:09:34 PM,170.8,1,170.8,18573826.61
2025-08-01 12:09:41 PM,170.69,0,0.0,18573826.61
2025-08-01 12:09:43 PM,170.71,0,0.0,18573826.61
2025-08-01 12:09:44 PM,170.71,34,5804.14,18579630.75
2025-08-01 12:09:49 PM,170.84,2,341.68,18579972.43
2025-08-01 12:10:01 PM,170.69,0,0.0,18579972.43
2025-08-01 12:10:03 PM,170.84,0,0.0,18579972.43
2025-08-01 12:10:04 PM,170.84,13,2220.92,18582193.35
2025-08-01 12:10:11 PM,170.83,0,0.0,18582193.35
2025-08-01 12:10:15 PM,170.83,1,170.83,18582364.18
2025-08-01 12:10:17 PM,170.79,0,0.0,18582364.18
2025-08-01 12:10:19 PM,170.68,0,0.0,18582364.18
2025-08-01 12:10:20 PM,170.68,12,2048.16,18584412.34
2025-08-01 12:10:33 PM,170.78,0,0.0,18584412.34
2025-08-01 12:10:35 PM,170.78,1,170.78,18584583.12
2025-08-01 12:10:37 PM,170.68,0,0.0,18584583.12
2025-08-01 12:10:39 PM,170.68,1,170.68,18584753.8
2025-08-01 12:10:49 PM,170.79,0,0.0,18584753.8
2025-08-01 12:10:49 PM,170.79,1,170.79,18584924.59
2025-08-01 12:10:53 PM,170.68,0,0.0,18584924.59
2025-08-01 12:10:54 PM,170.68,1,170.68,18585095.27
2025-08-01 12:11:03 PM,170.78,0,0.0,18585095.27
2025-08-01 12:11:04 PM,170.78,1,170.78,18585266.05
2025-08-01 12:11:11 PM,170.67,0,0.0,18585266.05
2025-08-01 12:11:14 PM,170.67,1,170.67,18585436.720000003
2025-08-01 12:11:19 PM,170.78,0,0.0,18585436.720000003
2025-08-01 12:11:19 PM,170.78,2,341.56,18585778.28
2025-08-01 12:11:27 PM,170.67,0,0.0,18585778.28
2025-08-01 12:11:29 PM,170.67,1,170.67,18585948.950000003
2025-08-01 12:11:33 PM,170.78,0,0.0,18585948.950000003
2025-08-01 12:11:34 PM,170.78,1,170.78,18586119.730000004
2025-08-01 12:11:44 PM,170.67,1,170.67,18586290.400000006
2025-08-01 12:11:49 PM,170.77,1,170.77,18586461.170000006
2025-08-01 12:12:01 PM,170.67,0,0.0,18586461.170000006
2025-08-01 12:12:03 PM,170.77,2,341.54,18586802.710000005
2025-08-01 12:12:18 PM,170.77,2,341.54,18587144.250000004
2025-08-01 12:12:27 PM,170.67,0,0.0,18587144.250000004
2025-08-01 12:12:28 PM,170.67,10,1706.6999999999998,18588850.950000003
2025-08-01 12:12:35 PM,170.66,0,0.0,18588850.950000003
2025-08-01 12:12:38 PM,170.66,1,170.66,18589021.610000003
2025-08-01 12:12:48 PM,170.7,1,170.7,18589192.310000002
2025-08-01 12:12:53 PM,170.57,0,0.0,18589192.310000002
2025-08-01 12:12:54 PM,170.57,1,170.57,18589362.880000003
2025-08-01 12:13:03 PM,170.7,0,0.0,18589362.880000003
2025-08-01 12:13:04 PM,170.7,1,170.7,18589533.580000002
2025-08-01 12:13:09 PM,170.61,1,170.61,18589704.19
2025-08-01 12:13:19 PM,170.77,1,170.77,18589874.96
2025-08-01 12:13:27 PM,170.6,0,0.0,18589874.96
2025-08-01 12:13:28 PM,170.6,1,170.6,18590045.560000002
2025-08-01 12:13:33 PM,170.77,0,0.0,18590045.560000002
2025-08-01 12:13:33 PM,170.77,1,170.77,18590216.330000002
2025-08-01 12:13:43 PM,170.63,0,0.0,18590216.330000002
2025-08-01 12:13:43 PM,170.63,1,170.63,18590386.96
2025-08-01 12:13:48 PM,170.77,0,0.0,18590386.96
2025-08-01 12:13:48 PM,170.77,2,341.54,18590728.5
2025-08-01 12:13:57 PM,170.64,0,0.0,18590728.5
2025-08-01 12:13:58 PM,170.64,18,3071.5199999999995,18593800.02
2025-08-01 12:14:03 PM,170.76,0,0.0,18593800.02
2025-08-01 12:14:03 PM,170.76,1,170.76,18593970.78
2025-08-01 12:14:17 PM,170.63,0,0.0,18593970.78
2025-08-01 12:14:18 PM,170.76,2,341.52,18594312.3
2025-08-01 12:14:29 PM,170.66,0,0.0,18594312.3
2025-08-01 12:14:33 PM,170.66,21,3583.86,18597896.16
2025-08-01 12:14:35 PM,170.62,0,0.0,18597896.16
2025-08-01 12:14:38 PM,170.62,1,170.62,18598066.78
2025-08-01 12:14:48 PM,170.65,1,170.65,18598237.43
2025-08-01 12:14:51 PM,170.55,0,0.0,18598237.43
2025-08-01 12:14:54 PM,170.55,1,170.55,18598407.98
2025-08-01 12:15:03 PM,170.65,0,0.0,18598407.98
2025-08-01 12:15:03 PM,170.65,1,170.65,18598578.63
2025-08-01 12:15:09 PM,170.52,1,170.52,18598749.15
2025-08-01 12:15:19 PM,170.65,0,0.0,18598749.15
2025-08-01 12:15:19 PM,170.65,2,341.3,18599090.45
2025-08-01 12:15:25 PM,170.53,1,170.53,18599260.98
2025-08-01 12:15:33 PM,170.64,0,0.0,18599260.98
2025-08-01 12:15:34 PM,170.64,1,170.64,18599431.62
2025-08-01 12:15:43 PM,170.53,0,0.0,18599431.62
2025-08-01 12:15:45 PM,170.53,1,170.53,18599602.150000002
2025-08-01 12:15:49 PM,170.64,0,0.0,18599602.150000002
2025-08-01 12:15:50 PM,170.64,1,170.64,18599772.790000003
2025-08-01 12:15:50 PM,170.64,5,853.1999999999999,18600625.990000002
2025-08-01 12:16:00 PM,170.64,9,1535.7599999999998,18602161.750000004
2025-08-01 12:16:03 PM,170.65,0,0.0,18602161.750000004
2025-08-01 12:16:05 PM,170.65,1,170.65,18602332.400000002
2025-08-01 12:16:15 PM,170.65,6,1023.9000000000001,18603356.3
2025-08-01 12:16:17 PM,170.56,0,0.0,18603356.3
2025-08-01 12:16:19 PM,170.64,0,0.0,18603356.3
2025-08-01 12:16:20 PM,170.64,2,341.28,18603697.580000002
2025-08-01 12:16:34 PM,170.64,3,511.91999999999996,18604209.500000004
2025-08-01 12:16:49 PM,170.64,1,170.64,18604380.140000004
2025-08-01 12:16:51 PM,170.56,0,0.0,18604380.140000004
2025-08-01 12:16:53 PM,170.56,1,170.56,18604550.700000003
2025-08-01 12:17:03 PM,170.63,0,0.0,18604550.700000003
2025-08-01 12:17:03 PM,170.63,1,170.63,18604721.330000002
2025-08-01 12:17:07 PM,170.56,0,0.0,18604721.330000002
2025-08-01 12:17:08 PM,170.56,1,170.56,18604891.89
2025-08-01 12:17:18 PM,170.63,1,170.63,18605062.52
2025-08-01 12:17:23 PM,170.5,0,0.0,18605062.52
2025-08-01 12:17:23 PM,170.5,350,59675.0,18664737.52
2025-08-01 12:17:25 PM,170.47,0,0.0,18664737.52
2025-08-01 12:17:28 PM,170.47,1,170.47,18664907.99
2025-08-01 12:17:33 PM,170.6,1,170.6,18665078.59
2025-08-01 12:17:35 PM,170.44,0,0.0,18665078.59
2025-08-01 12:17:37 PM,170.44,63,10737.72,18675816.31
2025-08-01 12:17:42 PM,170.44,1,170.44,18675986.75
2025-08-01 12:17:49 PM,170.59,0,0.0,18675986.75
2025-08-01 12:17:52 PM,170.59,2,341.18,18676327.93
2025-08-01 12:17:59 PM,170.45,0,0.0,18676327.93
2025-08-01 12:18:02 PM,170.45,1,170.45,18676498.38
2025-08-01 12:18:03 PM,170.59,0,0.0,18676498.38
2025-08-01 12:18:07 PM,170.59,157,26782.63,18703281.009999998
2025-08-01 12:18:16 PM,170.59,1,170.59,18703451.599999998
2025-08-01 12:18:19 PM,170.6,0,0.0,18703451.599999998
2025-08-01 12:18:21 PM,170.6,1,170.6,18703622.2
2025-08-01 12:18:35 PM,170.6,3,511.79999999999995,18704134.0
2025-08-01 12:18:49 PM,170.59,0,0.0,18704134.0
2025-08-01 12:18:51 PM,170.59,3,511.77,18704645.77
2025-08-01 12:19:03 PM,170.6,0,0.0,18704645.77
2025-08-01 12:19:06 PM,170.59,3,511.77,18705157.54
2025-08-01 12:19:19 PM,170.6,0,0.0,18705157.54
2025-08-01 12:19:21 PM,170.6,1,170.6,18705328.14
2025-08-01 12:19:23 PM,170.59,0,0.0,18705328.14
2025-08-01 12:19:26 PM,170.59,1,170.59,18705498.73
