date,price,qty,trnvr,cum_trnvr
2025-08-01 09:15:04 AM,667.5,464,309720.0,309720.0
2025-08-01 09:15:22 AM,667.25,0,0.0,309720.0
2025-08-01 09:15:23 AM,667.45,0,0.0,309720.0
2025-08-01 09:15:26 AM,667.45,31,20690.95,330410.95
2025-08-01 09:15:42 AM,667.5,0,0.0,330410.95
2025-08-01 09:15:43 AM,667.5,16,10680.0,341090.95
2025-08-01 09:15:44 AM,668.0,30,20040.0,361130.95
2025-08-01 09:16:01 AM,665.8,69,45940.2,407071.15
2025-08-01 09:16:04 AM,664.55,0,0.0,407071.15
2025-08-01 09:16:07 AM,664.55,71,47183.049999999996,454254.2
2025-08-01 09:16:09 AM,666.4,6,3998.3999999999996,458252.60000000003
2025-08-01 09:16:15 AM,665.95,20,13319.0,471571.60000000003
2025-08-01 09:16:29 AM,664.7,0,0.0,471571.60000000003
2025-08-01 09:16:32 AM,664.7,107,71122.90000000001,542694.5
2025-08-01 09:16:33 AM,664.95,60,39897.0,582591.5
2025-08-01 09:16:39 AM,665.95,0,0.0,582591.5
2025-08-01 09:16:40 AM,665.95,22,14650.900000000001,597242.4
2025-08-01 09:16:41 AM,666.2,0,0.0,597242.4
2025-08-01 09:16:42 AM,666.2,31,20652.2,617894.6
2025-08-01 09:17:00 AM,667.45,0,0.0,617894.6
2025-08-01 09:17:05 AM,667.35,23,15349.050000000001,633243.65
2025-08-01 09:17:07 AM,667.85,0,0.0,633243.65
2025-08-01 09:17:13 AM,667.85,47,31388.95,664632.6
2025-08-01 09:17:14 AM,669.0,329,220101.0,884733.6
2025-08-01 09:17:26 AM,668.7,0,0.0,884733.6
2025-08-01 09:17:29 AM,668.7,10,6687.0,891420.6
2025-08-01 09:17:38 AM,668.75,142,94962.5,986383.1
2025-08-01 09:17:43 AM,670.0,0,0.0,986383.1
2025-08-01 09:17:46 AM,670.8,1685,1130298.0,2116681.1
2025-08-01 09:18:06 AM,671.35,0,0.0,2116681.1
2025-08-01 09:18:11 AM,671.35,50,33567.5,2150248.6
2025-08-01 09:18:20 AM,671.0,20,13420.0,2163668.6
2025-08-01 09:18:28 AM,671.0,12,8052.0,2171720.6
2025-08-01 09:18:30 AM,671.9,0,0.0,2171720.6
2025-08-01 09:18:36 AM,671.9,1,671.9,2172392.5
2025-08-01 09:19:00 AM,670.05,114,76385.7,2248778.2
2025-08-01 09:19:08 AM,670.05,1,670.05,2249448.25
2025-08-01 09:19:18 AM,670.95,5,3354.75,2252803.0
2025-08-01 09:19:25 AM,670.05,0,0.0,2252803.0
2025-08-01 09:19:26 AM,670.05,19,12730.949999999999,2265533.95
2025-08-01 09:19:32 AM,670.0,0,0.0,2265533.95
2025-08-01 09:19:33 AM,670.0,175,117250.0,2382783.95
2025-08-01 09:19:40 AM,671.2,0,0.0,2382783.95
2025-08-01 09:19:41 AM,671.2,28,18793.600000000002,2401577.5500000003
2025-08-01 09:19:42 AM,670.25,19,12734.75,2414312.3000000003
2025-08-01 09:19:57 AM,670.25,19,12734.75,2427047.0500000003
2025-08-01 09:20:04 AM,670.25,100,67025.0,2494072.0500000003
2025-08-01 09:20:18 AM,671.75,0,0.0,2494072.0500000003
2025-08-01 09:20:20 AM,672.25,0,0.0,2494072.0500000003
2025-08-01 09:20:20 AM,672.25,1178,791910.5,3285982.5500000003
2025-08-01 09:20:45 AM,672.5,67,45057.5,3331040.0500000003
2025-08-01 09:21:50 AM,671.6,0,0.0,3331040.0500000003
2025-08-01 09:21:54 AM,671.6,50,33580.0,3364620.0500000003
2025-08-01 09:22:11 AM,671.55,0,0.0,3364620.0500000003
2025-08-01 09:22:17 AM,671.7,32,21494.4,3386114.45
2025-08-01 09:22:24 AM,672.0,1,672.0,3386786.45
2025-08-01 09:22:32 AM,672.0,25,16800.0,3403586.45
2025-08-01 09:22:39 AM,671.7,99,66498.3,3470084.75
2025-08-01 09:22:46 AM,672.0,0,0.0,3470084.75
2025-08-01 09:22:47 AM,672.0,395,265440.0,3735524.75
2025-08-01 09:23:18 AM,673.0,4,2692.0,3738216.75
2025-08-01 09:24:26 AM,673.0,2,1346.0,3739562.75
2025-08-01 09:24:41 AM,672.8,100,67280.0,3806842.75
2025-08-01 09:24:49 AM,672.6,2282,1534873.2,5341715.95
2025-08-01 09:24:51 AM,672.55,281,188986.55,5530702.5
2025-08-01 09:24:55 AM,672.6,0,0.0,5530702.5
2025-08-01 09:24:56 AM,672.6,2,1345.2,5532047.7
2025-08-01 09:26:35 AM,672.65,100,67265.0,5599312.7
2025-08-01 09:26:44 AM,671.75,18,12091.5,5611404.2
2025-08-01 09:27:05 AM,672.6,711,478218.60000000003,6089622.8
2025-08-01 09:27:08 AM,673.0,0,0.0,6089622.8
2025-08-01 09:27:12 AM,673.0,57,38361.0,6127983.8
2025-08-01 09:27:32 AM,673.35,0,0.0,6127983.8
2025-08-01 09:27:34 AM,673.35,1,673.35,6128657.149999999
2025-08-01 09:28:17 AM,673.8,0,0.0,6128657.149999999
2025-08-01 09:28:21 AM,673.8,35,23583.0,6152240.149999999
2025-08-01 09:28:23 AM,673.35,0,0.0,6152240.149999999
2025-08-01 09:28:28 AM,673.35,1,673.35,6152913.499999999
2025-08-01 09:28:36 AM,673.35,1,673.35,6153586.849999999
2025-08-01 09:28:45 AM,673.3,25,16832.5,6170419.349999999
2025-08-01 09:29:22 AM,673.15,3,2019.4499999999998,6172438.799999999
2025-08-01 09:30:12 AM,672.55,0,0.0,6172438.799999999
2025-08-01 09:30:14 AM,672.55,37,24884.35,6197323.1499999985
2025-08-01 09:30:33 AM,672.3,0,0.0,6197323.1499999985
2025-08-01 09:30:36 AM,672.3,5,3361.5,6200684.6499999985
2025-08-01 09:30:44 AM,672.35,3,2017.0500000000002,6202701.699999998
2025-08-01 09:31:10 AM,673.05,0,0.0,6202701.699999998
2025-08-01 09:31:13 AM,673.05,1,673.05,6203374.749999998
2025-08-01 09:31:26 AM,674.2,0,0.0,6203374.749999998
2025-08-01 09:31:28 AM,675.2,578,390265.60000000003,6593640.349999998
2025-08-01 09:31:46 AM,674.7,0,0.0,6593640.349999998
2025-08-01 09:31:49 AM,674.7,100,67470.0,6661110.349999998
2025-08-01 09:32:17 AM,674.7,27,18216.9,6679327.249999998
2025-08-01 09:32:30 AM,674.9,0,0.0,6679327.249999998
2025-08-01 09:32:31 AM,674.9,41,27670.899999999998,6706998.1499999985
2025-08-01 09:32:48 AM,674.95,0,0.0,6706998.1499999985
2025-08-01 09:32:52 AM,674.95,25,16873.75,6723871.8999999985
2025-08-01 09:33:06 AM,674.9,0,0.0,6723871.8999999985
2025-08-01 09:33:06 AM,674.9,1,674.9,6724546.799999999
2025-08-01 09:33:13 AM,674.9,13,8773.699999999999,6733320.499999999
2025-08-01 09:33:17 AM,674.15,0,0.0,6733320.499999999
2025-08-01 09:33:19 AM,674.15,9,6067.349999999999,6739387.849999999
2025-08-01 09:34:01 AM,674.8,8,5398.4,6744786.249999999
2025-08-01 09:34:07 AM,674.9,0,0.0,6744786.249999999
2025-08-01 09:34:08 AM,674.9,400,269960.0,7014746.249999999
2025-08-01 09:34:14 AM,675.7,0,0.0,7014746.249999999
2025-08-01 09:34:15 AM,675.7,100,67570.0,7082316.249999999
2025-08-01 09:34:26 AM,674.15,0,0.0,7082316.249999999
2025-08-01 09:34:29 AM,674.15,200,134830.0,7217146.249999999
2025-08-01 09:34:34 AM,675.45,0,0.0,7217146.249999999
2025-08-01 09:34:36 AM,675.45,1,675.45,7217821.699999999
2025-08-01 09:35:11 AM,675.0,78,52650.0,7270471.699999999
2025-08-01 09:35:11 AM,675.35,0,0.0,7270471.699999999
2025-08-01 09:35:18 AM,675.35,5,3376.75,7273848.449999999
2025-08-01 09:35:21 AM,675.0,0,0.0,7273848.449999999
2025-08-01 09:35:25 AM,675.0,159,107325.0,7381173.449999999
2025-08-01 09:36:32 AM,674.25,7,4719.75,7385893.199999999
2025-08-01 09:36:41 AM,674.7,0,0.0,7385893.199999999
2025-08-01 09:36:45 AM,674.7,51,34409.700000000004,7420302.899999999
2025-08-01 09:37:15 AM,673.85,0,0.0,7420302.899999999
2025-08-01 09:37:19 AM,673.85,27,18193.95,7438496.85
2025-08-01 09:37:30 AM,674.4,0,0.0,7438496.85
2025-08-01 09:37:33 AM,674.4,79,53277.6,7491774.449999999
2025-08-01 09:37:51 AM,674.65,0,0.0,7491774.449999999
2025-08-01 09:37:53 AM,674.65,20,13493.0,7505267.449999999
2025-08-01 09:40:14 AM,673.0,0,0.0,7505267.449999999
2025-08-01 09:40:16 AM,673.85,0,0.0,7505267.449999999
2025-08-01 09:40:18 AM,673.0,0,0.0,7505267.449999999
2025-08-01 09:40:20 AM,673.0,348,234204.0,7739471.449999999
2025-08-01 09:40:37 AM,673.15,0,0.0,7739471.449999999
2025-08-01 09:40:40 AM,673.15,100,67315.0,7806786.449999999
2025-08-01 09:40:45 AM,672.8,0,0.0,7806786.449999999
2025-08-01 09:40:46 AM,672.8,100,67280.0,7874066.449999999
2025-08-01 09:40:53 AM,672.8,100,67280.0,7941346.449999999
2025-08-01 09:41:05 AM,674.05,0,0.0,7941346.449999999
2025-08-01 09:41:06 AM,674.05,24,16177.199999999999,7957523.649999999
2025-08-01 09:41:25 AM,673.6,0,0.0,7957523.649999999
2025-08-01 09:41:26 AM,673.6,503,338820.8,8296344.449999999
2025-08-01 09:41:49 AM,673.5,0,0.0,8296344.449999999
2025-08-01 09:41:52 AM,673.5,5,3367.5,8299711.949999999
2025-08-01 09:42:05 AM,672.9,1,672.9,8300384.85
2025-08-01 09:43:04 AM,673.5,0,0.0,8300384.85
2025-08-01 09:43:04 AM,673.5,1,673.5,8301058.35
2025-08-01 09:43:16 AM,672.9,0,0.0,8301058.35
2025-08-01 09:43:17 AM,672.9,76,51140.4,8352198.75
2025-08-01 09:43:37 AM,672.9,5,3364.5,8355563.25
2025-08-01 09:43:44 AM,672.9,1,672.9,8356236.15
2025-08-01 09:44:24 AM,672.5,5,3362.5,8359598.65
2025-08-01 09:45:16 AM,672.5,56,37660.0,8397258.65
2025-08-01 09:45:23 AM,671.65,2,1343.3,8398601.950000001
2025-08-01 09:47:12 AM,672.9,508,341833.2,8740435.15
2025-08-01 09:47:33 AM,671.65,0,0.0,8740435.15
2025-08-01 09:47:35 AM,671.65,14,9403.1,8749838.25
2025-08-01 09:49:40 AM,671.9,0,0.0,8749838.25
2025-08-01 09:49:40 AM,671.9,2,1343.8,8751182.05
2025-08-01 09:51:22 AM,672.9,0,0.0,8751182.05
2025-08-01 09:51:25 AM,672.9,1,672.9,8751854.950000001
2025-08-01 09:52:05 AM,672.5,2,1345.0,8753199.950000001
2025-08-01 09:52:17 AM,672.0,200,134400.0,8887599.950000001
2025-08-01 09:52:32 AM,672.35,0,0.0,8887599.950000001
2025-08-01 09:52:33 AM,672.35,1,672.35,8888272.3
2025-08-01 09:52:41 AM,672.9,0,0.0,8888272.3
2025-08-01 09:52:41 AM,672.9,1,672.9,8888945.200000001
2025-08-01 09:52:50 AM,673.05,0,0.0,8888945.200000001
2025-08-01 09:52:51 AM,673.05,10,6730.5,8895675.700000001
2025-08-01 09:54:42 AM,673.65,76,51197.4,8946873.100000001
2025-08-01 09:55:01 AM,674.15,0,0.0,8946873.100000001
2025-08-01 09:55:01 AM,674.15,35,23595.25,8970468.350000001
2025-08-01 09:55:04 AM,674.45,0,0.0,8970468.350000001
2025-08-01 09:55:05 AM,674.45,92,62049.4,9032517.750000002
2025-08-01 09:55:19 AM,674.65,0,0.0,9032517.750000002
2025-08-01 09:55:19 AM,674.65,360,242874.0,9275391.750000002
2025-08-01 09:56:30 AM,674.65,29,19564.85,9294956.600000001
2025-08-01 09:56:54 AM,673.5,0,0.0,9294956.600000001
2025-08-01 09:56:54 AM,673.5,102,68697.0,9363653.600000001
2025-08-01 09:56:55 AM,673.45,20,13469.0,9377122.600000001
2025-08-01 09:57:49 AM,673.2,1,673.2,9377795.8
2025-08-01 09:58:38 AM,672.0,218,146496.0,9524291.8
2025-08-01 09:59:48 AM,672.75,0,0.0,9524291.8
2025-08-01 09:59:50 AM,672.75,10,6727.5,9531019.3
2025-08-01 09:59:56 AM,672.9,0,0.0,9531019.3
2025-08-01 09:59:56 AM,672.9,20,13458.0,9544477.3
2025-08-01 10:00:21 AM,673.05,1,673.05,9545150.350000001
2025-08-01 10:00:24 AM,672.85,1,672.85,9545823.200000001
2025-08-01 10:00:41 AM,672.0,0,0.0,9545823.200000001
2025-08-01 10:00:43 AM,672.0,50,33600.0,9579423.200000001
2025-08-01 10:01:11 AM,672.8,1,672.8,9580096.000000002
2025-08-01 10:01:15 AM,672.05,0,0.0,9580096.000000002
2025-08-01 10:01:15 AM,672.05,1086,729846.2999999999,10309942.300000003
2025-08-01 10:01:33 AM,672.0,31,20832.0,10330774.300000003
2025-08-01 10:02:04 AM,671.85,0,0.0,10330774.300000003
2025-08-01 10:02:04 AM,671.85,746,501200.10000000003,10831974.400000002
2025-08-01 10:02:36 AM,671.65,35,23507.75,10855482.150000002
2025-08-01 10:03:07 AM,671.9,3,2015.6999999999998,10857497.850000001
2025-08-01 10:04:11 AM,671.4,0,0.0,10857497.850000001
2025-08-01 10:04:11 AM,671.4,100,67140.0,10924637.850000001
2025-08-01 10:04:38 AM,671.4,1,671.4,10925309.250000002
2025-08-01 10:05:25 AM,672.1,1,672.1,10925981.350000001
2025-08-01 10:05:50 AM,672.1,19,12769.9,10938751.250000002
2025-08-01 10:06:52 AM,671.4,0,0.0,10938751.250000002
2025-08-01 10:06:52 AM,671.4,100,67140.0,11005891.250000002
2025-08-01 10:07:21 AM,671.4,26,17456.399999999998,11023347.650000002
2025-08-01 10:08:39 AM,671.85,0,0.0,11023347.650000002
2025-08-01 10:08:40 AM,671.85,4,2687.4,11026035.050000003
2025-08-01 10:10:44 AM,671.4,1,671.4,11026706.450000003
2025-08-01 10:10:48 AM,671.85,0,0.0,11026706.450000003
2025-08-01 10:10:50 AM,671.85,1004,674537.4,11701243.850000003
2025-08-01 10:10:56 AM,671.4,34,22827.6,11724071.450000003
2025-08-01 10:11:42 AM,671.95,0,0.0,11724071.450000003
2025-08-01 10:11:42 AM,671.95,1,671.95,11724743.400000002
2025-08-01 10:11:54 AM,671.8,0,0.0,11724743.400000002
2025-08-01 10:11:54 AM,671.8,1720,1155496.0,12880239.400000002
2025-08-01 10:12:30 AM,672.7,0,0.0,12880239.400000002
2025-08-01 10:12:30 AM,672.7,10,6727.0,12886966.400000002
2025-08-01 10:13:06 AM,672.65,0,0.0,12886966.400000002
2025-08-01 10:13:09 AM,672.65,1,672.65,12887639.050000003
2025-08-01 10:15:23 AM,672.7,0,0.0,12887639.050000003
2025-08-01 10:15:24 AM,672.7,5,3363.5,12891002.550000003
2025-08-01 10:15:54 AM,672.7,1,672.7,12891675.250000002
2025-08-01 10:16:17 AM,672.7,42,28253.4,12919928.650000002
2025-08-01 10:16:46 AM,672.25,1,672.25,12920600.900000002
2025-08-01 10:18:52 AM,672.95,0,0.0,12920600.900000002
2025-08-01 10:18:53 AM,672.95,1,672.95,12921273.850000001
2025-08-01 10:19:16 AM,673.0,0,0.0,12921273.850000001
2025-08-01 10:19:16 AM,673.0,10,6730.0,12928003.850000001
2025-08-01 10:19:39 AM,673.0,2,1346.0,12929349.850000001
2025-08-01 10:19:56 AM,673.0,3,2019.0,12931368.850000001
2025-08-01 10:21:19 AM,673.6,0,0.0,12931368.850000001
2025-08-01 10:21:22 AM,673.6,61,41089.6,12972458.450000001
2025-08-01 10:21:32 AM,673.1,21,14135.1,12986593.55
2025-08-01 10:21:48 AM,673.85,0,0.0,12986593.55
2025-08-01 10:21:49 AM,673.85,30,20215.5,13006809.05
2025-08-01 10:22:00 AM,673.8,0,0.0,13006809.05
2025-08-01 10:22:01 AM,673.8,1,673.8,13007482.850000001
2025-08-01 10:23:25 AM,674.0,1,674.0,13008156.850000001
2025-08-01 10:24:02 AM,674.0,2,1348.0,13009504.850000001
2025-08-01 10:27:12 AM,674.3,0,0.0,13009504.850000001
2025-08-01 10:27:13 AM,674.3,1,674.3,13010179.150000002
2025-08-01 10:28:02 AM,674.3,5,3371.5,13013550.650000002
2025-08-01 10:28:05 AM,674.3,19,12811.699999999999,13026362.350000001
2025-08-01 10:28:40 AM,674.0,0,0.0,13026362.350000001
2025-08-01 10:28:40 AM,674.0,11,7414.0,13033776.350000001
2025-08-01 10:28:52 AM,674.0,2,1348.0,13035124.350000001
2025-08-01 10:29:20 AM,674.45,10,6744.5,13041868.850000001
2025-08-01 10:29:49 AM,674.0,0,0.0,13041868.850000001
2025-08-01 10:29:50 AM,674.0,83,55942.0,13097810.850000001
2025-08-01 10:30:07 AM,673.0,417,280641.0,13378451.850000001
2025-08-01 10:30:10 AM,674.0,1,674.0,13379125.850000001
2025-08-01 10:30:13 AM,674.05,1,674.05,13379799.900000002
2025-08-01 10:30:24 AM,673.4,3,2020.1999999999998,13381820.100000001
2025-08-01 10:30:38 AM,673.4,2,1346.8,13383166.900000002
2025-08-01 10:31:00 AM,673.95,0,0.0,13383166.900000002
2025-08-01 10:31:01 AM,673.95,1,673.95,13383840.850000001
2025-08-01 10:31:27 AM,673.9,0,0.0,13383840.850000001
2025-08-01 10:31:27 AM,673.9,1,673.9,13384514.750000002
2025-08-01 10:31:55 AM,674.05,0,0.0,13384514.750000002
2025-08-01 10:31:56 AM,674.05,29,19547.449999999997,13404062.200000001
2025-08-01 10:32:01 AM,674.4,0,0.0,13404062.200000001
2025-08-01 10:32:02 AM,674.4,5,3372.0,13407434.200000001
2025-08-01 10:33:31 AM,674.6,1,674.6,13408108.8
2025-08-01 10:34:48 AM,674.15,1,674.15,13408782.950000001
2025-08-01 10:34:49 AM,674.6,0,0.0,13408782.950000001
2025-08-01 10:34:50 AM,674.6,1,674.6,13409457.55
2025-08-01 10:35:10 AM,674.0,0,0.0,13409457.55
2025-08-01 10:35:11 AM,674.0,50,33700.0,13443157.55
2025-08-01 10:36:39 AM,674.15,0,0.0,13443157.55
2025-08-01 10:36:40 AM,674.15,25,16853.75,13460011.3
2025-08-01 10:36:42 AM,674.15,2,1348.3,13461359.600000001
2025-08-01 10:38:36 AM,674.6,0,0.0,13461359.600000001
2025-08-01 10:38:37 AM,674.6,1,674.6,13462034.200000001
2025-08-01 10:38:59 AM,674.0,52,35048.0,13497082.200000001
2025-08-01 10:39:01 AM,673.8,0,0.0,13497082.200000001
2025-08-01 10:39:02 AM,673.8,191,128695.79999999999,13625778.000000002
2025-08-01 10:40:33 AM,673.45,0,0.0,13625778.000000002
2025-08-01 10:40:34 AM,673.45,1,673.45,13626451.450000001
2025-08-01 10:40:39 AM,673.5,0,0.0,13626451.450000001
2025-08-01 10:40:39 AM,673.5,8,5388.0,13631839.450000001
2025-08-01 10:42:25 AM,673.75,1,673.75,13632513.200000001
2025-08-01 10:44:29 AM,673.75,2,1347.5,13633860.700000001
2025-08-01 10:44:46 AM,674.0,10,6740.0,13640600.700000001
2025-08-01 10:45:07 AM,673.7,0,0.0,13640600.700000001
2025-08-01 10:45:07 AM,673.7,76,51201.200000000004,13691801.9
2025-08-01 10:45:40 AM,673.7,49,33011.3,13724813.200000001
2025-08-01 10:46:13 AM,673.6,1,673.6,13725486.8
2025-08-01 10:46:23 AM,673.3,0,0.0,13725486.8
2025-08-01 10:46:24 AM,673.3,13,8752.9,13734239.700000001
2025-08-01 10:46:35 AM,673.65,10,6736.5,13740976.200000001
2025-08-01 10:46:57 AM,673.65,74,49850.1,13790826.3
2025-08-01 10:47:01 AM,673.65,46,30987.899999999998,13821814.200000001
2025-08-01 10:49:31 AM,673.2,0,0.0,13821814.200000001
2025-08-01 10:49:32 AM,673.2,1,673.2,13822487.4
2025-08-01 10:50:00 AM,673.4,0,0.0,13822487.4
2025-08-01 10:50:00 AM,673.4,1,673.4,13823160.8
2025-08-01 10:50:56 AM,673.4,1,673.4,13823834.200000001
2025-08-01 10:53:48 AM,673.4,1,673.4,13824507.600000001
2025-08-01 10:54:04 AM,673.4,46,30976.399999999998,13855484.000000002
2025-08-01 10:55:08 AM,673.45,10,6734.5,13862218.500000002
2025-08-01 10:57:07 AM,672.3,0,0.0,13862218.500000002
2025-08-01 10:57:08 AM,672.2,0,0.0,13862218.500000002
2025-08-01 10:57:10 AM,672.2,210,141162.0,14003380.500000002
2025-08-01 10:57:37 AM,672.85,1,672.85,14004053.350000001
2025-08-01 10:58:19 AM,672.85,1,672.85,14004726.200000001
2025-08-01 10:58:41 AM,672.5,0,0.0,14004726.200000001
2025-08-01 10:58:41 AM,672.5,50,33625.0,14038351.200000001
2025-08-01 10:59:07 AM,672.9,0,0.0,14038351.200000001
2025-08-01 10:59:07 AM,672.9,10,6729.0,14045080.200000001
2025-08-01 10:59:30 AM,672.05,0,0.0,14045080.200000001
2025-08-01 10:59:33 AM,672.05,100,67205.0,14112285.200000001
2025-08-01 10:59:55 AM,672.05,106,71237.29999999999,14183522.500000002
2025-08-01 11:00:04 AM,672.0,0,0.0,14183522.500000002
2025-08-01 11:00:06 AM,672.0,1,672.0,14184194.500000002
2025-08-01 11:01:11 AM,672.05,95,63844.74999999999,14248039.250000002
2025-08-01 11:01:25 AM,672.9,0,0.0,14248039.250000002
2025-08-01 11:01:27 AM,672.9,1,672.9,14248712.150000002
2025-08-01 11:03:17 AM,672.15,0,0.0,14248712.150000002
2025-08-01 11:03:18 AM,672.15,2,1344.3,14250056.450000003
2025-08-01 11:04:02 AM,672.2,5,3361.0,14253417.450000003
2025-08-01 11:05:01 AM,672.3,0,0.0,14253417.450000003
2025-08-01 11:05:03 AM,672.3,1,672.3,14254089.750000004
2025-08-01 11:05:13 AM,672.85,0,0.0,14254089.750000004
2025-08-01 11:05:13 AM,672.85,1,672.85,14254762.600000003
2025-08-01 11:05:58 AM,672.25,13,8739.25,14263501.850000003
2025-08-01 11:06:13 AM,672.6,0,0.0,14263501.850000003
2025-08-01 11:06:13 AM,672.6,10,6726.0,14270227.850000003
2025-08-01 11:06:49 AM,672.6,10,6726.0,14276953.850000003
2025-08-01 11:07:21 AM,672.6,15,10089.0,14287042.850000003
2025-08-01 11:09:01 AM,672.45,0,0.0,14287042.850000003
2025-08-01 11:09:02 AM,672.45,1,672.45,14287715.300000003
2025-08-01 11:10:03 AM,672.15,1,672.15,14288387.450000003
2025-08-01 11:10:47 AM,673.2,200,134640.0,14423027.450000003
2025-08-01 11:12:10 AM,672.9,0,0.0,14423027.450000003
2025-08-01 11:12:12 AM,672.9,19,12785.1,14435812.550000003
2025-08-01 11:12:48 AM,673.25,0,0.0,14435812.550000003
2025-08-01 11:12:50 AM,673.25,1,673.25,14436485.800000003
2025-08-01 11:13:49 AM,673.6,0,0.0,14436485.800000003
2025-08-01 11:13:49 AM,673.6,45,30312.0,14466797.800000003
2025-08-01 11:14:18 AM,672.95,202,135935.90000000002,14602733.700000003
2025-08-01 11:15:00 AM,673.55,13,8756.15,14611489.850000003
2025-08-01 11:15:03 AM,672.95,0,0.0,14611489.850000003
2025-08-01 11:15:05 AM,672.95,1,672.95,14612162.800000003
2025-08-01 11:15:57 AM,672.95,1,672.95,14612835.750000002
2025-08-01 11:16:38 AM,673.5,0,0.0,14612835.750000002
2025-08-01 11:16:39 AM,673.5,1,673.5,14613509.250000002
2025-08-01 11:17:51 AM,672.95,16,10767.2,14624276.450000001
2025-08-01 11:18:00 AM,673.5,0,0.0,14624276.450000001
2025-08-01 11:18:01 AM,673.5,50,33675.0,14657951.450000001
2025-08-01 11:19:03 AM,673.55,0,0.0,14657951.450000001
2025-08-01 11:19:07 AM,673.55,10,6735.5,14664686.950000001
2025-08-01 11:20:03 AM,672.85,0,0.0,14664686.950000001
2025-08-01 11:20:07 AM,672.85,1,672.85,14665359.8
2025-08-01 11:20:16 AM,673.0,0,0.0,14665359.8
2025-08-01 11:20:17 AM,673.0,100,67300.0,14732659.8
2025-08-01 11:20:24 AM,673.55,0,0.0,14732659.8
2025-08-01 11:20:28 AM,673.55,1,673.55,14733333.350000001
2025-08-01 11:22:34 AM,673.55,2,1347.1,14734680.450000001
2025-08-01 11:22:35 AM,673.2,0,0.0,14734680.450000001
2025-08-01 11:22:39 AM,673.2,73,49143.600000000006,14783824.05
2025-08-01 11:23:02 AM,673.1,0,0.0,14783824.05
2025-08-01 11:23:05 AM,673.1,31,20866.100000000002,14804690.15
2025-08-01 11:24:12 AM,673.55,0,0.0,14804690.15
2025-08-01 11:24:17 AM,673.55,1,673.55,14805363.700000001
2025-08-01 11:25:03 AM,673.05,0,0.0,14805363.700000001
2025-08-01 11:25:05 AM,673.05,1,673.05,14806036.750000002
2025-08-01 11:25:56 AM,673.1,45,30289.5,14836326.250000002
2025-08-01 11:27:49 AM,673.1,1,673.1,14836999.350000001
2025-08-01 11:28:01 AM,673.0,0,0.0,14836999.350000001
2025-08-01 11:28:01 AM,673.0,306,205938.0,15042937.350000001
2025-08-01 11:28:31 AM,672.95,0,0.0,15042937.350000001
2025-08-01 11:28:33 AM,672.95,5,3364.75,15046302.100000001
2025-08-01 11:30:02 AM,673.35,0,0.0,15046302.100000001
2025-08-01 11:30:03 AM,673.35,2,1346.7,15047648.8
2025-08-01 11:31:48 AM,673.3,1,673.3,15048322.100000001
2025-08-01 11:31:59 AM,673.3,10,6733.0,15055055.100000001
2025-08-01 11:33:10 AM,673.15,0,0.0,15055055.100000001
2025-08-01 11:33:12 AM,673.15,1,673.15,15055728.250000002
2025-08-01 11:35:02 AM,672.65,0,0.0,15055728.250000002
2025-08-01 11:35:04 AM,672.65,31,20852.149999999998,15076580.400000002
2025-08-01 11:35:36 AM,673.1,0,0.0,15076580.400000002
2025-08-01 11:35:37 AM,673.1,1,673.1,15077253.500000002
2025-08-01 11:39:24 AM,672.95,1,672.95,15077926.450000001
2025-08-01 11:39:32 AM,672.5,26,17485.0,15095411.450000001
2025-08-01 11:39:34 AM,672.1,2,1344.2,15096755.65
2025-08-01 11:40:04 AM,674.7,0,0.0,15096755.65
2025-08-01 11:40:05 AM,674.7,3077,2076051.9000000001,17172807.55
2025-08-01 11:40:09 AM,674.8,0,0.0,17172807.55
2025-08-01 11:40:10 AM,674.8,11,7422.799999999999,17180230.35
2025-08-01 11:40:26 AM,675.0,41,27675.0,17207905.35
2025-08-01 11:40:46 AM,675.65,65,43917.25,17251822.6
2025-08-01 11:41:01 AM,674.85,1,674.85,17252497.450000003
2025-08-01 11:41:29 AM,674.45,0,0.0,17252497.450000003
2025-08-01 11:41:31 AM,674.45,20,13489.0,17265986.450000003
2025-08-01 11:41:42 AM,673.95,0,0.0,17265986.450000003
2025-08-01 11:41:46 AM,673.95,20,13479.0,17279465.450000003
2025-08-01 11:42:17 AM,673.95,1,673.95,17280139.400000002
2025-08-01 11:43:12 AM,674.9,0,0.0,17280139.400000002
2025-08-01 11:43:13 AM,675.35,0,0.0,17280139.400000002
2025-08-01 11:43:15 AM,675.35,1367,923203.4500000001,18203342.85
2025-08-01 11:43:36 AM,675.35,1,675.35,18204018.200000003
2025-08-01 11:44:06 AM,676.0,0,0.0,18204018.200000003
2025-08-01 11:44:07 AM,676.0,8,5408.0,18209426.200000003
2025-08-01 11:44:43 AM,676.0,200,135200.0,18344626.200000003
2025-08-01 11:44:53 AM,676.0,200,135200.0,18479826.200000003
2025-08-01 11:45:04 AM,675.45,1,675.45,18480501.650000002
2025-08-01 11:45:31 AM,675.35,25,16883.75,18497385.400000002
2025-08-01 11:46:18 AM,675.4,0,0.0,18497385.400000002
2025-08-01 11:46:18 AM,675.4,5,3377.0,18500762.400000002
2025-08-01 11:46:30 AM,675.5,0,0.0,18500762.400000002
2025-08-01 11:46:34 AM,675.5,5,3377.5,18504139.900000002
2025-08-01 11:46:57 AM,675.05,5,3375.25,18507515.150000002
2025-08-01 11:47:00 AM,675.5,0,0.0,18507515.150000002
2025-08-01 11:47:01 AM,675.5,1,675.5,18508190.650000002
2025-08-01 11:47:16 AM,675.5,10,6755.0,18514945.650000002
2025-08-01 11:48:03 AM,675.5,5,3377.5,18518323.150000002
2025-08-01 11:48:22 AM,675.5,20,13510.0,18531833.150000002
2025-08-01 11:48:32 AM,676.0,9,6084.0,18537917.150000002
2025-08-01 11:50:03 AM,675.55,0,0.0,18537917.150000002
2025-08-01 11:50:05 AM,675.55,1,675.55,18538592.700000003
2025-08-01 11:50:16 AM,675.55,4,2702.2,18541294.900000002
2025-08-01 11:50:48 AM,675.95,0,0.0,18541294.900000002
2025-08-01 11:50:49 AM,675.55,0,0.0,18541294.900000002
2025-08-01 11:50:51 AM,675.55,5,3377.75,18544672.650000002
2025-08-01 11:51:20 AM,675.55,100,67555.0,18612227.650000002
2025-08-01 11:52:24 AM,675.95,0,0.0,18612227.650000002
2025-08-01 11:52:25 AM,675.95,1,675.95,18612903.6
2025-08-01 11:52:34 AM,675.5,0,0.0,18612903.6
2025-08-01 11:52:36 AM,675.5,501,338425.5,18951329.1
2025-08-01 11:52:58 AM,675.9,0,0.0,18951329.1
2025-08-01 11:53:01 AM,675.5,55,37152.5,18988481.6
2025-08-01 11:53:22 AM,675.5,15,10132.5,18998614.1
2025-08-01 11:53:28 AM,675.5,50,33775.0,19032389.1
2025-08-01 11:53:50 AM,675.0,0,0.0,19032389.1
2025-08-01 11:53:52 AM,675.0,82,55350.0,19087739.1
2025-08-01 11:54:37 AM,675.5,0,0.0,19087739.1
2025-08-01 11:54:38 AM,675.5,1,675.5,19088414.6
2025-08-01 11:54:43 AM,675.5,1,675.5,19089090.1
2025-08-01 11:55:03 AM,675.05,0,0.0,19089090.1
2025-08-01 11:55:03 AM,675.05,1,675.05,19089765.150000002
2025-08-01 11:55:22 AM,675.5,0,0.0,19089765.150000002
2025-08-01 11:55:23 AM,675.5,1,675.5,19090440.650000002
2025-08-01 11:55:27 AM,675.05,0,0.0,19090440.650000002
2025-08-01 11:55:29 AM,675.05,2,1350.1,19091790.750000004
2025-08-01 11:55:38 AM,675.05,10,6750.5,19098541.250000004
2025-08-01 11:56:39 AM,675.05,5,3375.25,19101916.500000004
2025-08-01 11:58:24 AM,675.5,0,0.0,19101916.500000004
2025-08-01 11:58:27 AM,675.5,1,675.5,19102592.000000004
2025-08-01 11:58:53 AM,675.5,2,1351.0,19103943.000000004
2025-08-01 11:58:58 AM,675.5,13,8781.5,19112724.500000004
2025-08-01 11:59:03 AM,675.1,0,0.0,19112724.500000004
2025-08-01 11:59:03 AM,675.1,41,27679.100000000002,19140403.600000005
2025-08-01 11:59:12 AM,675.95,0,0.0,19140403.600000005
2025-08-01 11:59:14 AM,675.95,200,135190.0,19275593.600000005
2025-08-01 11:59:33 AM,676.0,0,0.0,19275593.600000005
2025-08-01 11:59:34 AM,676.0,335,226460.0,19502053.600000005
2025-08-01 11:59:45 AM,676.0,201,135876.0,19637929.600000005
2025-08-01 11:59:49 AM,676.5,0,0.0,19637929.600000005
2025-08-01 11:59:50 AM,676.5,138,93357.0,19731286.600000005
2025-08-01 11:59:50 AM,677.0,0,0.0,19731286.600000005
2025-08-01 11:59:52 AM,677.0,650,440050.0,20171336.600000005
2025-08-01 12:00:01 PM,677.1,0,0.0,20171336.600000005
2025-08-01 12:00:02 PM,677.1,1,677.1,20172013.700000007
2025-08-01 12:00:08 PM,677.5,110,74525.0,20246538.700000007
2025-08-01 12:00:11 PM,677.5,104,70460.0,20316998.700000007
2025-08-01 12:00:23 PM,677.7,652,441860.4,20758859.100000005
2025-08-01 12:00:25 PM,678.35,0,0.0,20758859.100000005
2025-08-01 12:00:26 PM,678.35,26,17637.100000000002,20776496.200000007
2025-08-01 12:00:36 PM,677.5,100,67750.0,20844246.200000007
2025-08-01 12:01:33 PM,677.8,0,0.0,20844246.200000007
2025-08-01 12:01:34 PM,677.8,1,677.8,20844924.000000007
2025-08-01 12:01:43 PM,677.5,0,0.0,20844924.000000007
2025-08-01 12:01:44 PM,677.5,246,166665.0,21011589.000000007
2025-08-01 12:01:52 PM,677.1,0,0.0,21011589.000000007
2025-08-01 12:01:53 PM,677.1,14,9479.4,21021068.400000006
2025-08-01 12:02:12 PM,676.8,0,0.0,21021068.400000006
2025-08-01 12:02:12 PM,676.8,1,676.8,21021745.200000007
2025-08-01 12:02:30 PM,676.2,87,58829.4,21080574.600000005
2025-08-01 12:02:43 PM,677.15,37,25054.55,21105629.150000006
2025-08-01 12:02:53 PM,676.6,1,676.6,21106305.750000007
2025-08-01 12:03:02 PM,676.1,0,0.0,21106305.750000007
2025-08-01 12:03:03 PM,676.1,10,6761.0,21113066.750000007
2025-08-01 12:03:13 PM,675.95,0,0.0,21113066.750000007
2025-08-01 12:03:15 PM,675.95,9,6083.55,21119150.30000001
2025-08-01 12:03:23 PM,675.75,0,0.0,21119150.30000001
2025-08-01 12:03:24 PM,675.75,50,33787.5,21152937.80000001
2025-08-01 12:04:31 PM,676.45,0,0.0,21152937.80000001
2025-08-01 12:04:32 PM,676.45,1,676.45,21153614.250000007
2025-08-01 12:05:03 PM,675.85,1,675.85,21154290.10000001
2025-08-01 12:05:35 PM,675.8,6,4054.7999999999997,21158344.90000001
2025-08-01 12:06:00 PM,676.2,0,0.0,21158344.90000001
2025-08-01 12:06:04 PM,676.2,1,676.2,21159021.10000001
2025-08-01 12:06:28 PM,675.75,5,3378.75,21162399.85000001
2025-08-01 12:07:03 PM,675.75,32,21624.0,21184023.85000001
2025-08-01 12:07:44 PM,677.15,250,169287.5,21353311.35000001
2025-08-01 12:09:48 PM,676.9,1,676.9,21353988.250000007
2025-08-01 12:09:49 PM,676.95,0,0.0,21353988.250000007
2025-08-01 12:09:53 PM,676.95,2,1353.9,21355342.150000006
2025-08-01 12:10:00 PM,676.15,0,0.0,21355342.150000006
2025-08-01 12:10:01 PM,676.2,0,0.0,21355342.150000006
2025-08-01 12:10:03 PM,676.2,11,7438.200000000001,21362780.350000005
2025-08-01 12:10:26 PM,676.0,0,0.0,21362780.350000005
2025-08-01 12:10:28 PM,676.0,3,2028.0,21364808.350000005
2025-08-01 12:11:47 PM,676.0,50,33800.0,21398608.350000005
2025-08-01 12:12:02 PM,676.0,41,27716.0,21426324.350000005
2025-08-01 12:12:07 PM,675.7,100,67570.0,21493894.350000005
2025-08-01 12:13:00 PM,676.5,0,0.0,21493894.350000005
2025-08-01 12:13:03 PM,676.5,2,1353.0,21495247.350000005
2025-08-01 12:13:04 PM,676.95,0,0.0,21495247.350000005
2025-08-01 12:13:08 PM,676.95,213,144190.35,21639437.700000007
2025-08-01 12:13:31 PM,676.0,0,0.0,21639437.700000007
2025-08-01 12:13:32 PM,676.0,30,20280.0,21659717.700000007
2025-08-01 12:13:36 PM,676.85,0,0.0,21659717.700000007
2025-08-01 12:13:37 PM,676.85,1,676.85,21660394.55000001
2025-08-01 12:13:47 PM,675.9,0,0.0,21660394.55000001
2025-08-01 12:13:47 PM,675.9,37,25008.3,21685402.85000001
2025-08-01 12:13:58 PM,675.8,0,0.0,21685402.85000001
2025-08-01 12:13:58 PM,675.8,97,65552.59999999999,21750955.45000001
2025-08-01 12:14:24 PM,676.65,0,0.0,21750955.45000001
2025-08-01 12:14:27 PM,676.65,69,46688.85,21797644.300000012
2025-08-01 12:15:00 PM,676.7,0,0.0,21797644.300000012
2025-08-01 12:15:02 PM,676.7,2,1353.4,21798997.70000001
2025-08-01 12:15:03 PM,676.1,1,676.1,21799673.800000012
2025-08-01 12:15:16 PM,675.6,0,0.0,21799673.800000012
2025-08-01 12:15:18 PM,675.6,156,105393.6,21905067.400000013
2025-08-01 12:15:38 PM,675.05,0,0.0,21905067.400000013
2025-08-01 12:15:38 PM,675.05,1,675.05,21905742.450000014
2025-08-01 12:15:50 PM,677.0,0,0.0,21905742.450000014
2025-08-01 12:15:54 PM,677.0,300,203100.0,22108842.450000014
2025-08-01 12:15:54 PM,676.95,0,0.0,22108842.450000014
2025-08-01 12:15:54 PM,676.95,120,81234.0,22190076.450000014
2025-08-01 12:16:18 PM,675.7,0,0.0,22190076.450000014
2025-08-01 12:16:18 PM,675.7,1,675.7,22190752.150000013
2025-08-01 12:16:56 PM,675.2,0,0.0,22190752.150000013
2025-08-01 12:16:57 PM,675.2,51,34435.200000000004,22225187.350000013
2025-08-01 12:17:24 PM,675.65,0,0.0,22225187.350000013
2025-08-01 12:17:27 PM,675.65,1,675.65,22225863.00000001
2025-08-01 12:19:40 PM,675.9,4,2703.6,22228566.600000013
2025-08-01 12:20:03 PM,675.2,0,0.0,22228566.600000013
2025-08-01 12:20:06 PM,675.2,1,675.2,22229241.800000012
2025-08-01 12:21:12 PM,675.65,0,0.0,22229241.800000012
2025-08-01 12:21:13 PM,675.65,1,675.65,22229917.45000001
2025-08-01 12:22:17 PM,675.65,1,675.65,22230593.10000001
2025-08-01 12:23:41 PM,675.65,2,1351.3,22231944.40000001
2025-08-01 12:25:00 PM,676.2,0,0.0,22231944.40000001
2025-08-01 12:25:01 PM,676.2,1,676.2,22232620.60000001
2025-08-01 12:25:03 PM,675.45,0,0.0,22232620.60000001
2025-08-01 12:25:06 PM,675.45,1,675.45,22233296.05000001
2025-08-01 12:25:43 PM,675.6,0,0.0,22233296.05000001
2025-08-01 12:25:46 PM,675.6,2,1351.2,22234647.250000007
2025-08-01 12:26:09 PM,677.0,0,0.0,22234647.250000007
2025-08-01 12:26:12 PM,677.0,452,306004.0,22540651.250000007
2025-08-01 12:26:33 PM,675.5,0,0.0,22540651.250000007
2025-08-01 12:26:37 PM,675.5,2,1351.0,22542002.250000007
2025-08-01 12:26:41 PM,676.15,0,0.0,22542002.250000007
2025-08-01 12:26:42 PM,676.15,3,2028.4499999999998,22544030.700000007
2025-08-01 12:28:02 PM,676.05,0,0.0,22544030.700000007
2025-08-01 12:28:02 PM,676.05,4,2704.2,22546734.900000006
2025-08-01 12:28:34 PM,675.5,0,0.0,22546734.900000006
2025-08-01 12:28:36 PM,675.5,69,46609.5,22593344.400000006
2025-08-01 12:28:43 PM,676.45,100,67645.0,22660989.400000006
2025-08-01 12:28:48 PM,676.2,0,0.0,22660989.400000006
2025-08-01 12:28:51 PM,676.2,1,676.2,22661665.600000005
2025-08-01 12:28:59 PM,676.0,0,0.0,22661665.600000005
2025-08-01 12:29:01 PM,676.0,36,24336.0,22686001.600000005
2025-08-01 12:29:05 PM,676.0,8,5408.0,22691409.600000005
2025-08-01 12:29:44 PM,676.0,2,1352.0,22692761.600000005
2025-08-01 12:30:03 PM,675.5,1,675.5,22693437.100000005
2025-08-01 12:32:36 PM,675.95,0,0.0,22693437.100000005
2025-08-01 12:32:37 PM,675.95,1,675.95,22694113.050000004
2025-08-01 12:33:42 PM,675.0,0,0.0,22694113.050000004
2025-08-01 12:33:43 PM,675.0,275,185625.0,22879738.050000004
2025-08-01 12:34:02 PM,675.85,0,0.0,22879738.050000004
2025-08-01 12:34:02 PM,675.85,50,33792.5,22913530.550000004
2025-08-01 12:35:03 PM,675.2,1,675.2,22914205.750000004
2025-08-01 12:36:06 PM,675.3,5,3376.5,22917582.250000004
2025-08-01 12:36:14 PM,675.15,0,0.0,22917582.250000004
2025-08-01 12:36:16 PM,675.15,60,40509.0,22958091.250000004
2025-08-01 12:36:24 PM,675.7,0,0.0,22958091.250000004
2025-08-01 12:36:26 PM,675.7,1,675.7,22958766.950000003
2025-08-01 12:36:37 PM,675.2,12,8102.400000000001,22966869.35
2025-08-01 12:37:27 PM,675.0,11,7425.0,22974294.35
2025-08-01 12:37:32 PM,675.0,8,5400.0,22979694.35
2025-08-01 12:37:37 PM,675.0,350,236250.0,23215944.35
2025-08-01 12:38:07 PM,675.0,15,10125.0,23226069.35
2025-08-01 12:38:22 PM,675.0,10,6750.0,23232819.35
2025-08-01 12:38:58 PM,675.0,13,8775.0,23241594.35
2025-08-01 12:39:45 PM,675.0,12,8100.0,23249694.35
2025-08-01 12:39:51 PM,675.35,0,0.0,23249694.35
2025-08-01 12:39:55 PM,675.35,40,27014.0,23276708.35
2025-08-01 12:39:56 PM,675.0,150,101250.0,23377958.35
2025-08-01 12:40:01 PM,675.0,1,675.0,23378633.35
2025-08-01 12:40:12 PM,675.35,0,0.0,23378633.35
2025-08-01 12:40:16 PM,675.35,1,675.35,23379308.700000003
2025-08-01 12:40:37 PM,675.0,228,153900.0,23533208.700000003
2025-08-01 12:40:47 PM,675.0,110,74250.0,23607458.700000003
2025-08-01 12:41:08 PM,675.0,700,472500.0,24079958.700000003
2025-08-01 12:41:19 PM,675.8,0,0.0,24079958.700000003
2025-08-01 12:41:24 PM,675.8,73,49333.399999999994,24129292.1
2025-08-01 12:43:00 PM,675.55,0,0.0,24129292.1
2025-08-01 12:43:02 PM,675.55,10,6755.5,24136047.6
2025-08-01 12:44:01 PM,675.5,0,0.0,24136047.6
2025-08-01 12:44:02 PM,675.5,1,675.5,24136723.1
2025-08-01 12:44:40 PM,675.5,110,74305.0,24211028.1
2025-08-01 12:44:45 PM,675.5,20,13510.0,24224538.1
2025-08-01 12:45:03 PM,675.05,0,0.0,24224538.1
2025-08-01 12:45:05 PM,675.05,1,675.05,24225213.150000002
2025-08-01 12:46:08 PM,675.0,9,6075.0,24231288.150000002
2025-08-01 12:46:22 PM,675.0,110,74250.0,24305538.150000002
2025-08-01 12:46:58 PM,675.8,0,0.0,24305538.150000002
2025-08-01 12:47:03 PM,675.8,110,74338.0,24379876.150000002
2025-08-01 12:47:03 PM,675.1,1,675.1,24380551.250000004
2025-08-01 12:47:48 PM,675.5,0,0.0,24380551.250000004
2025-08-01 12:47:48 PM,675.5,1,675.5,24381226.750000004
2025-08-01 12:47:53 PM,675.5,3,2026.5,24383253.250000004
2025-08-01 12:48:12 PM,675.9,0,0.0,24383253.250000004
2025-08-01 12:48:13 PM,675.9,200,135180.0,24518433.250000004
2025-08-01 12:48:44 PM,676.95,1062,718920.9,25237354.150000002
2025-08-01 12:49:37 PM,676.95,100,67695.0,25305049.150000002
2025-08-01 12:49:37 PM,675.95,0,0.0,25305049.150000002
2025-08-01 12:49:38 PM,675.95,100,67595.0,25372644.150000002
2025-08-01 12:50:03 PM,675.95,1,675.95,25373320.1
2025-08-01 12:50:22 PM,676.5,0,0.0,25373320.1
2025-08-01 12:50:24 PM,676.5,1,676.5,25373996.6
2025-08-01 12:50:37 PM,676.45,0,0.0,25373996.6
2025-08-01 12:50:40 PM,676.45,1,676.45,25374673.05
2025-08-01 12:50:45 PM,676.4,1,676.4,25375349.45
2025-08-01 12:51:36 PM,676.35,0,0.0,25375349.45
2025-08-01 12:51:37 PM,676.35,1,676.35,25376025.8
2025-08-01 12:52:14 PM,676.5,0,0.0,25376025.8
2025-08-01 12:52:15 PM,676.5,50,33825.0,25409850.8
2025-08-01 12:53:05 PM,677.45,300,203235.0,25613085.8
2025-08-01 12:53:15 PM,676.55,5,3382.75,25616468.55
2025-08-01 12:53:58 PM,677.3,0,0.0,25616468.55
2025-08-01 12:54:01 PM,677.3,1,677.3,25617145.85
2025-08-01 12:55:04 PM,676.7,0,0.0,25617145.85
2025-08-01 12:55:08 PM,676.7,1,676.7,25617822.55
2025-08-01 12:55:18 PM,676.7,1,676.7,25618499.25
2025-08-01 12:55:20 PM,677.3,0,0.0,25618499.25
2025-08-01 12:55:23 PM,677.3,10,6773.0,25625272.25
2025-08-01 12:55:24 PM,677.3,2,1354.6,25626626.85
2025-08-01 12:55:39 PM,676.5,30,20295.0,25646921.85
2025-08-01 12:56:48 PM,675.5,500,337750.0,25984671.85
2025-08-01 12:57:44 PM,676.65,7,4736.55,25989408.400000002
2025-08-01 12:57:52 PM,676.5,0,0.0,25989408.400000002
2025-08-01 12:57:53 PM,676.5,50,33825.0,26023233.400000002
2025-08-01 12:59:12 PM,676.2,0,0.0,26023233.400000002
2025-08-01 12:59:14 PM,676.2,1,676.2,26023909.6
2025-08-01 01:00:03 PM,675.5,0,0.0,26023909.6
2025-08-01 01:00:06 PM,675.5,1,675.5,26024585.1
2025-08-01 01:02:55 PM,675.6,0,0.0,26024585.1
2025-08-01 01:02:55 PM,675.6,36,24321.600000000002,26048906.700000003
2025-08-01 01:03:00 PM,675.8,1,675.8,26049582.500000004
2025-08-01 01:03:59 PM,675.8,6,4054.7999999999997,26053637.300000004
2025-08-01 01:04:08 PM,675.8,15,10137.0,26063774.300000004
2025-08-01 01:05:03 PM,675.6,1,675.6,26064449.900000006
2025-08-01 01:05:18 PM,675.8,2,1351.6,26065801.500000007
2025-08-01 01:06:49 PM,676.35,0,0.0,26065801.500000007
2025-08-01 01:06:50 PM,676.35,1,676.35,26066477.85000001
2025-08-01 01:07:10 PM,676.35,10,6763.5,26073241.35000001
2025-08-01 01:08:16 PM,676.65,0,0.0,26073241.35000001
2025-08-01 01:08:17 PM,676.65,19,12856.35,26086097.70000001
2025-08-01 01:09:54 PM,675.8,122,82447.59999999999,26168545.300000012
2025-08-01 01:10:02 PM,676.1,0,0.0,26168545.300000012
2025-08-01 01:10:02 PM,676.1,139,93977.90000000001,26262523.20000001
2025-08-01 01:10:36 PM,676.0,0,0.0,26262523.20000001
2025-08-01 01:10:37 PM,676.0,1,676.0,26263199.20000001
2025-08-01 01:10:53 PM,675.3,0,0.0,26263199.20000001
2025-08-01 01:10:53 PM,675.3,8,5402.4,26268601.60000001
2025-08-01 01:12:33 PM,675.95,0,0.0,26268601.60000001
2025-08-01 01:12:34 PM,675.95,1,675.95,26269277.55000001
2025-08-01 01:12:45 PM,676.05,0,0.0,26269277.55000001
2025-08-01 01:12:48 PM,676.05,1,676.05,26269953.60000001
2025-08-01 01:13:28 PM,676.05,50,33802.5,26303756.10000001
2025-08-01 01:13:30 PM,675.45,1,675.45,26304431.55000001
2025-08-01 01:14:24 PM,676.1,1,676.1,26305107.65000001
2025-08-01 01:14:37 PM,676.05,0,0.0,26305107.65000001
2025-08-01 01:14:37 PM,676.05,1,676.05,26305783.70000001
2025-08-01 01:14:37 PM,675.5,0,0.0,26305783.70000001
2025-08-01 01:14:40 PM,675.5,1,675.5,26306459.20000001
2025-08-01 01:15:03 PM,675.5,1,675.5,26307134.70000001
2025-08-01 01:15:26 PM,676.1,0,0.0,26307134.70000001
2025-08-01 01:15:28 PM,676.1,1,676.1,26307810.800000012
2025-08-01 01:18:16 PM,676.1,1,676.1,26308486.900000013
2025-08-01 01:19:44 PM,675.55,0,0.0,26308486.900000013
2025-08-01 01:19:44 PM,675.55,2,1351.1,26309838.000000015
2025-08-01 01:20:03 PM,675.35,0,0.0,26309838.000000015
2025-08-01 01:20:04 PM,675.35,1,675.35,26310513.350000016
2025-08-01 01:20:20 PM,675.35,4,2701.4,26313214.750000015
2025-08-01 01:20:55 PM,675.35,4,2701.4,26315916.150000013
2025-08-01 01:21:35 PM,675.35,16,10805.6,26326721.750000015
2025-08-01 01:22:04 PM,675.35,1,675.35,26327397.100000016
2025-08-01 01:22:08 PM,675.35,8,5402.8,26332799.900000017
2025-08-01 01:24:23 PM,676.05,0,0.0,26332799.900000017
2025-08-01 01:24:25 PM,676.05,25,16901.25,26349701.150000017
2025-08-01 01:24:41 PM,675.4,0,0.0,26349701.150000017
2025-08-01 01:24:44 PM,675.4,40,27016.0,26376717.150000017
2025-08-01 01:25:02 PM,675.4,1,675.4,26377392.550000016
2025-08-01 01:25:47 PM,675.4,10,6754.0,26384146.550000016
2025-08-01 01:25:49 PM,675.85,0,0.0,26384146.550000016
2025-08-01 01:25:53 PM,675.85,1,675.85,26384822.400000017
2025-08-01 01:27:06 PM,676.0,0,0.0,26384822.400000017
2025-08-01 01:27:07 PM,676.0,9,6084.0,26390906.400000017
2025-08-01 01:27:46 PM,676.0,2,1352.0,26392258.400000017
2025-08-01 01:29:36 PM,676.0,1,676.0,26392934.400000017
2025-08-01 01:29:45 PM,676.0,3,2028.0,26394962.400000017
2025-08-01 01:30:03 PM,675.55,0,0.0,26394962.400000017
2025-08-01 01:30:04 PM,675.55,1,675.55,26395637.950000018
2025-08-01 01:31:52 PM,676.0,0,0.0,26395637.950000018
2025-08-01 01:31:54 PM,676.0,15,10140.0,26405777.950000018
2025-08-01 01:32:11 PM,675.6,0,0.0,26405777.950000018
2025-08-01 01:32:12 PM,675.9,0,0.0,26405777.950000018
2025-08-01 01:32:14 PM,675.9,25,16897.5,26422675.450000018
2025-08-01 01:33:27 PM,675.9,1,675.9,26423351.350000016
2025-08-01 01:34:47 PM,675.9,8,5407.2,26428758.550000016
2025-08-01 01:35:03 PM,675.55,1,675.55,26429434.100000016
2025-08-01 01:37:12 PM,675.9,0,0.0,26429434.100000016
2025-08-01 01:37:13 PM,675.9,1,675.9,26430110.000000015
2025-08-01 01:37:33 PM,675.9,10,6759.0,26436869.000000015
2025-08-01 01:38:46 PM,675.55,9,6079.95,26442948.950000014
2025-08-01 01:39:29 PM,675.55,35,23644.25,26466593.200000014
2025-08-01 01:39:30 PM,675.55,31,20942.05,26487535.250000015
2025-08-01 01:39:34 PM,675.4,99,66864.59999999999,26554399.850000016
2025-08-01 01:40:04 PM,675.35,0,0.0,26554399.850000016
2025-08-01 01:40:04 PM,675.35,1,675.35,26555075.200000018
2025-08-01 01:40:59 PM,675.0,0,0.0,26555075.200000018
2025-08-01 01:41:00 PM,675.0,281,189675.0,26744750.200000018
2025-08-01 01:41:00 PM,675.45,1,675.45,26745425.650000017
2025-08-01 01:43:14 PM,675.0,0,0.0,26745425.650000017
2025-08-01 01:43:18 PM,675.0,49,33075.0,26778500.650000017
2025-08-01 01:44:48 PM,675.4,0,0.0,26778500.650000017
2025-08-01 01:44:52 PM,675.4,1,675.4,26779176.050000016
2025-08-01 01:44:58 PM,675.0,0,0.0,26779176.050000016
2025-08-01 01:45:02 PM,675.0,161,108675.0,26887851.050000016
2025-08-01 01:45:12 PM,675.0,15,10125.0,26897976.050000016
2025-08-01 01:45:17 PM,675.0,100,67500.0,26965476.050000016
2025-08-01 01:47:34 PM,675.15,0,0.0,26965476.050000016
2025-08-01 01:47:36 PM,675.15,17,11477.55,26976953.600000016
2025-08-01 01:48:11 PM,675.15,72,48610.799999999996,27025564.400000017
2025-08-01 01:48:36 PM,675.3,0,0.0,27025564.400000017
2025-08-01 01:48:37 PM,675.3,1,675.3,27026239.700000018
2025-08-01 01:49:07 PM,675.15,0,0.0,27026239.700000018
2025-08-01 01:49:10 PM,675.15,10,6751.5,27032991.200000018
2025-08-01 01:49:44 PM,675.15,17,11477.55,27044468.75000002
2025-08-01 01:50:03 PM,675.15,1,675.15,27045143.900000017
2025-08-01 01:51:36 PM,675.15,62,41859.299999999996,27087003.200000018
2025-08-01 01:52:24 PM,675.5,0,0.0,27087003.200000018
2025-08-01 01:52:25 PM,675.5,1,675.5,27087678.700000018
2025-08-01 01:55:03 PM,675.0,1,675.0,27088353.700000018
2025-08-01 01:55:24 PM,675.0,4,2700.0,27091053.700000018
2025-08-01 01:55:29 PM,675.0,14,9450.0,27100503.700000018
2025-08-01 01:56:12 PM,675.35,0,0.0,27100503.700000018
2025-08-01 01:56:13 PM,675.35,1,675.35,27101179.05000002
2025-08-01 01:56:40 PM,675.85,0,0.0,27101179.05000002
2025-08-01 01:56:43 PM,675.85,98,66233.3,27167412.35000002
2025-08-01 01:58:25 PM,675.15,0,0.0,27167412.35000002
2025-08-01 01:58:26 PM,675.15,2,1350.3,27168762.65000002
2025-08-01 01:58:47 PM,675.9,0,0.0,27168762.65000002
2025-08-01 01:58:47 PM,675.9,120,81108.0,27249870.65000002
2025-08-01 01:58:47 PM,675.0,0,0.0,27249870.65000002
2025-08-01 01:58:51 PM,675.0,100,67500.0,27317370.65000002
2025-08-01 01:59:25 PM,675.1,0,0.0,27317370.65000002
2025-08-01 01:59:27 PM,675.1,3,2025.3000000000002,27319395.95000002
2025-08-01 02:00:13 PM,675.1,15,10126.5,27329522.45000002
2025-08-01 02:00:25 PM,675.15,0,0.0,27329522.45000002
2025-08-01 02:00:27 PM,675.15,2,1350.3,27330872.750000022
2025-08-01 02:00:31 PM,675.5,0,0.0,27330872.750000022
2025-08-01 02:00:32 PM,675.5,8,5404.0,27336276.750000022
2025-08-01 02:02:14 PM,675.05,2,1350.1,27337626.850000024
2025-08-01 02:02:15 PM,675.5,0,0.0,27337626.850000024
2025-08-01 02:02:18 PM,675.5,23,15536.5,27353163.350000024
2025-08-01 02:03:04 PM,675.0,0,0.0,27353163.350000024
2025-08-01 02:03:09 PM,675.0,1749,1180575.0,28533738.350000024
2025-08-01 02:03:19 PM,675.0,25,16875.0,28550613.350000024
2025-08-01 02:03:24 PM,675.0,4,2700.0,28553313.350000024
2025-08-01 02:03:43 PM,675.65,0,0.0,28553313.350000024
2025-08-01 02:03:44 PM,675.65,46,31079.899999999998,28584393.250000022
2025-08-01 02:05:20 PM,675.0,2075,1400625.0,29985018.250000022
2025-08-01 02:05:25 PM,675.0,5,3375.0,29988393.250000022
2025-08-01 02:06:24 PM,675.1,2,1350.2,29989743.45000002
2025-08-01 02:06:45 PM,675.05,0,0.0,29989743.45000002
2025-08-01 02:06:45 PM,675.05,36,24301.8,30014045.250000022
2025-08-01 02:07:17 PM,675.05,50,33752.5,30047797.750000022
2025-08-01 02:07:26 PM,675.05,2,1350.1,30049147.850000024
2025-08-01 02:08:08 PM,675.05,34,22951.699999999997,30072099.550000023
2025-08-01 02:08:28 PM,675.05,2,1350.1,30073449.650000025
2025-08-01 02:09:16 PM,675.1,0,0.0,30073449.650000025
2025-08-01 02:09:20 PM,675.1,34,22953.4,30096403.050000023
2025-08-01 02:09:25 PM,675.1,3,2025.3000000000002,30098428.350000024
2025-08-01 02:09:30 PM,675.1,30,20253.0,30118681.350000024
2025-08-01 02:09:34 PM,675.05,0,0.0,30118681.350000024
2025-08-01 02:09:34 PM,675.05,19,12825.949999999999,30131507.300000023
2025-08-01 02:10:09 PM,675.05,26,17551.3,30149058.600000024
2025-08-01 02:10:24 PM,675.05,2,1350.1,30150408.700000025
2025-08-01 02:11:00 PM,675.05,29,19576.449999999997,30169985.150000025
2025-08-01 02:11:05 PM,675.7,0,0.0,30169985.150000025
2025-08-01 02:11:05 PM,675.7,118,79732.6,30249717.750000026
2025-08-01 02:12:25 PM,675.15,0,0.0,30249717.750000026
2025-08-01 02:12:28 PM,675.15,2,1350.3,30251068.050000027
2025-08-01 02:13:24 PM,675.15,4,2700.6,30253768.65000003
2025-08-01 02:14:24 PM,675.15,3,2025.4499999999998,30255794.100000028
2025-08-01 02:14:38 PM,675.65,5,3378.25,30259172.350000028
2025-08-01 02:14:40 PM,675.15,50,33757.5,30292929.850000028
2025-08-01 02:15:24 PM,675.15,2,1350.3,30294280.15000003
2025-08-01 02:16:24 PM,675.1,0,0.0,30294280.15000003
2025-08-01 02:16:25 PM,675.1,2,1350.2,30295630.350000028
2025-08-01 02:17:24 PM,675.1,2,1350.2,30296980.550000027
2025-08-01 02:18:25 PM,675.1,2,1350.2,30298330.750000026
2025-08-01 02:19:27 PM,675.1,3,2025.3000000000002,30300356.050000027
2025-08-01 02:20:24 PM,675.1,2,1350.2,30301706.250000026
2025-08-01 02:21:10 PM,675.9,235,158836.5,30460542.750000026
2025-08-01 02:21:24 PM,675.2,0,0.0,30460542.750000026
2025-08-01 02:21:26 PM,675.2,237,160022.40000000002,30620565.150000025
2025-08-01 02:22:18 PM,675.1,0,0.0,30620565.150000025
2025-08-01 02:22:19 PM,675.1,15,10126.5,30630691.650000025
2025-08-01 02:22:24 PM,675.05,2,1350.1,30632041.750000026
2025-08-01 02:22:34 PM,675.65,0,0.0,30632041.750000026
2025-08-01 02:22:35 PM,675.65,4,2702.6,30634744.350000028
2025-08-01 02:23:07 PM,675.65,2,1351.3,30636095.65000003
2025-08-01 02:23:15 PM,675.05,0,0.0,30636095.65000003
2025-08-01 02:23:18 PM,675.05,100,67505.0,30703600.65000003
2025-08-01 02:23:28 PM,675.05,2,1350.1,30704950.75000003
2025-08-01 02:24:24 PM,675.1,0,0.0,30704950.75000003
2025-08-01 02:24:26 PM,675.1,3,2025.3000000000002,30706976.05000003
2025-08-01 02:24:42 PM,675.05,200,135010.0,30841986.05000003
2025-08-01 02:24:53 PM,675.2,400,270080.0,31112066.05000003
2025-08-01 02:24:58 PM,675.2,32,21606.4,31133672.45000003
2025-08-01 02:25:09 PM,675.05,60,40503.0,31174175.45000003
2025-08-01 02:25:14 PM,675.05,150,101257.5,31275432.95000003
2025-08-01 02:25:25 PM,675.05,2,1350.1,31276783.05000003
2025-08-01 02:25:30 PM,675.0,0,0.0,31276783.05000003
2025-08-01 02:25:31 PM,675.0,2368,1598400.0,32875183.05000003
2025-08-01 02:26:07 PM,675.0,10,6750.0,32881933.05000003
2025-08-01 02:26:24 PM,675.0,2,1350.0,32883283.05000003
2025-08-01 02:26:28 PM,675.0,22,14850.0,32898133.05000003
2025-08-01 02:26:44 PM,675.0,500,337500.0,33235633.05000003
2025-08-01 02:27:17 PM,675.0,24,16200.0,33251833.05000003
2025-08-01 02:27:28 PM,675.0,3,2025.0,33253858.05000003
2025-08-01 02:28:16 PM,675.0,30,20250.0,33274108.05000003
2025-08-01 02:28:22 PM,675.0,9,6075.0,33280183.05000003
2025-08-01 02:28:27 PM,675.0,2,1350.0,33281533.05000003
2025-08-01 02:29:24 PM,675.0,3,2025.0,33283558.05000003
2025-08-01 02:29:35 PM,675.0,30,20250.0,33303808.05000003
2025-08-01 02:30:24 PM,675.0,2,1350.0,33305158.05000003
2025-08-01 02:30:40 PM,675.0,38,25650.0,33330808.05000003
2025-08-01 02:30:55 PM,675.0,230,155250.0,33486058.05000003
2025-08-01 02:31:03 PM,675.2,0,0.0,33486058.05000003
2025-08-01 02:31:07 PM,675.2,10,6752.0,33492810.05000003
2025-08-01 02:31:39 PM,676.0,0,0.0,33492810.05000003
2025-08-01 02:31:40 PM,676.0,200,135200.0,33628010.05000003
2025-08-01 02:32:01 PM,675.15,14,9452.1,33637462.15000003
2025-08-01 02:32:20 PM,675.8,0,0.0,33637462.15000003
2025-08-01 02:32:23 PM,675.8,20,13516.0,33650978.15000003
2025-08-01 02:32:28 PM,675.75,0,0.0,33650978.15000003
2025-08-01 02:32:28 PM,675.75,10,6757.5,33657735.65000003
2025-08-01 02:34:26 PM,675.25,0,0.0,33657735.65000003
2025-08-01 02:34:26 PM,675.25,2,1350.5,33659086.15000003
2025-08-01 02:35:25 PM,675.3,0,0.0,33659086.15000003
2025-08-01 02:35:26 PM,675.3,5,3376.5,33662462.65000003
2025-08-01 02:35:47 PM,675.3,29,19583.699999999997,33682046.35000003
2025-08-01 02:36:18 PM,675.0,1000,675000.0,34357046.35000003
2025-08-01 02:36:25 PM,675.1,0,0.0,34357046.35000003
2025-08-01 02:36:26 PM,675.1,2,1350.2,34358396.550000034
2025-08-01 02:37:24 PM,675.1,2,1350.2,34359746.75000004
2025-08-01 02:37:54 PM,675.05,29,19576.449999999997,34379323.20000004
2025-08-01 02:38:22 PM,675.0,121,81675.0,34460998.20000004
2025-08-01 02:38:24 PM,675.0,2,1350.0,34462348.20000004
2025-08-01 02:38:51 PM,675.5,0,0.0,34462348.20000004
2025-08-01 02:38:51 PM,675.5,19,12834.5,34475182.70000004
2025-08-01 02:39:11 PM,675.0,0,0.0,34475182.70000004
2025-08-01 02:39:15 PM,675.0,40,27000.0,34502182.70000004
2025-08-01 02:39:26 PM,675.0,3,2025.0,34504207.70000004
2025-08-01 02:39:59 PM,675.0,27,18225.0,34522432.70000004
2025-08-01 02:40:19 PM,675.45,0,0.0,34522432.70000004
2025-08-01 02:40:21 PM,675.45,1,675.45,34523108.15000004
2025-08-01 02:40:38 PM,675.0,46,31050.0,34554158.15000004
2025-08-01 02:41:28 PM,675.0,4,2700.0,34556858.15000004
2025-08-01 02:41:43 PM,675.0,25,16875.0,34573733.15000004
2025-08-01 02:42:21 PM,676.0,250,169000.0,34742733.15000004
2025-08-01 02:42:41 PM,675.85,10,6758.5,34749491.65000004
2025-08-01 02:42:49 PM,676.0,0,0.0,34749491.65000004
2025-08-01 02:42:52 PM,676.0,100,67600.0,34817091.65000004
2025-08-01 02:43:45 PM,675.0,0,0.0,34817091.65000004
2025-08-01 02:43:46 PM,675.0,200,135000.0,34952091.65000004
2025-08-01 02:44:03 PM,675.0,19,12825.0,34964916.65000004
2025-08-01 02:44:25 PM,675.0,5,3375.0,34968291.65000004
2025-08-01 02:44:37 PM,675.0,150,101250.0,35069541.65000004
2025-08-01 02:45:05 PM,675.0,101,68175.0,35137716.65000004
2025-08-01 02:45:27 PM,675.0,2,1350.0,35139066.65000004
2025-08-01 02:45:39 PM,675.0,30,20250.0,35159316.65000004
2025-08-01 02:45:59 PM,675.4,0,0.0,35159316.65000004
2025-08-01 02:46:00 PM,675.4,10,6754.0,35166070.65000004
2025-08-01 02:46:02 PM,675.45,0,0.0,35166070.65000004
2025-08-01 02:46:06 PM,675.45,14,9456.300000000001,35175526.95000004
2025-08-01 02:46:12 PM,675.45,25,16886.25,35192413.20000004
2025-08-01 02:46:13 PM,675.45,15,10131.75,35202544.95000004
2025-08-01 02:46:23 PM,675.45,9,6079.05,35208624.00000004
2025-08-01 02:46:29 PM,675.45,14,9456.300000000001,35218080.300000034
2025-08-01 02:46:34 PM,675.9,0,0.0,35218080.300000034
2025-08-01 02:46:34 PM,675.9,13,8786.699999999999,35226867.00000004
2025-08-01 02:46:43 PM,675.05,0,0.0,35226867.00000004
2025-08-01 02:46:45 PM,675.05,15,10125.75,35236992.75000004
2025-08-01 02:47:25 PM,675.1,0,0.0,35236992.75000004
2025-08-01 02:47:25 PM,675.1,2,1350.2,35238342.95000004
2025-08-01 02:47:25 PM,675.95,9,6083.55,35244426.50000004
2025-08-01 02:47:54 PM,675.9,0,0.0,35244426.50000004
2025-08-01 02:47:59 PM,675.9,10,6759.0,35251185.50000004
2025-08-01 02:48:11 PM,675.1,7,4725.7,35255911.20000004
2025-08-01 02:48:28 PM,675.1,2,1350.2,35257261.40000004
2025-08-01 02:49:28 PM,675.1,3,2025.3000000000002,35259286.70000004
2025-08-01 02:49:59 PM,675.7,0,0.0,35259286.70000004
2025-08-01 02:50:02 PM,675.7,18,12162.6,35271449.30000004
2025-08-01 02:50:02 PM,675.1,15,10126.5,35281575.80000004
2025-08-01 02:50:09 PM,675.9,0,0.0,35281575.80000004
2025-08-01 02:50:13 PM,675.9,12,8110.799999999999,35289686.60000004
2025-08-01 02:50:27 PM,675.75,0,0.0,35289686.60000004
2025-08-01 02:50:29 PM,675.75,11,7433.25,35297119.85000004
2025-08-01 02:50:46 PM,675.75,4,2703.0,35299822.85000004
2025-08-01 02:51:24 PM,675.3,2,1350.6,35301173.45000004
2025-08-01 02:52:12 PM,675.9,15,10138.5,35311311.95000004
2025-08-01 02:52:50 PM,675.95,11,7435.450000000001,35318747.40000004
2025-08-01 02:52:58 PM,675.0,0,0.0,35318747.40000004
2025-08-01 02:53:00 PM,675.65,204,137832.6,35456580.000000045
2025-08-01 02:53:03 PM,675.75,0,0.0,35456580.000000045
2025-08-01 02:53:04 PM,675.65,0,0.0,35456580.000000045
2025-08-01 02:53:05 PM,675.65,18,12161.699999999999,35468741.70000005
2025-08-01 02:54:20 PM,675.55,29,19590.949999999997,35488332.65000005
2025-08-01 02:54:25 PM,675.0,0,0.0,35488332.65000005
2025-08-01 02:54:25 PM,675.0,2,1350.0,35489682.65000005
2025-08-01 02:55:22 PM,675.5,10,6755.0,35496437.65000005
2025-08-01 02:55:24 PM,675.0,0,0.0,35496437.65000005
2025-08-01 02:55:26 PM,675.0,2,1350.0,35497787.65000005
2025-08-01 02:55:53 PM,675.0,50,33750.0,35531537.65000005
2025-08-01 02:56:26 PM,675.45,0,0.0,35531537.65000005
2025-08-01 02:56:27 PM,675.45,14,9456.300000000001,35540993.95000005
2025-08-01 02:56:33 PM,675.45,10,6754.5,35547748.45000005
2025-08-01 02:56:56 PM,675.65,0,0.0,35547748.45000005
2025-08-01 02:56:59 PM,675.65,1,675.65,35548424.100000046
2025-08-01 02:57:04 PM,675.0,0,0.0,35548424.100000046
2025-08-01 02:57:05 PM,675.0,100,67500.0,35615924.100000046
2025-08-01 02:57:27 PM,675.0,2,1350.0,35617274.100000046
2025-08-01 02:58:18 PM,675.0,50,33750.0,35651024.100000046
2025-08-01 02:58:24 PM,675.0,2,1350.0,35652374.100000046
2025-08-01 02:58:25 PM,675.55,10,6755.5,35659129.600000046
2025-08-01 02:58:32 PM,675.0,0,0.0,35659129.600000046
2025-08-01 02:58:35 PM,675.0,10,6750.0,35665879.600000046
2025-08-01 02:58:52 PM,675.0,4,2700.0,35668579.600000046
2025-08-01 02:59:31 PM,675.55,305,206042.75,35874622.350000046
2025-08-01 02:59:53 PM,675.0,0,0.0,35874622.350000046
2025-08-01 02:59:54 PM,675.0,250,168750.0,36043372.350000046
2025-08-01 03:00:01 PM,675.0,1,675.0,36044047.350000046
2025-08-01 03:00:49 PM,675.0,4,2700.0,36046747.350000046
2025-08-01 03:01:43 PM,675.35,0,0.0,36046747.350000046
2025-08-01 03:01:44 PM,675.35,10,6753.5,36053500.850000046
2025-08-01 03:02:24 PM,675.0,10,6750.0,36060250.850000046
2025-08-01 03:02:37 PM,675.3,0,0.0,36060250.850000046
2025-08-01 03:02:39 PM,675.3,107,72257.09999999999,36132507.95000005
2025-08-01 03:03:16 PM,675.5,2,1351.0,36133858.95000005
2025-08-01 03:03:34 PM,675.1,200,135020.0,36268878.95000005
2025-08-01 03:03:49 PM,675.5,0,0.0,36268878.95000005
2025-08-01 03:03:49 PM,675.5,10,6755.0,36275633.95000005
2025-08-01 03:03:55 PM,675.5,2,1351.0,36276984.95000005
2025-08-01 03:04:01 PM,675.5,2,1351.0,36278335.95000005
2025-08-01 03:04:57 PM,675.1,3,2025.3000000000002,36280361.250000045
2025-08-01 03:05:02 PM,675.45,10,6754.5,36287115.750000045
2025-08-01 03:06:12 PM,675.05,69,46578.45,36333694.20000005
2025-08-01 03:06:28 PM,675.45,2,1350.9,36335045.100000046
2025-08-01 03:06:51 PM,675.5,0,0.0,36335045.100000046
2025-08-01 03:06:52 PM,675.5,20,13510.0,36348555.100000046
2025-08-01 03:07:42 PM,675.05,2,1350.1,36349905.20000005
2025-08-01 03:08:14 PM,675.0,0,0.0,36349905.20000005
2025-08-01 03:08:15 PM,675.0,465,313875.0,36663780.20000005
2025-08-01 03:08:19 PM,676.4,1702,1151232.8,37815013.000000045
2025-08-01 03:08:40 PM,676.4,20,13528.0,37828541.000000045
2025-08-01 03:08:44 PM,676.45,0,0.0,37828541.000000045
2025-08-01 03:08:44 PM,676.45,6,4058.7000000000003,37832599.70000005
2025-08-01 03:09:12 PM,676.4,2,1352.8,37833952.500000045
2025-08-01 03:09:28 PM,676.3,101,68306.29999999999,37902258.80000004
2025-08-01 03:09:35 PM,675.75,14,9460.5,37911719.30000004
2025-08-01 03:09:44 PM,675.55,15,10133.25,37921852.55000004
2025-08-01 03:09:48 PM,675.55,20,13511.0,37935363.55000004
2025-08-01 03:09:54 PM,678.0,0,0.0,37935363.55000004
2025-08-01 03:09:56 PM,678.0,844,572232.0,38507595.55000004
2025-08-01 03:09:58 PM,676.85,30,20305.5,38527901.05000004
2025-08-01 03:10:26 PM,676.8,7,4737.599999999999,38532638.65000004
2025-08-01 03:10:31 PM,676.85,1,676.85,38533315.500000045
2025-08-01 03:11:03 PM,676.55,13,8795.15,38542110.65000004
2025-08-01 03:11:37 PM,676.55,10,6765.5,38548876.15000004
2025-08-01 03:11:44 PM,676.65,0,0.0,38548876.15000004
2025-08-01 03:11:48 PM,676.65,40,27066.0,38575942.15000004
2025-08-01 03:11:52 PM,675.75,0,0.0,38575942.15000004
2025-08-01 03:11:54 PM,675.95,76,51372.200000000004,38627314.350000046
2025-08-01 03:12:14 PM,675.05,100,67505.0,38694819.350000046
2025-08-01 03:12:16 PM,675.0,2601,1755675.0,40450494.350000046
2025-08-01 03:12:20 PM,674.7,3,2024.1000000000001,40452518.45000005
2025-08-01 03:12:23 PM,674.1,42,28312.2,40480830.65000005
2025-08-01 03:12:25 PM,673.0,0,0.0,40480830.65000005
2025-08-01 03:12:27 PM,673.0,987,664251.0,41145081.65000005
2025-08-01 03:12:29 PM,672.95,21,14131.95,41159213.60000005
2025-08-01 03:12:36 PM,672.0,61,40992.0,41200205.60000005
2025-08-01 03:12:41 PM,671.3,0,0.0,41200205.60000005
2025-08-01 03:12:42 PM,671.3,27,18125.1,41218330.700000055
2025-08-01 03:13:06 PM,670.05,100,67005.0,41285335.700000055
2025-08-01 03:13:15 PM,670.45,0,0.0,41285335.700000055
2025-08-01 03:13:16 PM,670.45,50,33522.5,41318858.200000055
2025-08-01 03:13:39 PM,670.0,0,0.0,41318858.200000055
2025-08-01 03:13:40 PM,670.0,157,105190.0,41424048.200000055
2025-08-01 03:13:41 PM,670.45,0,0.0,41424048.200000055
2025-08-01 03:13:42 PM,670.45,100,67045.0,41491093.200000055
2025-08-01 03:13:51 PM,670.0,28,18760.0,41509853.200000055
2025-08-01 03:13:57 PM,670.45,10,6704.5,41516557.700000055
2025-08-01 03:14:07 PM,670.0,122,81740.0,41598297.700000055
2025-08-01 03:14:17 PM,670.45,3,2011.3500000000001,41600309.05000006
2025-08-01 03:14:31 PM,670.45,15,10056.75,41610365.80000006
2025-08-01 03:14:41 PM,670.45,240,160908.0,41771273.80000006
2025-08-01 03:14:43 PM,670.1,0,0.0,41771273.80000006
2025-08-01 03:14:43 PM,670.1,50,33505.0,41804778.80000006
2025-08-01 03:14:55 PM,670.05,0,0.0,41804778.80000006
2025-08-01 03:14:55 PM,670.05,9,6030.45,41810809.25000006
2025-08-01 03:15:21 PM,670.05,9,6030.45,41816839.70000006
2025-08-01 03:15:46 PM,670.05,100,67005.0,41883844.70000006
2025-08-01 03:15:53 PM,672.9,610,410469.0,42294313.70000006
2025-08-01 03:16:00 PM,670.55,15,10058.25,42304371.95000006
2025-08-01 03:16:12 PM,673.6,123,82852.8,42387224.75000006
2025-08-01 03:16:33 PM,673.7,10,6737.0,42393961.75000006
2025-08-01 03:16:38 PM,672.55,0,0.0,42393961.75000006
2025-08-01 03:16:39 PM,672.55,220,147961.0,42541922.75000006
2025-08-01 03:16:59 PM,672.55,38,25556.899999999998,42567479.65000006
2025-08-01 03:17:54 PM,673.3,10,6733.0,42574212.65000006
2025-08-01 03:17:56 PM,672.55,0,0.0,42574212.65000006
2025-08-01 03:17:58 PM,672.55,65,43715.75,42617928.40000006
2025-08-01 03:18:07 PM,672.5,15,10087.5,42628015.90000006
2025-08-01 03:18:10 PM,670.6,0,0.0,42628015.90000006
2025-08-01 03:18:12 PM,670.6,351,235380.6,42863396.50000006
2025-08-01 03:18:27 PM,671.35,38,25511.3,42888907.80000006
2025-08-01 03:18:38 PM,671.35,10,6713.5,42895621.30000006
2025-08-01 03:18:40 PM,671.1,7,4697.7,42900319.00000006
2025-08-01 03:18:56 PM,671.35,0,0.0,42900319.00000006
2025-08-01 03:18:57 PM,671.35,17,11412.95,42911731.95000006
2025-08-01 03:19:04 PM,671.55,0,0.0,42911731.95000006
2025-08-01 03:19:04 PM,671.55,330,221611.49999999997,43133343.45000006
2025-08-01 03:19:06 PM,671.5,160,107440.0,43240783.45000006
2025-08-01 03:19:11 PM,671.35,0,0.0,43240783.45000006
2025-08-01 03:19:11 PM,671.35,7,4699.45,43245482.900000066
2025-08-01 03:19:13 PM,671.7,81,54407.700000000004,43299890.60000007
2025-08-01 03:19:33 PM,672.05,2,1344.1,43301234.70000007
2025-08-01 03:19:44 PM,672.0,13,8736.0,43309970.70000007
2025-08-01 03:20:03 PM,672.0,30,20160.0,43330130.70000007
2025-08-01 03:20:04 PM,672.05,0,0.0,43330130.70000007
2025-08-01 03:20:06 PM,672.05,30,20161.5,43350292.20000007
2025-08-01 03:20:11 PM,672.2,0,0.0,43350292.20000007
2025-08-01 03:20:11 PM,672.2,50,33610.0,43383902.20000007
2025-08-01 03:20:14 PM,672.2,16,10755.2,43394657.40000007
2025-08-01 03:20:16 PM,672.55,0,0.0,43394657.40000007
2025-08-01 03:20:19 PM,670.95,126,84539.70000000001,43479197.100000076
2025-08-01 03:20:26 PM,672.2,2,1344.4,43480541.500000075
2025-08-01 03:20:33 PM,672.2,10,6722.0,43487263.500000075
2025-08-01 03:20:42 PM,672.25,6,4033.5,43491297.000000075
2025-08-01 03:21:07 PM,672.2,0,0.0,43491297.000000075
2025-08-01 03:21:07 PM,672.2,10,6722.0,43498019.000000075
2025-08-01 03:21:14 PM,672.2,10,6722.0,43504741.000000075
2025-08-01 03:21:50 PM,672.2,10,6722.0,43511463.000000075
2025-08-01 03:22:22 PM,672.2,3,2016.6000000000001,43513479.600000076
2025-08-01 03:22:29 PM,672.2,10,6722.0,43520201.600000076
2025-08-01 03:23:04 PM,672.2,10,6722.0,43526923.600000076
2025-08-01 03:23:08 PM,671.5,0,0.0,43526923.600000076
2025-08-01 03:23:08 PM,671.5,3,2014.5,43528938.100000076
2025-08-01 03:23:10 PM,672.2,50,33610.0,43562548.100000076
2025-08-01 03:23:15 PM,672.2,38,25543.600000000002,43588091.70000008
2025-08-01 03:23:42 PM,672.25,4,2689.0,43590780.70000008
2025-08-01 03:23:50 PM,672.25,25,16806.25,43607586.95000008
2025-08-01 03:23:56 PM,672.25,25,16806.25,43624393.20000008
2025-08-01 03:24:01 PM,672.25,2,1344.5,43625737.70000008
2025-08-01 03:24:05 PM,672.2,0,0.0,43625737.70000008
2025-08-01 03:24:08 PM,672.2,307,206365.40000000002,43832103.100000076
2025-08-01 03:24:15 PM,672.25,11,7394.75,43839497.850000076
2025-08-01 03:24:17 PM,672.2,317,213087.40000000002,44052585.250000075
2025-08-01 03:24:22 PM,672.2,46,30921.2,44083506.45000008
2025-08-01 03:24:24 PM,672.2,144,96796.8,44180303.250000075
2025-08-01 03:24:28 PM,672.2,10,6722.0,44187025.250000075
2025-08-01 03:24:46 PM,671.7,0,0.0,44187025.250000075
2025-08-01 03:24:49 PM,671.7,10,6717.0,44193742.250000075
2025-08-01 03:24:55 PM,671.7,10,6717.0,44200459.250000075
2025-08-01 03:24:59 PM,671.55,0,0.0,44200459.250000075
2025-08-01 03:25:02 PM,671.55,26,17460.3,44217919.55000007
2025-08-01 03:25:08 PM,671.7,10,6717.0,44224636.55000007
2025-08-01 03:25:09 PM,671.7,10,6717.0,44231353.55000007
2025-08-01 03:25:23 PM,671.7,10,6717.0,44238070.55000007
2025-08-01 03:25:26 PM,671.55,0,0.0,44238070.55000007
2025-08-01 03:25:28 PM,671.7,11,7388.700000000001,44245459.250000075
2025-08-01 03:25:39 PM,671.55,0,0.0,44245459.250000075
2025-08-01 03:25:41 PM,671.55,23,15445.65,44260904.90000007
2025-08-01 03:26:00 PM,671.7,60,40302.0,44301206.90000007
2025-08-01 03:26:02 PM,671.7,10,6717.0,44307923.90000007
2025-08-01 03:26:06 PM,671.55,0,0.0,44307923.90000007
2025-08-01 03:26:07 PM,671.55,43,28876.649999999998,44336800.55000007
2025-08-01 03:26:08 PM,671.55,76,51037.799999999996,44387838.35000007
2025-08-01 03:26:21 PM,671.55,354,237728.69999999998,44625567.05000007
2025-08-01 03:26:22 PM,671.55,23,15445.65,44641012.70000007
2025-08-01 03:26:26 PM,671.3,0,0.0,44641012.70000007
2025-08-01 03:26:27 PM,671.3,71,47662.299999999996,44688675.00000007
2025-08-01 03:26:29 PM,671.3,1,671.3,44689346.300000064
2025-08-01 03:26:34 PM,671.3,29,19467.699999999997,44708814.00000007
2025-08-01 03:26:41 PM,671.3,1,671.3,44709485.300000064
2025-08-01 03:26:42 PM,671.25,27,18123.75,44727609.050000064
2025-08-01 03:26:47 PM,671.25,70,46987.5,44774596.550000064
2025-08-01 03:26:55 PM,671.1,0,0.0,44774596.550000064
2025-08-01 03:26:55 PM,671.1,25,16777.5,44791374.050000064
2025-08-01 03:27:02 PM,671.0,140,93940.0,44885314.050000064
2025-08-01 03:27:07 PM,671.0,43,28853.0,44914167.050000064
2025-08-01 03:27:14 PM,671.0,358,240218.0,45154385.050000064
2025-08-01 03:27:21 PM,671.05,6,4026.2999999999997,45158411.35000006
2025-08-01 03:27:27 PM,668.0,0,0.0,45158411.35000006
2025-08-01 03:27:28 PM,669.7,309,206937.30000000002,45365348.65000006
2025-08-01 03:27:30 PM,669.65,151,101117.15,45466465.80000006
2025-08-01 03:27:35 PM,667.65,143,95473.95,45561939.75000006
2025-08-01 03:27:42 PM,666.6,0,0.0,45561939.75000006
2025-08-01 03:27:43 PM,666.6,135,89991.0,45651930.75000006
2025-08-01 03:27:48 PM,667.7,0,0.0,45651930.75000006
2025-08-01 03:27:50 PM,667.7,41,27375.7,45679306.45000006
2025-08-01 03:27:56 PM,666.05,27,17983.35,45697289.800000064
2025-08-01 03:28:02 PM,667.7,0,0.0,45697289.800000064
2025-08-01 03:28:03 PM,667.7,45,30046.500000000004,45727336.300000064
2025-08-01 03:28:21 PM,666.05,0,0.0,45727336.300000064
2025-08-01 03:28:24 PM,666.05,31,20647.55,45747983.85000006
2025-08-01 03:28:33 PM,666.05,18,11988.9,45759972.75000006
2025-08-01 03:28:38 PM,667.65,0,0.0,45759972.75000006
2025-08-01 03:28:38 PM,667.65,21,14020.65,45773993.40000006
2025-08-01 03:28:40 PM,667.55,135,90119.25,45864112.65000006
2025-08-01 03:28:41 PM,667.6,0,0.0,45864112.65000006
2025-08-01 03:28:45 PM,667.6,159,106148.40000000001,45970261.05000006
2025-08-01 03:28:58 PM,667.7,189,126195.3,46096456.35000005
2025-08-01 03:29:05 PM,667.7,29,19363.300000000003,46115819.65000005
2025-08-01 03:29:12 PM,669.95,0,0.0,46115819.65000005
2025-08-01 03:29:14 PM,669.95,5,3349.75,46119169.40000005
2025-08-01 03:29:16 PM,665.0,400,266000.0,46385169.40000005
2025-08-01 03:29:36 PM,665.05,0,0.0,46385169.40000005
2025-08-01 03:29:37 PM,665.05,33,21946.649999999998,46407116.05000005
2025-08-01 03:29:42 PM,665.0,0,0.0,46407116.05000005
2025-08-01 03:29:44 PM,665.0,47,31255.0,46438371.05000005
2025-08-01 03:29:46 PM,665.1,0,0.0,46438371.05000005
2025-08-01 03:29:46 PM,665.1,19,12636.9,46451007.95000005
2025-08-01 03:29:51 PM,668.0,91,60788.0,46511795.95000005
2025-08-01 03:29:58 PM,665.1,13,8646.300000000001,46520442.250000045
