date,price,qty,trnvr,cum_trnvr
2025-08-01 09:15:00 AM,1043.0,38,39634.0,39634.0
2025-08-01 09:15:08 AM,1037.0,0,0.0,39634.0
2025-08-01 09:15:09 AM,1037.0,111,115107.0,154741.0
2025-08-01 09:15:11 AM,1035.0,20,20700.0,175441.0
2025-08-01 09:15:17 AM,1043.0,0,0.0,175441.0
2025-08-01 09:15:20 AM,1045.9,176,184078.40000000002,359519.4
2025-08-01 09:15:45 AM,1046.0,0,0.0,359519.4
2025-08-01 09:15:46 AM,1046.0,48,50208.0,409727.4
2025-08-01 09:15:47 AM,1047.5,6,6285.0,416012.4
2025-08-01 09:15:50 AM,1049.2,0,0.0,416012.4
2025-08-01 09:15:54 AM,1049.2,45,47214.0,463226.4
2025-08-01 09:16:27 AM,1046.1,40,41844.0,505070.4
2025-08-01 09:17:47 AM,1049.7,0,0.0,505070.4
2025-08-01 09:17:49 AM,1049.7,25,26242.5,531312.9
2025-08-01 09:17:56 AM,1049.0,0,0.0,531312.9
2025-08-01 09:17:58 AM,1049.0,35,36715.0,568027.9
2025-08-01 09:18:10 AM,1049.6,0,0.0,568027.9
2025-08-01 09:18:14 AM,1049.6,20,20992.0,589019.9
2025-08-01 09:18:18 AM,1046.1,0,0.0,589019.9
2025-08-01 09:18:23 AM,1046.8,148,154926.4,743946.3
2025-08-01 09:18:42 AM,1045.3,0,0.0,743946.3
2025-08-01 09:18:44 AM,1046.3,0,0.0,743946.3
2025-08-01 09:18:47 AM,1046.3,36,37666.799999999996,781613.1000000001
2025-08-01 09:18:55 AM,1045.3,2,2090.6,783703.7000000001
2025-08-01 09:19:31 AM,1047.3,0,0.0,783703.7000000001
2025-08-01 09:19:36 AM,1047.3,25,26182.5,809886.2000000001
2025-08-01 09:19:39 AM,1047.5,0,0.0,809886.2000000001
2025-08-01 09:19:44 AM,1047.5,1,1047.5,810933.7000000001
2025-08-01 09:20:53 AM,1047.6,0,0.0,810933.7000000001
2025-08-01 09:20:55 AM,1047.6,4,4190.4,815124.1000000001
2025-08-01 09:21:10 AM,1047.6,2,2095.2,817219.3
2025-08-01 09:21:40 AM,1049.3,0,0.0,817219.3
2025-08-01 09:21:41 AM,1049.3,10,10493.0,827712.3
2025-08-01 09:22:03 AM,1049.5,0,0.0,827712.3
2025-08-01 09:22:04 AM,1049.5,50,52475.0,880187.3
2025-08-01 09:22:24 AM,1049.8,0,0.0,880187.3
2025-08-01 09:22:27 AM,1050.0,138,144900.0,1025087.3
2025-08-01 09:23:02 AM,1050.2,0,0.0,1025087.3
2025-08-01 09:23:05 AM,1050.2,2,2100.4,1027187.7000000001
2025-08-01 09:23:36 AM,1048.9,12,12586.800000000001,1039774.5000000001
2025-08-01 09:23:55 AM,1048.5,0,0.0,1039774.5000000001
2025-08-01 09:23:59 AM,1048.5,30,31455.0,1071229.5
2025-08-01 09:24:37 AM,1049.6,1,1049.6,1072279.1
2025-08-01 09:25:13 AM,1048.5,0,0.0,1072279.1
2025-08-01 09:25:14 AM,1048.5,276,289386.0,1361665.1
2025-08-01 09:25:59 AM,1048.4,1,1048.4,1362713.5
2025-08-01 09:26:30 AM,1047.1,0,0.0,1362713.5
2025-08-01 09:26:32 AM,1047.1,6,6282.599999999999,1368996.1
2025-08-01 09:26:41 AM,1048.0,0,0.0,1368996.1
2025-08-01 09:26:45 AM,1048.0,10,10480.0,1379476.1
2025-08-01 09:27:15 AM,1048.5,10,10485.0,1389961.1
2025-08-01 09:27:30 AM,1048.6,5,5243.0,1395204.1
2025-08-01 09:28:16 AM,1048.6,1,1048.6,1396252.7000000002
2025-08-01 09:28:31 AM,1048.6,1,1048.6,1397301.3000000003
2025-08-01 09:28:36 AM,1048.9,0,0.0,1397301.3000000003
2025-08-01 09:28:39 AM,1048.9,30,31467.000000000004,1428768.3000000003
2025-08-01 09:28:42 AM,1046.7,0,0.0,1428768.3000000003
2025-08-01 09:28:46 AM,1046.7,216,226087.2,1654855.5000000002
2025-08-01 09:29:09 AM,1046.1,170,177836.99999999997,1832692.5000000002
2025-08-01 09:29:15 AM,1047.5,0,0.0,1832692.5000000002
2025-08-01 09:29:17 AM,1047.5,25,26187.5,1858880.0000000002
2025-08-01 09:30:25 AM,1046.9,1,1046.9,1859926.9000000001
2025-08-01 09:30:29 AM,1046.2,0,0.0,1859926.9000000001
2025-08-01 09:30:32 AM,1046.2,1,1046.2,1860973.1
2025-08-01 09:30:36 AM,1047.4,0,0.0,1860973.1
2025-08-01 09:30:39 AM,1047.4,1,1047.4,1862020.5
2025-08-01 09:30:53 AM,1047.3,0,0.0,1862020.5
2025-08-01 09:30:54 AM,1047.3,2,2094.6,1864115.1
2025-08-01 09:31:02 AM,1045.0,409,427405.0,2291520.1
2025-08-01 09:31:19 AM,1044.2,0,0.0,2291520.1
2025-08-01 09:31:23 AM,1044.2,64,66828.8,2358348.9
2025-08-01 09:31:29 AM,1043.8,0,0.0,2358348.9
2025-08-01 09:31:31 AM,1043.0,3,3129.0,2361477.9
2025-08-01 09:32:55 AM,1042.2,23,23970.600000000002,2385448.5
2025-08-01 09:32:57 AM,1044.5,0,0.0,2385448.5
2025-08-01 09:33:01 AM,1044.5,11,11489.5,2396938.0
2025-08-01 09:33:19 AM,1047.0,0,0.0,2396938.0
2025-08-01 09:33:22 AM,1047.0,102,106794.0,2503732.0
2025-08-01 09:33:34 AM,1047.5,0,0.0,2503732.0
2025-08-01 09:33:36 AM,1047.5,119,124652.5,2628384.5
2025-08-01 09:33:59 AM,1047.9,0,0.0,2628384.5
2025-08-01 09:34:04 AM,1047.9,10,10479.0,2638863.5
2025-08-01 09:35:09 AM,1047.0,0,0.0,2638863.5
2025-08-01 09:35:09 AM,1048.2,0,0.0,2638863.5
2025-08-01 09:35:14 AM,1049.2,0,0.0,2638863.5
2025-08-01 09:35:14 AM,1049.2,92,96526.40000000001,2735389.9
2025-08-01 09:35:19 AM,1047.1,0,0.0,2735389.9
2025-08-01 09:35:21 AM,1047.1,1,1047.1,2736437.0
2025-08-01 09:35:34 AM,1048.9,0,0.0,2736437.0
2025-08-01 09:35:35 AM,1048.9,229,240198.10000000003,2976635.1
2025-08-01 09:35:39 AM,1052.0,0,0.0,2976635.1
2025-08-01 09:35:41 AM,1052.0,153,160956.0,3137591.1
2025-08-01 09:35:48 AM,1051.6,20,21032.0,3158623.1
2025-08-01 09:35:54 AM,1050.5,0,0.0,3158623.1
2025-08-01 09:35:55 AM,1050.5,1,1050.5,3159673.6
2025-08-01 09:36:23 AM,1050.4,0,0.0,3159673.6
2025-08-01 09:36:28 AM,1050.4,1,1050.4,3160724.0
2025-08-01 09:37:32 AM,1050.1,0,0.0,3160724.0
2025-08-01 09:37:36 AM,1050.1,10,10501.0,3171225.0
2025-08-01 09:38:02 AM,1051.5,2,2103.0,3173328.0
2025-08-01 09:38:08 AM,1049.7,0,0.0,3173328.0
2025-08-01 09:38:09 AM,1049.7,48,50385.600000000006,3223713.6
2025-08-01 09:38:14 AM,1047.7,0,0.0,3223713.6
2025-08-01 09:38:16 AM,1047.7,311,325834.7,3549548.3000000003
2025-08-01 09:38:23 AM,1046.8,1,1046.8,3550595.1
2025-08-01 09:38:55 AM,1047.6,0,0.0,3550595.1
2025-08-01 09:38:56 AM,1047.6,33,34570.799999999996,3585165.9
2025-08-01 09:39:02 AM,1046.2,3,3138.6000000000004,3588304.5
2025-08-01 09:39:30 AM,1045.6,2,2091.2,3590395.7
2025-08-01 09:40:47 AM,1047.9,0,0.0,3590395.7
2025-08-01 09:40:49 AM,1047.9,10,10479.0,3600874.7
2025-08-01 09:41:16 AM,1048.0,1,1048.0,3601922.7
2025-08-01 09:41:35 AM,1047.6,3,3142.7999999999997,3605065.5
2025-08-01 09:43:22 AM,1046.6,0,0.0,3605065.5
2025-08-01 09:43:26 AM,1046.6,2,2093.2,3607158.7
2025-08-01 09:43:42 AM,1047.4,0,0.0,3607158.7
2025-08-01 09:43:46 AM,1047.4,10,10474.0,3617632.7
2025-08-01 09:44:42 AM,1046.8,0,0.0,3617632.7
2025-08-01 09:44:45 AM,1046.8,56,58620.799999999996,3676253.5
2025-08-01 09:45:22 AM,1047.9,0,0.0,3676253.5
2025-08-01 09:45:24 AM,1047.9,50,52395.00000000001,3728648.5
2025-08-01 09:46:23 AM,1047.7,20,20954.0,3749602.5
2025-08-01 09:47:31 AM,1046.1,0,0.0,3749602.5
2025-08-01 09:47:31 AM,1046.1,1,1046.1,3750648.6
2025-08-01 09:47:41 AM,1047.7,0,0.0,3750648.6
2025-08-01 09:47:45 AM,1047.7,50,52385.0,3803033.6
2025-08-01 09:47:48 AM,1048.5,0,0.0,3803033.6
2025-08-01 09:47:52 AM,1048.5,50,52425.0,3855458.6
2025-08-01 09:48:30 AM,1049.0,0,0.0,3855458.6
2025-08-01 09:48:30 AM,1049.0,50,52450.0,3907908.6
2025-08-01 09:48:34 AM,1048.5,0,0.0,3907908.6
2025-08-01 09:48:37 AM,1048.6,210,220205.99999999997,4128114.6
2025-08-01 09:48:54 AM,1048.9,0,0.0,4128114.6
2025-08-01 09:48:56 AM,1048.9,30,31467.000000000004,4159581.6
2025-08-01 09:49:21 AM,1050.3,0,0.0,4159581.6
2025-08-01 09:49:21 AM,1050.3,15,15754.5,4175336.1
2025-08-01 09:49:24 AM,1048.9,0,0.0,4175336.1
2025-08-01 09:49:24 AM,1049.5,0,0.0,4175336.1
2025-08-01 09:49:27 AM,1049.5,2,2099.0,4177435.1
2025-08-01 09:49:42 AM,1050.3,0,0.0,4177435.1
2025-08-01 09:49:42 AM,1050.3,10,10503.0,4187938.1
2025-08-01 09:50:08 AM,1050.2,1,1050.2,4188988.3000000003
2025-08-01 09:51:29 AM,1048.9,6,6293.400000000001,4195281.7
2025-08-01 09:52:09 AM,1048.1,0,0.0,4195281.7
2025-08-01 09:52:10 AM,1048.1,23,24106.3,4219388.0
2025-08-01 09:52:22 AM,1049.0,0,0.0,4219388.0
2025-08-01 09:52:23 AM,1049.0,5,5245.0,4224633.0
2025-08-01 09:52:35 AM,1047.9,1,1047.9,4225680.9
2025-08-01 09:52:37 AM,1047.3,0,0.0,4225680.9
2025-08-01 09:52:38 AM,1047.3,2,2094.6,4227775.5
2025-08-01 09:53:10 AM,1049.8,0,0.0,4227775.5
2025-08-01 09:53:11 AM,1049.8,100,104980.0,4332755.5
2025-08-01 09:53:55 AM,1048.7,10,10487.0,4343242.5
2025-08-01 09:55:02 AM,1046.9,10,10469.0,4353711.5
2025-08-01 09:57:43 AM,1048.2,2,2096.4,4355807.9
2025-08-01 09:58:56 AM,1046.0,429,448734.0,4804541.9
2025-08-01 09:59:05 AM,1046.5,0,0.0,4804541.9
2025-08-01 09:59:05 AM,1046.5,1,1046.5,4805588.4
2025-08-01 09:59:06 AM,1046.0,0,0.0,4805588.4
2025-08-01 09:59:08 AM,1046.0,12,12552.0,4818140.4
2025-08-01 09:59:40 AM,1046.0,15,15690.0,4833830.4
2025-08-01 10:00:11 AM,1046.9,251,262771.9,5096602.300000001
2025-08-01 10:00:14 AM,1048.4,3,3145.2000000000003,5099747.500000001
2025-08-01 10:00:25 AM,1047.8,0,0.0,5099747.500000001
2025-08-01 10:00:26 AM,1047.8,5,5239.0,5104986.500000001
2025-08-01 10:01:11 AM,1047.6,1,1047.6,5106034.100000001
2025-08-01 10:01:47 AM,1048.1,0,0.0,5106034.100000001
2025-08-01 10:01:48 AM,1048.1,1,1048.1,5107082.2
2025-08-01 10:02:13 AM,1047.3,0,0.0,5107082.2
2025-08-01 10:02:13 AM,1047.3,2,2094.6,5109176.8
2025-08-01 10:02:40 AM,1048.4,101,105888.40000000001,5215065.2
2025-08-01 10:03:09 AM,1048.1,0,0.0,5215065.2
2025-08-01 10:03:10 AM,1048.1,20,20962.0,5236027.2
2025-08-01 10:04:17 AM,1049.3,0,0.0,5236027.2
2025-08-01 10:04:19 AM,1049.3,1,1049.3,5237076.5
2025-08-01 10:04:26 AM,1047.1,177,185336.69999999998,5422413.2
2025-08-01 10:04:47 AM,1049.1,0,0.0,5422413.2
2025-08-01 10:04:47 AM,1049.2,2,2098.4,5424511.600000001
2025-08-01 10:04:51 AM,1048.4,0,0.0,5424511.600000001
2025-08-01 10:04:51 AM,1048.4,1,1048.4,5425560.000000001
2025-08-01 10:06:40 AM,1046.5,0,0.0,5425560.000000001
2025-08-01 10:06:40 AM,1046.5,160,167440.0,5593000.000000001
2025-08-01 10:06:54 AM,1046.1,301,314876.1,5907876.100000001
2025-08-01 10:07:06 AM,1046.6,50,52329.99999999999,5960206.100000001
2025-08-01 10:07:15 AM,1045.0,0,0.0,5960206.100000001
2025-08-01 10:07:17 AM,1045.0,50,52250.0,6012456.100000001
2025-08-01 10:07:52 AM,1045.3,0,0.0,6012456.100000001
2025-08-01 10:07:54 AM,1045.3,6,6271.799999999999,6018727.9
2025-08-01 10:08:12 AM,1042.1,0,0.0,6018727.9
2025-08-01 10:08:12 AM,1042.1,344,358482.39999999997,6377210.300000001
2025-08-01 10:08:48 AM,1042.2,0,0.0,6377210.300000001
2025-08-01 10:08:49 AM,1042.2,100,104220.0,6481430.300000001
2025-08-01 10:09:29 AM,1044.8,0,0.0,6481430.300000001
2025-08-01 10:09:30 AM,1044.8,5,5224.0,6486654.300000001
2025-08-01 10:09:39 AM,1043.9,0,0.0,6486654.300000001
2025-08-01 10:09:42 AM,1043.9,10,10439.0,6497093.300000001
2025-08-01 10:10:06 AM,1045.1,0,0.0,6497093.300000001
2025-08-01 10:10:06 AM,1045.1,2,2090.2,6499183.500000001
2025-08-01 10:10:08 AM,1043.5,0,0.0,6499183.500000001
2025-08-01 10:10:10 AM,1043.5,1,1043.5,6500227.000000001
2025-08-01 10:10:24 AM,1042.0,100,104200.0,6604427.000000001
2025-08-01 10:10:30 AM,1042.0,68,70856.0,6675283.000000001
2025-08-01 10:10:46 AM,1043.1,1,1043.1,6676326.100000001
2025-08-01 10:11:02 AM,1043.0,0,0.0,6676326.100000001
2025-08-01 10:11:04 AM,1043.0,10,10430.0,6686756.100000001
2025-08-01 10:11:44 AM,1043.0,8,8344.0,6695100.100000001
2025-08-01 10:12:49 AM,1043.0,340,354620.0,7049720.100000001
2025-08-01 10:14:16 AM,1044.5,100,104450.0,7154170.100000001
2025-08-01 10:14:22 AM,1045.2,115,120198.0,7274368.100000001
2025-08-01 10:14:32 AM,1048.0,0,0.0,7274368.100000001
2025-08-01 10:14:34 AM,1048.0,116,121568.0,7395936.100000001
2025-08-01 10:14:38 AM,1047.0,0,0.0,7395936.100000001
2025-08-01 10:14:40 AM,1047.0,13,13611.0,7409547.100000001
2025-08-01 10:14:57 AM,1045.2,0,0.0,7409547.100000001
2025-08-01 10:14:57 AM,1045.2,29,30310.800000000003,7439857.9
2025-08-01 10:15:35 AM,1045.3,0,0.0,7439857.9
2025-08-01 10:15:39 AM,1045.3,28,29268.399999999998,7469126.300000001
2025-08-01 10:17:13 AM,1045.4,0,0.0,7469126.300000001
2025-08-01 10:17:16 AM,1045.4,14,14635.600000000002,7483761.9
2025-08-01 10:17:34 AM,1048.0,0,0.0,7483761.9
2025-08-01 10:17:34 AM,1048.0,387,405576.0,7889337.9
2025-08-01 10:22:45 AM,1046.0,5,5230.0,7894567.9
2025-08-01 10:23:19 AM,1045.8,0,0.0,7894567.9
2025-08-01 10:23:19 AM,1045.8,23,24053.399999999998,7918621.300000001
2025-08-01 10:26:26 AM,1046.9,0,0.0,7918621.300000001
2025-08-01 10:26:26 AM,1046.9,10,10469.0,7929090.300000001
2025-08-01 10:27:30 AM,1045.1,0,0.0,7929090.300000001
2025-08-01 10:27:31 AM,1045.1,40,41804.0,7970894.300000001
2025-08-01 10:28:04 AM,1045.1,71,74202.09999999999,8045096.4
2025-08-01 10:29:52 AM,1045.7,0,0.0,8045096.4
2025-08-01 10:29:52 AM,1045.7,1,1045.7,8046142.100000001
2025-08-01 10:31:58 AM,1045.8,5,5229.0,8051371.100000001
2025-08-01 10:32:01 AM,1046.9,1,1046.9,8052418.000000001
2025-08-01 10:32:26 AM,1045.9,0,0.0,8052418.000000001
2025-08-01 10:32:28 AM,1045.9,1,1045.9,8053463.900000001
2025-08-01 10:33:48 AM,1047.1,0,0.0,8053463.900000001
2025-08-01 10:33:48 AM,1047.1,2,2094.2,8055558.1000000015
2025-08-01 10:34:24 AM,1047.0,5,5235.0,8060793.1000000015
2025-08-01 10:34:48 AM,1045.9,0,0.0,8060793.1000000015
2025-08-01 10:34:50 AM,1045.9,4,4183.6,8064976.700000001
2025-08-01 10:35:41 AM,1045.7,0,0.0,8064976.700000001
2025-08-01 10:35:41 AM,1045.7,35,36599.5,8101576.200000001
2025-08-01 10:36:03 AM,1046.0,2,2092.0,8103668.200000001
2025-08-01 10:36:10 AM,1047.8,0,0.0,8103668.200000001
2025-08-01 10:36:11 AM,1047.8,20,20956.0,8124624.200000001
2025-08-01 10:36:13 AM,1046.3,0,0.0,8124624.200000001
2025-08-01 10:36:14 AM,1046.3,1,1046.3,8125670.500000001
2025-08-01 10:36:51 AM,1048.4,0,0.0,8125670.500000001
2025-08-01 10:36:53 AM,1048.4,527,552506.8,8678177.3
2025-08-01 10:37:25 AM,1048.1,0,0.0,8678177.3
2025-08-01 10:37:26 AM,1048.1,3,3144.2999999999997,8681321.600000001
2025-08-01 10:37:33 AM,1050.0,0,0.0,8681321.600000001
2025-08-01 10:37:34 AM,1050.0,116,121800.0,8803121.600000001
2025-08-01 10:37:51 AM,1050.6,0,0.0,8803121.600000001
2025-08-01 10:37:51 AM,1050.6,486,510591.6,9313713.200000001
2025-08-01 10:37:54 AM,1050.9,0,0.0,9313713.200000001
2025-08-01 10:37:54 AM,1050.9,3,3152.7000000000003,9316865.9
2025-08-01 10:38:15 AM,1050.8,9,9457.199999999999,9326323.1
2025-08-01 10:38:36 AM,1050.8,30,31524.0,9357847.1
2025-08-01 10:40:00 AM,1049.8,0,0.0,9357847.1
2025-08-01 10:40:00 AM,1049.8,21,22045.8,9379892.9
2025-08-01 10:40:19 AM,1048.0,0,0.0,9379892.9
2025-08-01 10:40:19 AM,1048.0,1,1048.0,9380940.9
2025-08-01 10:40:47 AM,1049.3,0,0.0,9380940.9
2025-08-01 10:40:47 AM,1049.3,30,31479.0,9412419.9
2025-08-01 10:41:00 AM,1047.4,0,0.0,9412419.9
2025-08-01 10:41:01 AM,1047.4,65,68081.0,9480500.9
2025-08-01 10:42:35 AM,1046.2,0,0.0,9480500.9
2025-08-01 10:42:36 AM,1046.2,1,1046.2,9481547.1
2025-08-01 10:42:52 AM,1046.2,23,24062.600000000002,9505609.7
2025-08-01 10:43:36 AM,1046.2,2,2092.4,9507702.1
2025-08-01 10:44:14 AM,1046.6,0,0.0,9507702.1
2025-08-01 10:44:15 AM,1046.6,1,1046.6,9508748.7
2025-08-01 10:49:24 AM,1047.0,1,1047.0,9509795.7
2025-08-01 10:53:00 AM,1047.9,0,0.0,9509795.7
2025-08-01 10:53:02 AM,1047.9,100,104790.00000000001,9614585.7
2025-08-01 10:53:08 AM,1048.9,0,0.0,9614585.7
2025-08-01 10:53:09 AM,1048.9,321,336696.9,9951282.6
2025-08-01 10:53:18 AM,1049.2,0,0.0,9951282.6
2025-08-01 10:53:18 AM,1049.2,2,2098.4,9953381.0
2025-08-01 10:53:23 AM,1048.2,36,37735.200000000004,9991116.2
2025-08-01 10:53:25 AM,1046.9,2,2093.8,9993210.0
2025-08-01 10:54:54 AM,1048.3,0,0.0,9993210.0
2025-08-01 10:54:54 AM,1048.3,10,10483.0,10003693.0
2025-08-01 10:55:30 AM,1046.9,0,0.0,10003693.0
2025-08-01 10:55:32 AM,1046.9,5,5234.5,10008927.5
2025-08-01 10:58:54 AM,1046.9,20,20938.0,10029865.5
2025-08-01 10:58:58 AM,1048.9,0,0.0,10029865.5
2025-08-01 10:58:59 AM,1048.9,34,35662.600000000006,10065528.1
2025-08-01 10:59:28 AM,1047.2,0,0.0,10065528.1
2025-08-01 10:59:30 AM,1047.2,49,51312.8,10116840.9
2025-08-01 11:01:02 AM,1047.4,1,1047.4,10117888.3
2025-08-01 11:01:19 AM,1047.4,4,4189.6,10122077.9
2025-08-01 11:03:39 AM,1049.0,0,0.0,10122077.9
2025-08-01 11:03:40 AM,1049.0,1,1049.0,10123126.9
2025-08-01 11:04:19 AM,1049.1,0,0.0,10123126.9
2025-08-01 11:04:20 AM,1049.1,2,2098.2,10125225.1
2025-08-01 11:07:27 AM,1049.0,0,0.0,10125225.1
2025-08-01 11:07:28 AM,1049.0,10,10490.0,10135715.1
2025-08-01 11:07:39 AM,1048.4,0,0.0,10135715.1
2025-08-01 11:07:39 AM,1048.4,2,2096.8,10137811.9
2025-08-01 11:08:58 AM,1046.0,0,0.0,10137811.9
2025-08-01 11:08:58 AM,1046.0,116,121336.0,10259147.9
2025-08-01 11:09:03 AM,1046.3,0,0.0,10259147.9
2025-08-01 11:09:04 AM,1046.3,11,11509.3,10270657.200000001
2025-08-01 11:09:35 AM,1045.2,20,20904.0,10291561.200000001
2025-08-01 11:09:58 AM,1046.2,0,0.0,10291561.200000001
2025-08-01 11:10:00 AM,1046.2,29,30339.800000000003,10321901.000000002
2025-08-01 11:10:02 AM,1046.3,0,0.0,10321901.000000002
2025-08-01 11:10:05 AM,1046.3,1,1046.3,10322947.300000003
2025-08-01 11:13:14 AM,1045.8,0,0.0,10322947.300000003
2025-08-01 11:13:15 AM,1045.8,3,3137.3999999999996,10326084.700000003
2025-08-01 11:15:17 AM,1047.1,0,0.0,10326084.700000003
2025-08-01 11:15:18 AM,1047.1,3,3141.2999999999997,10329226.000000004
2025-08-01 11:20:58 AM,1045.8,0,0.0,10329226.000000004
2025-08-01 11:21:00 AM,1045.8,30,31374.0,10360600.000000004
2025-08-01 11:21:11 AM,1045.8,36,37648.799999999996,10398248.800000004
2025-08-01 11:22:23 AM,1047.0,0,0.0,10398248.800000004
2025-08-01 11:22:25 AM,1047.0,46,48162.0,10446410.800000004
2025-08-01 11:25:14 AM,1050.0,0,0.0,10446410.800000004
2025-08-01 11:25:17 AM,1050.0,209,219450.0,10665860.800000004
2025-08-01 11:25:18 AM,1049.5,0,0.0,10665860.800000004
2025-08-01 11:25:22 AM,1049.5,1,1049.5,10666910.300000004
2025-08-01 11:25:58 AM,1049.4,0,0.0,10666910.300000004
2025-08-01 11:25:58 AM,1049.4,20,20988.0,10687898.300000004
2025-08-01 11:26:06 AM,1049.5,0,0.0,10687898.300000004
2025-08-01 11:26:09 AM,1049.5,14,14693.0,10702591.300000004
2025-08-01 11:26:28 AM,1049.0,0,0.0,10702591.300000004
2025-08-01 11:26:29 AM,1049.0,1,1049.0,10703640.300000004
2025-08-01 11:29:57 AM,1050.0,0,0.0,10703640.300000004
2025-08-01 11:29:57 AM,1050.0,100,105000.0,10808640.300000004
2025-08-01 11:32:06 AM,1049.6,0,0.0,10808640.300000004
2025-08-01 11:32:07 AM,1049.6,1,1049.6,10809689.900000004
2025-08-01 11:32:46 AM,1048.5,0,0.0,10809689.900000004
2025-08-01 11:32:47 AM,1048.5,1,1048.5,10810738.400000004
2025-08-01 11:33:28 AM,1047.8,1,1047.8,10811786.200000005
2025-08-01 11:35:05 AM,1047.2,0,0.0,10811786.200000005
2025-08-01 11:35:06 AM,1047.2,6,6283.200000000001,10818069.400000004
2025-08-01 11:36:23 AM,1047.5,0,0.0,10818069.400000004
2025-08-01 11:36:25 AM,1047.5,7,7332.5,10825401.900000004
2025-08-01 11:37:08 AM,1047.7,0,0.0,10825401.900000004
2025-08-01 11:37:12 AM,1047.7,1,1047.7,10826449.600000003
2025-08-01 11:39:00 AM,1046.9,0,0.0,10826449.600000003
2025-08-01 11:39:00 AM,1046.9,298,311976.2,11138425.800000003
2025-08-01 11:39:34 AM,1046.2,0,0.0,11138425.800000003
2025-08-01 11:39:34 AM,1046.2,38,39755.6,11178181.400000002
2025-08-01 11:40:58 AM,1046.2,1,1046.2,11179227.600000001
2025-08-01 11:44:10 AM,1045.1,157,164080.69999999998,11343308.3
2025-08-01 11:44:12 AM,1045.0,0,0.0,11343308.3
2025-08-01 11:44:16 AM,1045.0,27,28215.0,11371523.3
2025-08-01 11:45:08 AM,1044.9,0,0.0,11371523.3
2025-08-01 11:45:11 AM,1044.9,2,2089.8,11373613.100000001
2025-08-01 11:46:09 AM,1043.3,0,0.0,11373613.100000001
2025-08-01 11:46:10 AM,1043.3,33,34428.9,11408042.000000002
2025-08-01 11:46:51 AM,1044.5,0,0.0,11408042.000000002
2025-08-01 11:46:53 AM,1044.5,7,7311.5,11415353.500000002
2025-08-01 11:49:05 AM,1044.0,0,0.0,11415353.500000002
2025-08-01 11:49:10 AM,1044.0,10,10440.0,11425793.500000002
2025-08-01 11:49:20 AM,1044.1,0,0.0,11425793.500000002
2025-08-01 11:49:21 AM,1044.1,2,2088.2,11427881.700000001
2025-08-01 11:51:28 AM,1044.3,0,0.0,11427881.700000001
2025-08-01 11:51:29 AM,1047.5,0,0.0,11427881.700000001
2025-08-01 11:51:30 AM,1050.0,0,0.0,11427881.700000001
2025-08-01 11:51:32 AM,1050.0,719,754950.0,12182831.700000001
2025-08-01 11:53:05 AM,1052.1,0,0.0,12182831.700000001
2025-08-01 11:53:08 AM,1052.1,231,243035.09999999998,12425866.8
2025-08-01 11:53:29 AM,1052.1,471,495539.1,12921405.9
2025-08-01 11:54:14 AM,1053.8,106,111702.79999999999,13033108.700000001
2025-08-01 11:54:41 AM,1052.3,7,7366.099999999999,13040474.8
2025-08-01 11:56:39 AM,1052.0,0,0.0,13040474.8
2025-08-01 11:56:41 AM,1052.0,66,69432.0,13109906.8
2025-08-01 11:56:57 AM,1051.9,0,0.0,13109906.8
2025-08-01 11:56:57 AM,1051.9,4,4207.6,13114114.4
2025-08-01 11:56:59 AM,1052.0,0,0.0,13114114.4
2025-08-01 11:57:01 AM,1052.0,1,1052.0,13115166.4
2025-08-01 11:58:15 AM,1052.9,0,0.0,13115166.4
2025-08-01 11:58:18 AM,1052.9,1,1052.9,13116219.3
2025-08-01 11:58:44 AM,1051.7,0,0.0,13116219.3
2025-08-01 11:58:44 AM,1051.7,3,3155.1000000000004,13119374.4
2025-08-01 11:58:46 AM,1053.0,1,1053.0,13120427.4
2025-08-01 11:59:20 AM,1053.1,0,0.0,13120427.4
2025-08-01 11:59:21 AM,1053.1,19,20008.899999999998,13140436.3
2025-08-01 11:59:54 AM,1054.0,0,0.0,13140436.3
2025-08-01 11:59:57 AM,1054.0,1,1054.0,13141490.3
2025-08-01 12:00:00 PM,1054.4,0,0.0,13141490.3
2025-08-01 12:00:02 PM,1054.4,3,3163.2000000000003,13144653.5
2025-08-01 12:00:10 PM,1054.4,3,3163.2000000000003,13147816.7
2025-08-01 12:00:22 PM,1052.7,0,0.0,13147816.7
2025-08-01 12:00:23 PM,1052.7,26,27370.2,13175186.899999999
2025-08-01 12:00:31 PM,1053.8,0,0.0,13175186.899999999
2025-08-01 12:00:33 PM,1053.8,1,1053.8,13176240.7
2025-08-01 12:01:13 PM,1055.4,17,17941.800000000003,13194182.5
2025-08-01 12:01:13 PM,1054.3,0,0.0,13194182.5
2025-08-01 12:01:15 PM,1054.3,2,2108.6,13196291.1
2025-08-01 12:01:30 PM,1054.0,0,0.0,13196291.1
2025-08-01 12:01:31 PM,1054.0,19,20026.0,13216317.1
2025-08-01 12:03:26 PM,1052.7,250,263175.0,13479492.1
2025-08-01 12:03:30 PM,1052.7,22,23159.4,13502651.5
2025-08-01 12:03:48 PM,1051.6,0,0.0,13502651.5
2025-08-01 12:03:50 PM,1051.6,101,106211.59999999999,13608863.1
2025-08-01 12:04:00 PM,1050.3,3,3150.8999999999996,13612014.0
2025-08-01 12:04:18 PM,1050.0,0,0.0,13612014.0
2025-08-01 12:04:19 PM,1050.0,15,15750.0,13627764.0
2025-08-01 12:04:24 PM,1051.1,0,0.0,13627764.0
2025-08-01 12:04:24 PM,1051.1,7,7357.699999999999,13635121.7
2025-08-01 12:05:05 PM,1052.9,1,1052.9,13636174.6
2025-08-01 12:09:15 PM,1052.9,10,10529.0,13646703.6
2025-08-01 12:09:18 PM,1053.1,0,0.0,13646703.6
2025-08-01 12:09:20 PM,1053.1,50,52654.99999999999,13699358.6
2025-08-01 12:10:14 PM,1051.0,0,0.0,13699358.6
2025-08-01 12:10:15 PM,1051.0,25,26275.0,13725633.6
2025-08-01 12:11:18 PM,1051.7,0,0.0,13725633.6
2025-08-01 12:11:20 PM,1051.7,10,10517.0,13736150.6
2025-08-01 12:11:52 PM,1050.6,0,0.0,13736150.6
2025-08-01 12:11:54 PM,1050.6,50,52529.99999999999,13788680.6
2025-08-01 12:12:18 PM,1051.7,0,0.0,13788680.6
2025-08-01 12:12:18 PM,1051.7,1,1051.7,13789732.299999999
2025-08-01 12:12:38 PM,1051.0,0,0.0,13789732.299999999
2025-08-01 12:12:39 PM,1051.0,3,3153.0,13792885.299999999
2025-08-01 12:14:16 PM,1050.5,0,0.0,13792885.299999999
2025-08-01 12:14:19 PM,1050.5,50,52525.0,13845410.299999999
2025-08-01 12:14:44 PM,1050.6,0,0.0,13845410.299999999
2025-08-01 12:14:44 PM,1050.6,41,43074.6,13888484.899999999
2025-08-01 12:15:06 PM,1050.3,0,0.0,13888484.899999999
2025-08-01 12:15:08 PM,1051.0,0,0.0,13888484.899999999
2025-08-01 12:15:09 PM,1051.0,777,816627.0,14705111.899999999
2025-08-01 12:19:42 PM,1051.0,4,4204.0,14709315.899999999
2025-08-01 12:21:29 PM,1051.0,3,3153.0,14712468.899999999
2025-08-01 12:21:31 PM,1050.0,0,0.0,14712468.899999999
2025-08-01 12:21:33 PM,1050.0,5,5250.0,14717718.899999999
2025-08-01 12:21:44 PM,1048.8,0,0.0,14717718.899999999
2025-08-01 12:21:47 PM,1048.8,95,99636.0,14817354.899999999
2025-08-01 12:22:07 PM,1050.1,0,0.0,14817354.899999999
2025-08-01 12:22:08 PM,1050.1,1,1050.1,14818404.999999998
2025-08-01 12:22:51 PM,1050.2,0,0.0,14818404.999999998
2025-08-01 12:22:55 PM,1050.2,1,1050.2,14819455.199999997
2025-08-01 12:24:01 PM,1050.1,0,0.0,14819455.199999997
2025-08-01 12:24:04 PM,1050.1,8,8400.8,14827855.999999998
2025-08-01 12:24:35 PM,1049.1,0,0.0,14827855.999999998
2025-08-01 12:24:38 PM,1049.1,170,178346.99999999997,15006202.999999998
2025-08-01 12:24:50 PM,1051.1,0,0.0,15006202.999999998
2025-08-01 12:24:53 PM,1051.1,20,21022.0,15027224.999999998
2025-08-01 12:25:37 PM,1051.7,0,0.0,15027224.999999998
2025-08-01 12:25:38 PM,1051.7,1,1051.7,15028276.699999997
2025-08-01 12:29:17 PM,1051.6,0,0.0,15028276.699999997
2025-08-01 12:29:17 PM,1051.6,20,21032.0,15049308.699999997
2025-08-01 12:31:24 PM,1050.3,0,0.0,15049308.699999997
2025-08-01 12:31:26 PM,1050.3,1,1050.3,15050358.999999998
2025-08-01 12:34:48 PM,1049.8,0,0.0,15050358.999999998
2025-08-01 12:34:50 PM,1049.8,19,19946.2,15070305.199999997
2025-08-01 12:35:57 PM,1050.0,13,13650.0,15083955.199999997
2025-08-01 12:36:39 PM,1049.9,220,230978.00000000003,15314933.199999997
2025-08-01 12:36:40 PM,1050.0,0,0.0,15314933.199999997
2025-08-01 12:36:44 PM,1050.0,2,2100.0,15317033.199999997
2025-08-01 12:37:49 PM,1048.9,16,16782.4,15333815.599999998
2025-08-01 12:37:49 PM,1050.0,0,0.0,15333815.599999998
2025-08-01 12:37:50 PM,1050.0,2,2100.0,15335915.599999998
2025-08-01 12:38:09 PM,1048.9,1,1048.9,15336964.499999998
2025-08-01 12:39:27 PM,1050.5,3,3151.5,15340115.999999998
2025-08-01 12:41:04 PM,1050.0,0,0.0,15340115.999999998
2025-08-01 12:41:05 PM,1050.0,22,23100.0,15363215.999999998
2025-08-01 12:41:18 PM,1050.4,0,0.0,15363215.999999998
2025-08-01 12:41:20 PM,1050.4,21,22058.4,15385274.399999999
2025-08-01 12:41:21 PM,1049.3,21,22035.3,15407309.7
2025-08-01 12:41:22 PM,1049.8,0,0.0,15407309.7
2025-08-01 12:41:26 PM,1049.8,1,1049.8,15408359.5
2025-08-01 12:43:09 PM,1047.6,0,0.0,15408359.5
2025-08-01 12:43:09 PM,1047.6,8,8380.8,15416740.3
2025-08-01 12:44:54 PM,1049.5,0,0.0,15416740.3
2025-08-01 12:44:57 PM,1049.5,2,2099.0,15418839.3
2025-08-01 12:45:20 PM,1048.1,0,0.0,15418839.3
2025-08-01 12:45:24 PM,1048.1,2,2096.2,15420935.5
2025-08-01 12:46:20 PM,1049.4,1,1049.4,15421984.9
2025-08-01 12:47:28 PM,1049.6,0,0.0,15421984.9
2025-08-01 12:47:30 PM,1049.6,11,11545.599999999999,15433530.5
2025-08-01 12:48:18 PM,1048.3,0,0.0,15433530.5
2025-08-01 12:48:20 PM,1048.3,11,11531.3,15445061.8
2025-08-01 12:49:49 PM,1048.8,21,22024.8,15467086.600000001
2025-08-01 12:50:00 PM,1047.2,0,0.0,15467086.600000001
2025-08-01 12:50:01 PM,1047.2,1,1047.2,15468133.8
2025-08-01 12:50:18 PM,1046.1,0,0.0,15468133.8
2025-08-01 12:50:20 PM,1047.5,0,0.0,15468133.8
2025-08-01 12:50:21 PM,1047.5,5,5237.5,15473371.3
2025-08-01 12:52:08 PM,1046.2,0,0.0,15473371.3
2025-08-01 12:52:09 PM,1046.2,2,2092.4,15475463.700000001
2025-08-01 12:53:20 PM,1046.0,0,0.0,15475463.700000001
2025-08-01 12:53:22 PM,1046.0,353,369238.0,15844701.700000001
2025-08-01 12:54:14 PM,1046.3,0,0.0,15844701.700000001
2025-08-01 12:54:16 PM,1047.2,0,0.0,15844701.700000001
2025-08-01 12:54:16 PM,1047.6,0,0.0,15844701.700000001
2025-08-01 12:54:17 PM,1047.7,452,473560.4,16318262.100000001
2025-08-01 12:54:18 PM,1048.2,0,0.0,16318262.100000001
2025-08-01 12:54:22 PM,1048.2,1,1048.2,16319310.3
2025-08-01 12:55:44 PM,1048.7,0,0.0,16319310.3
2025-08-01 12:55:45 PM,1048.7,11,11535.7,16330846.0
2025-08-01 12:57:04 PM,1048.6,0,0.0,16330846.0
2025-08-01 12:57:05 PM,1048.6,46,48235.6,16379081.6
2025-08-01 12:57:10 PM,1047.1,17,17800.699999999997,16396882.299999999
2025-08-01 12:57:30 PM,1046.0,2,2092.0,16398974.299999999
2025-08-01 01:00:16 PM,1047.5,0,0.0,16398974.299999999
2025-08-01 01:00:18 PM,1047.5,1,1047.5,16400021.799999999
2025-08-01 01:00:57 PM,1046.0,0,0.0,16400021.799999999
2025-08-01 01:00:57 PM,1047.4,0,0.0,16400021.799999999
2025-08-01 01:01:00 PM,1047.4,28,29327.200000000004,16429348.999999998
2025-08-01 01:04:07 PM,1047.1,0,0.0,16429348.999999998
2025-08-01 01:04:09 PM,1046.8,0,0.0,16429348.999999998
2025-08-01 01:04:10 PM,1046.8,22,23029.6,16452378.599999998
2025-08-01 01:05:34 PM,1047.2,15,15708.0,16468086.599999998
2025-08-01 01:06:05 PM,1047.2,2,2094.4,16470180.999999998
2025-08-01 01:06:07 PM,1047.9,0,0.0,16470180.999999998
2025-08-01 01:06:10 PM,1047.9,13,13622.7,16483803.699999997
2025-08-01 01:11:50 PM,1047.6,0,0.0,16483803.699999997
2025-08-01 01:11:50 PM,1047.6,1,1047.6,16484851.299999997
2025-08-01 01:11:55 PM,1046.5,0,0.0,16484851.299999997
2025-08-01 01:11:56 PM,1047.7,2,2095.4,16486946.699999997
2025-08-01 01:14:24 PM,1047.7,11,11524.7,16498471.399999997
2025-08-01 01:15:05 PM,1047.9,22,23053.800000000003,16521525.199999997
2025-08-01 01:18:53 PM,1047.9,18,18862.2,16540387.399999997
2025-08-01 01:19:38 PM,1047.9,4,4191.6,16544578.999999996
2025-08-01 01:19:41 PM,1047.9,91,95358.90000000001,16639937.899999997
2025-08-01 01:19:57 PM,1049.6,78,81868.79999999999,16721806.699999997
2025-08-01 01:19:58 PM,1050.0,0,0.0,16721806.699999997
2025-08-01 01:20:01 PM,1050.0,20,21000.0,16742806.699999997
2025-08-01 01:21:01 PM,1049.8,175,183715.0,16926521.699999996
2025-08-01 01:21:02 PM,1049.3,0,0.0,16926521.699999996
2025-08-01 01:21:06 PM,1049.3,2,2098.6,16928620.299999997
2025-08-01 01:21:26 PM,1048.1,0,0.0,16928620.299999997
2025-08-01 01:21:27 PM,1048.1,7,7336.699999999999,16935956.999999996
2025-08-01 01:21:30 PM,1049.4,0,0.0,16935956.999999996
2025-08-01 01:21:30 PM,1049.3,0,0.0,16935956.999999996
2025-08-01 01:21:32 PM,1049.3,23,24133.899999999998,16960090.899999995
2025-08-01 01:23:42 PM,1050.0,0,0.0,16960090.899999995
2025-08-01 01:23:43 PM,1049.8,111,116527.79999999999,17076618.699999996
2025-08-01 01:24:36 PM,1049.4,8,8395.2,17085013.899999995
2025-08-01 01:24:45 PM,1049.4,5,5247.0,17090260.899999995
2025-08-01 01:27:23 PM,1049.2,0,0.0,17090260.899999995
2025-08-01 01:27:23 PM,1049.2,3,3147.6000000000004,17093408.499999996
2025-08-01 01:27:39 PM,1049.4,0,0.0,17093408.499999996
2025-08-01 01:27:43 PM,1049.4,3,3148.2000000000003,17096556.699999996
2025-08-01 01:30:14 PM,1049.0,0,0.0,17096556.699999996
2025-08-01 01:30:15 PM,1049.5,0,0.0,17096556.699999996
2025-08-01 01:30:16 PM,1049.9,0,0.0,17096556.699999996
2025-08-01 01:30:17 PM,1049.9,70,73493.0,17170049.699999996
2025-08-01 01:31:29 PM,1049.7,0,0.0,17170049.699999996
2025-08-01 01:31:30 PM,1049.6,0,0.0,17170049.699999996
2025-08-01 01:31:31 PM,1049.6,22,23091.199999999997,17193140.899999995
2025-08-01 01:32:46 PM,1049.7,0,0.0,17193140.899999995
2025-08-01 01:32:48 PM,1049.4,0,0.0,17193140.899999995
2025-08-01 01:32:49 PM,1049.4,21,22037.4,17215178.299999993
2025-08-01 01:35:25 PM,1048.0,0,0.0,17215178.299999993
2025-08-01 01:35:26 PM,1048.1,0,0.0,17215178.299999993
2025-08-01 01:35:28 PM,1048.1,331,346921.1,17562099.399999995
2025-08-01 01:35:36 PM,1046.8,0,0.0,17562099.399999995
2025-08-01 01:35:37 PM,1049.1,0,0.0,17562099.399999995
2025-08-01 01:35:38 PM,1049.5,69,72415.5,17634514.899999995
2025-08-01 01:35:40 PM,1048.0,0,0.0,17634514.899999995
2025-08-01 01:35:43 PM,1048.0,7,7336.0,17641850.899999995
2025-08-01 01:36:04 PM,1048.5,0,0.0,17641850.899999995
2025-08-01 01:36:07 PM,1048.5,44,46134.0,17687984.899999995
2025-08-01 01:36:55 PM,1047.9,4,4191.6,17692176.499999996
2025-08-01 01:37:48 PM,1047.0,0,0.0,17692176.499999996
2025-08-01 01:37:49 PM,1047.0,3,3141.0,17695317.499999996
2025-08-01 01:39:56 PM,1047.1,1,1047.1,17696364.599999998
2025-08-01 01:42:26 PM,1047.7,0,0.0,17696364.599999998
2025-08-01 01:42:30 PM,1047.7,2,2095.4,17698459.999999996
2025-08-01 01:45:00 PM,1047.6,0,0.0,17698459.999999996
2025-08-01 01:45:04 PM,1047.6,6,6285.599999999999,17704745.599999998
2025-08-01 01:50:35 PM,1046.0,4,4184.0,17708929.599999998
2025-08-01 01:50:38 PM,1045.7,0,0.0,17708929.599999998
2025-08-01 01:50:39 PM,1046.0,0,0.0,17708929.599999998
2025-08-01 01:50:39 PM,1046.0,6,6276.0,17715205.599999998
2025-08-01 01:50:49 PM,1046.0,27,28242.0,17743447.599999998
2025-08-01 01:56:28 PM,1047.1,0,0.0,17743447.599999998
2025-08-01 01:56:30 PM,1047.1,26,27224.6,17770672.2
2025-08-01 01:56:40 PM,1046.4,2,2092.8,17772765.0
2025-08-01 01:57:10 PM,1046.3,55,57546.5,17830311.5
2025-08-01 01:57:10 PM,1046.2,0,0.0,17830311.5
2025-08-01 01:57:10 PM,1046.2,1,1046.2,17831357.7
2025-08-01 01:58:10 PM,1046.4,0,0.0,17831357.7
2025-08-01 01:58:12 PM,1046.3,0,0.0,17831357.7
2025-08-01 01:58:13 PM,1046.3,204,213445.19999999998,18044802.9
2025-08-01 02:02:23 PM,1045.0,0,0.0,18044802.9
2025-08-01 02:02:24 PM,1045.4,0,0.0,18044802.9
2025-08-01 02:02:25 PM,1045.4,18,18817.2,18063620.099999998
2025-08-01 02:02:45 PM,1045.4,1,1045.4,18064665.499999996
2025-08-01 02:02:51 PM,1044.5,0,0.0,18064665.499999996
2025-08-01 02:02:55 PM,1044.5,1,1044.5,18065709.999999996
2025-08-01 02:03:08 PM,1043.6,0,0.0,18065709.999999996
2025-08-01 02:03:11 PM,1043.6,36,37569.6,18103279.599999998
2025-08-01 02:03:36 PM,1043.6,11,11479.599999999999,18114759.2
2025-08-01 02:05:04 PM,1043.0,0,0.0,18114759.2
2025-08-01 02:05:07 PM,1043.0,2,2086.0,18116845.2
2025-08-01 02:06:59 PM,1042.8,0,0.0,18116845.2
2025-08-01 02:07:03 PM,1042.8,41,42754.799999999996,18159600.0
2025-08-01 02:08:54 PM,1042.0,0,0.0,18159600.0
2025-08-01 02:08:56 PM,1042.0,1,1042.0,18160642.0
2025-08-01 02:09:05 PM,1041.8,0,0.0,18160642.0
2025-08-01 02:09:06 PM,1041.8,1,1041.8,18161683.8
2025-08-01 02:09:21 PM,1041.0,1,1041.0,18162724.8
2025-08-01 02:09:56 PM,1041.8,1,1041.8,18163766.6
2025-08-01 02:09:56 PM,1041.8,1,1041.8,18164808.400000002
2025-08-01 02:10:24 PM,1041.0,0,0.0,18164808.400000002
2025-08-01 02:10:26 PM,1041.0,3,3123.0,18167931.400000002
2025-08-01 02:10:53 PM,1042.4,0,0.0,18167931.400000002
2025-08-01 02:10:54 PM,1042.3,0,0.0,18167931.400000002
2025-08-01 02:10:57 PM,1042.3,11,11465.3,18179396.700000003
2025-08-01 02:11:39 PM,1043.7,56,58447.200000000004,18237843.900000002
2025-08-01 02:11:51 PM,1042.7,0,0.0,18237843.900000002
2025-08-01 02:11:52 PM,1043.4,0,0.0,18237843.900000002
2025-08-01 02:11:54 PM,1043.4,4,4173.6,18242017.500000004
2025-08-01 02:15:04 PM,1043.2,0,0.0,18242017.500000004
2025-08-01 02:15:05 PM,1043.2,22,22950.4,18264967.900000002
2025-08-01 02:16:10 PM,1043.4,0,0.0,18264967.900000002
2025-08-01 02:16:11 PM,1043.4,9,9390.6,18274358.500000004
2025-08-01 02:16:26 PM,1042.1,0,0.0,18274358.500000004
2025-08-01 02:16:27 PM,1042.1,8,8336.8,18282695.300000004
2025-08-01 02:16:40 PM,1042.2,1,1042.2,18283737.500000004
2025-08-01 02:18:18 PM,1043.0,0,0.0,18283737.500000004
2025-08-01 02:18:22 PM,1043.0,28,29204.0,18312941.500000004
2025-08-01 02:19:23 PM,1042.0,0,0.0,18312941.500000004
2025-08-01 02:19:23 PM,1042.0,1,1042.0,18313983.500000004
2025-08-01 02:20:11 PM,1042.0,55,57310.0,18371293.500000004
2025-08-01 02:20:31 PM,1042.0,45,46890.0,18418183.500000004
2025-08-01 02:20:38 PM,1042.7,0,0.0,18418183.500000004
2025-08-01 02:20:41 PM,1042.7,25,26067.5,18444251.000000004
2025-08-01 02:21:54 PM,1042.1,22,22926.199999999997,18467177.200000003
2025-08-01 02:21:54 PM,1042.2,1,1042.2,18468219.400000002
2025-08-01 02:22:10 PM,1042.2,1,1042.2,18469261.6
2025-08-01 02:22:20 PM,1040.4,0,0.0,18469261.6
2025-08-01 02:22:21 PM,1040.4,604,628401.6000000001,19097663.200000003
2025-08-01 02:22:52 PM,1039.2,0,0.0,19097663.200000003
2025-08-01 02:22:53 PM,1039.2,1,1039.2,19098702.400000002
2025-08-01 02:23:03 PM,1040.3,11,11443.3,19110145.700000003
2025-08-01 02:23:41 PM,1039.9,1,1039.9,19111185.6
2025-08-01 02:23:46 PM,1039.9,1,1039.9,19112225.5
2025-08-01 02:24:02 PM,1039.7,0,0.0,19112225.5
2025-08-01 02:24:02 PM,1039.7,25,25992.5,19138218.0
2025-08-01 02:24:05 PM,1041.4,0,0.0,19138218.0
2025-08-01 02:24:08 PM,1041.4,10,10414.0,19148632.0
2025-08-01 02:25:00 PM,1042.9,0,0.0,19148632.0
2025-08-01 02:25:00 PM,1042.9,19,19815.100000000002,19168447.1
2025-08-01 02:25:30 PM,1040.3,0,0.0,19168447.1
2025-08-01 02:25:32 PM,1041.8,0,0.0,19168447.1
2025-08-01 02:25:32 PM,1041.8,288,300038.39999999997,19468485.5
2025-08-01 02:27:29 PM,1040.3,0,0.0,19468485.5
2025-08-01 02:27:30 PM,1040.3,23,23926.899999999998,19492412.4
2025-08-01 02:28:12 PM,1040.9,0,0.0,19492412.4
2025-08-01 02:28:13 PM,1041.6,0,0.0,19492412.4
2025-08-01 02:28:13 PM,1041.6,56,58329.59999999999,19550742.0
2025-08-01 02:30:21 PM,1040.6,10,10406.0,19561148.0
2025-08-01 02:30:22 PM,1041.5,0,0.0,19561148.0
2025-08-01 02:30:26 PM,1041.5,1,1041.5,19562189.5
2025-08-01 02:34:03 PM,1042.0,1,1042.0,19563231.5
2025-08-01 02:34:22 PM,1041.8,0,0.0,19563231.5
2025-08-01 02:34:22 PM,1041.7,0,0.0,19563231.5
2025-08-01 02:34:23 PM,1041.7,48,50001.600000000006,19613233.1
2025-08-01 02:36:47 PM,1042.2,1,1042.2,19614275.3
2025-08-01 02:38:41 PM,1040.8,0,0.0,19614275.3
2025-08-01 02:38:42 PM,1040.8,1,1040.8,19615316.1
2025-08-01 02:38:48 PM,1039.0,99,102861.0,19718177.1
2025-08-01 02:39:17 PM,1041.6,31,32289.6,19750466.700000003
2025-08-01 02:39:26 PM,1042.1,0,0.0,19750466.700000003
2025-08-01 02:39:28 PM,1042.1,50,52104.99999999999,19802571.700000003
2025-08-01 02:40:18 PM,1040.1,0,0.0,19802571.700000003
2025-08-01 02:40:18 PM,1040.1,6,6240.599999999999,19808812.300000004
2025-08-01 02:42:11 PM,1041.4,0,0.0,19808812.300000004
2025-08-01 02:42:12 PM,1041.4,10,10414.0,19819226.300000004
2025-08-01 02:42:12 PM,1041.7,19,19792.3,19839018.600000005
2025-08-01 02:42:18 PM,1043.3,1,1043.3,19840061.900000006
2025-08-01 02:42:20 PM,1042.9,0,0.0,19840061.900000006
2025-08-01 02:42:23 PM,1042.9,4,4171.6,19844233.500000007
2025-08-01 02:46:23 PM,1042.1,0,0.0,19844233.500000007
2025-08-01 02:46:26 PM,1042.1,6,6252.599999999999,19850486.10000001
2025-08-01 02:46:26 PM,1041.9,1,1041.9,19851528.000000007
2025-08-01 02:46:36 PM,1042.5,0,0.0,19851528.000000007
2025-08-01 02:46:36 PM,1042.5,50,52125.0,19903653.000000007
2025-08-01 02:46:37 PM,1042.2,5,5211.0,19908864.000000007
2025-08-01 02:46:57 PM,1040.7,0,0.0,19908864.000000007
2025-08-01 02:46:58 PM,1040.7,20,20814.0,19929678.000000007
2025-08-01 02:47:04 PM,1041.8,2,2083.6,19931761.60000001
2025-08-01 02:47:10 PM,1041.8,1,1041.8,19932803.40000001
2025-08-01 02:47:59 PM,1040.6,0,0.0,19932803.40000001
2025-08-01 02:48:01 PM,1040.6,4,4162.4,19936965.80000001
2025-08-01 02:48:07 PM,1041.5,1,1041.5,19938007.30000001
2025-08-01 02:48:36 PM,1040.9,27,28104.300000000003,19966111.60000001
2025-08-01 02:48:41 PM,1040.9,3,3122.7000000000003,19969234.30000001
2025-08-01 02:49:36 PM,1040.9,13,13531.7,19982766.000000007
2025-08-01 02:49:42 PM,1042.6,0,0.0,19982766.000000007
2025-08-01 02:49:42 PM,1042.6,2,2085.2,19984851.200000007
2025-08-01 02:50:15 PM,1040.9,0,0.0,19984851.200000007
2025-08-01 02:50:15 PM,1040.9,1,1040.9,19985892.100000005
2025-08-01 02:50:40 PM,1041.8,0,0.0,19985892.100000005
2025-08-01 02:50:42 PM,1041.8,1,1041.8,19986933.900000006
2025-08-01 02:51:01 PM,1040.0,0,0.0,19986933.900000006
2025-08-01 02:51:04 PM,1040.0,59,61360.0,20048293.900000006
2025-08-01 02:51:09 PM,1041.0,3,3123.0,20051416.900000006
2025-08-01 02:51:14 PM,1041.6,0,0.0,20051416.900000006
2025-08-01 02:51:15 PM,1041.6,3,3124.7999999999997,20054541.700000007
2025-08-01 02:51:15 PM,1041.5,1,1041.5,20055583.200000007
2025-08-01 02:52:46 PM,1040.1,50,52004.99999999999,20107588.200000007
2025-08-01 02:52:51 PM,1041.3,5,5206.5,20112794.700000007
2025-08-01 02:54:11 PM,1041.6,0,0.0,20112794.700000007
2025-08-01 02:54:12 PM,1041.6,20,20832.0,20133626.700000007
2025-08-01 02:54:12 PM,1041.5,0,0.0,20133626.700000007
2025-08-01 02:54:14 PM,1041.5,2,2083.0,20135709.700000007
2025-08-01 02:54:30 PM,1039.6,138,143464.8,20279174.500000007
2025-08-01 02:54:32 PM,1038.4,0,0.0,20279174.500000007
2025-08-01 02:54:32 PM,1038.4,179,185873.6,20465048.10000001
2025-08-01 02:54:35 PM,1038.4,29,30113.600000000002,20495161.70000001
2025-08-01 02:54:36 PM,1038.3,0,0.0,20495161.70000001
2025-08-01 02:54:38 PM,1038.3,3,3114.8999999999996,20498276.60000001
2025-08-01 02:54:57 PM,1038.4,0,0.0,20498276.60000001
2025-08-01 02:54:59 PM,1037.8,0,0.0,20498276.60000001
2025-08-01 02:55:00 PM,1037.8,4,4151.2,20502427.80000001
2025-08-01 02:56:18 PM,1038.5,10,10385.0,20512812.80000001
2025-08-01 02:56:19 PM,1038.5,1,1038.5,20513851.30000001
2025-08-01 02:56:28 PM,1036.6,0,0.0,20513851.30000001
2025-08-01 02:56:29 PM,1036.6,7,7256.199999999999,20521107.500000007
2025-08-01 02:56:35 PM,1037.8,1,1037.8,20522145.30000001
2025-08-01 02:57:03 PM,1036.4,0,0.0,20522145.30000001
2025-08-01 02:57:08 PM,1036.4,5,5182.0,20527327.30000001
2025-08-01 02:57:13 PM,1037.3,1,1037.3,20528364.60000001
2025-08-01 02:57:24 PM,1037.4,6,6224.400000000001,20534589.000000007
2025-08-01 02:57:25 PM,1038.2,4,4152.8,20538741.80000001
2025-08-01 02:57:30 PM,1039.4,0,0.0,20538741.80000001
2025-08-01 02:57:30 PM,1039.4,1,1039.4,20539781.200000007
2025-08-01 02:57:32 PM,1038.2,0,0.0,20539781.200000007
2025-08-01 02:57:34 PM,1040.4,0,0.0,20539781.200000007
2025-08-01 02:57:35 PM,1040.5,88,91564.0,20631345.200000007
2025-08-01 02:57:36 PM,1040.5,10,10405.0,20641750.200000007
2025-08-01 02:57:40 PM,1042.1,38,39599.799999999996,20681350.000000007
2025-08-01 02:57:41 PM,1042.9,6,6257.400000000001,20687607.400000006
2025-08-01 02:57:46 PM,1040.5,122,126941.0,20814548.400000006
2025-08-01 02:57:46 PM,1041.5,0,0.0,20814548.400000006
2025-08-01 02:57:46 PM,1041.5,32,33328.0,20847876.400000006
2025-08-01 02:57:52 PM,1043.0,0,0.0,20847876.400000006
2025-08-01 02:57:52 PM,1043.0,3,3129.0,20851005.400000006
2025-08-01 02:57:54 PM,1042.9,0,0.0,20851005.400000006
2025-08-01 02:57:56 PM,1043.9,20,20878.0,20871883.400000006
2025-08-01 02:57:58 PM,1043.9,4,4175.6,20876059.000000007
2025-08-01 02:57:58 PM,1042.7,0,0.0,20876059.000000007
2025-08-01 02:58:00 PM,1042.5,0,0.0,20876059.000000007
2025-08-01 02:58:01 PM,1042.5,86,89655.0,20965714.000000007
2025-08-01 02:58:01 PM,1042.7,4,4170.8,20969884.80000001
2025-08-01 02:58:02 PM,1043.9,4,4175.6,20974060.40000001
2025-08-01 02:58:02 PM,1043.9,2,2087.8,20976148.20000001
2025-08-01 02:58:06 PM,1044.0,0,0.0,20976148.20000001
2025-08-01 02:58:06 PM,1044.0,9,9396.0,20985544.20000001
2025-08-01 02:58:06 PM,1044.0,1,1044.0,20986588.20000001
2025-08-01 02:58:08 PM,1045.0,0,0.0,20986588.20000001
2025-08-01 02:58:08 PM,1045.0,68,71060.0,21057648.20000001
2025-08-01 02:58:09 PM,1046.6,0,0.0,21057648.20000001
2025-08-01 02:58:10 PM,1046.6,1,1046.6,21058694.800000012
2025-08-01 02:58:10 PM,1046.7,0,0.0,21058694.800000012
2025-08-01 02:58:11 PM,1046.7,1,1046.7,21059741.50000001
2025-08-01 02:58:12 PM,1046.7,2,2093.4,21061834.90000001
2025-08-01 02:58:13 PM,1046.7,7,7326.900000000001,21069161.80000001
2025-08-01 02:58:14 PM,1046.7,20,20934.0,21090095.80000001
2025-08-01 02:58:14 PM,1046.8,0,0.0,21090095.80000001
2025-08-01 02:58:14 PM,1046.8,40,41872.0,21131967.80000001
2025-08-01 02:58:15 PM,1046.9,0,0.0,21131967.80000001
2025-08-01 02:58:15 PM,1046.9,20,20938.0,21152905.80000001
2025-08-01 02:58:15 PM,1046.9,5,5234.5,21158140.30000001
2025-08-01 02:58:16 PM,1046.7,66,69082.2,21227222.500000007
2025-08-01 02:58:16 PM,1046.7,6,6280.200000000001,21233502.700000007
2025-08-01 02:58:17 PM,1046.7,1,1046.7,21234549.400000006
2025-08-01 02:58:18 PM,1046.8,0,0.0,21234549.400000006
2025-08-01 02:58:18 PM,1046.8,3,3140.3999999999996,21237689.800000004
2025-08-01 02:58:19 PM,1046.8,2,2093.6,21239783.400000006
2025-08-01 02:58:19 PM,1046.8,1,1046.8,21240830.200000007
2025-08-01 02:58:21 PM,1046.9,0,0.0,21240830.200000007
2025-08-01 02:58:21 PM,1046.9,5,5234.5,21246064.700000007
2025-08-01 02:58:24 PM,1046.9,37,38735.3,21284800.000000007
2025-08-01 02:58:24 PM,1046.9,8,8375.2,21293175.200000007
2025-08-01 02:58:25 PM,1046.9,1,1046.9,21294222.100000005
2025-08-01 02:58:27 PM,1046.7,0,0.0,21294222.100000005
2025-08-01 02:58:27 PM,1046.7,7,7326.900000000001,21301549.000000004
2025-08-01 02:58:28 PM,1046.7,4,4186.8,21305735.800000004
2025-08-01 02:58:29 PM,1046.7,1,1046.7,21306782.500000004
2025-08-01 02:58:29 PM,1046.7,1,1046.7,21307829.200000003
2025-08-01 02:58:31 PM,1046.7,2,2093.4,21309922.6
2025-08-01 02:58:32 PM,1046.9,5,5234.5,21315157.1
2025-08-01 02:58:33 PM,1046.9,2,2093.8,21317250.900000002
2025-08-01 02:58:34 PM,1046.9,1,1046.9,21318297.8
2025-08-01 02:58:35 PM,1046.6,38,39770.799999999996,21358068.6
2025-08-01 02:58:35 PM,1046.6,4,4186.4,21362255.0
2025-08-01 02:58:36 PM,1046.4,0,0.0,21362255.0
2025-08-01 02:58:36 PM,1046.4,6,6278.400000000001,21368533.4
2025-08-01 02:58:39 PM,1047.0,1,1047.0,21369580.4
2025-08-01 02:58:40 PM,1047.7,0,0.0,21369580.4
2025-08-01 02:58:40 PM,1047.7,196,205349.2,21574929.599999998
2025-08-01 02:58:42 PM,1049.9,1,1049.9,21575979.499999996
2025-08-01 02:58:42 PM,1050.0,0,0.0,21575979.499999996
2025-08-01 02:58:42 PM,1050.0,1,1050.0,21577029.499999996
2025-08-01 02:58:44 PM,1050.0,13,13650.0,21590679.499999996
2025-08-01 02:59:04 PM,1052.3,0,0.0,21590679.499999996
2025-08-01 02:59:05 PM,1050.1,26,27302.6,21617982.099999998
2025-08-01 02:59:35 PM,1052.1,1,1052.1,21619034.2
2025-08-01 02:59:38 PM,1052.3,0,0.0,21619034.2
2025-08-01 02:59:39 PM,1052.3,5,5261.5,21624295.7
2025-08-01 02:59:57 PM,1050.6,6,6303.599999999999,21630599.3
2025-08-01 03:00:21 PM,1050.8,4,4203.2,21634802.5
2025-08-01 03:00:55 PM,1051.0,1,1051.0,21635853.5
2025-08-01 03:01:28 PM,1051.0,2,2102.0,21637955.5
2025-08-01 03:01:49 PM,1051.0,4,4204.0,21642159.5
2025-08-01 03:02:44 PM,1050.0,78,81900.0,21724059.5
2025-08-01 03:03:00 PM,1050.0,10,10500.0,21734559.5
2025-08-01 03:03:18 PM,1050.0,50,52500.0,21787059.5
2025-08-01 03:03:27 PM,1050.0,504,529200.0,22316259.5
2025-08-01 03:03:31 PM,1050.0,1,1050.0,22317309.5
2025-08-01 03:03:36 PM,1050.0,99,103950.0,22421259.5
2025-08-01 03:03:43 PM,1050.0,1,1050.0,22422309.5
2025-08-01 03:03:48 PM,1049.9,165,173233.50000000003,22595543.0
2025-08-01 03:03:51 PM,1049.8,16,16796.8,22612339.8
2025-08-01 03:03:54 PM,1049.8,2,2099.6,22614439.400000002
2025-08-01 03:03:57 PM,1049.8,13,13647.4,22628086.8
2025-08-01 03:04:00 PM,1049.8,5,5249.0,22633335.8
2025-08-01 03:04:04 PM,1050.0,9,9450.0,22642785.8
2025-08-01 03:04:07 PM,1049.8,111,116527.79999999999,22759313.6
2025-08-01 03:04:10 PM,1050.0,57,59850.0,22819163.6
2025-08-01 03:04:12 PM,1050.5,0,0.0,22819163.6
2025-08-01 03:04:13 PM,1050.5,176,184888.0,23004051.6
2025-08-01 03:04:16 PM,1049.8,102,107079.59999999999,23111131.200000003
2025-08-01 03:04:19 PM,1049.8,11,11547.8,23122679.000000004
2025-08-01 03:04:22 PM,1049.8,2,2099.6,23124778.600000005
2025-08-01 03:04:24 PM,1050.0,0,0.0,23124778.600000005
2025-08-01 03:04:25 PM,1050.0,66,69300.0,23194078.600000005
2025-08-01 03:04:28 PM,1050.0,16,16800.0,23210878.600000005
2025-08-01 03:04:32 PM,1050.0,11,11550.0,23222428.600000005
2025-08-01 03:04:35 PM,1050.0,63,66150.0,23288578.600000005
2025-08-01 03:04:38 PM,1050.0,7,7350.0,23295928.600000005
2025-08-01 03:04:41 PM,1050.0,10,10500.0,23306428.600000005
2025-08-01 03:04:44 PM,1050.0,7,7350.0,23313778.600000005
2025-08-01 03:04:47 PM,1050.0,28,29400.0,23343178.600000005
2025-08-01 03:04:53 PM,1050.0,128,134400.0,23477578.600000005
2025-08-01 03:04:56 PM,1050.0,14,14700.0,23492278.600000005
2025-08-01 03:04:59 PM,1050.0,2,2100.0,23494378.600000005
2025-08-01 03:05:02 PM,1050.0,4,4200.0,23498578.600000005
2025-08-01 03:05:03 PM,1050.0,5,5250.0,23503828.600000005
2025-08-01 03:05:03 PM,1050.0,1,1050.0,23504878.600000005
2025-08-01 03:05:04 PM,1050.0,41,43050.0,23547928.600000005
2025-08-01 03:05:06 PM,1050.9,0,0.0,23547928.600000005
2025-08-01 03:05:06 PM,1050.9,31,32577.9,23580506.500000004
2025-08-01 03:06:26 PM,1050.0,0,0.0,23580506.500000004
2025-08-01 03:06:26 PM,1050.0,4,4200.0,23584706.500000004
2025-08-01 03:07:07 PM,1050.0,1,1050.0,23585756.500000004
2025-08-01 03:07:23 PM,1050.0,50,52500.0,23638256.500000004
2025-08-01 03:08:18 PM,1050.0,6,6300.0,23644556.500000004
2025-08-01 03:08:22 PM,1050.0,25,26250.0,23670806.500000004
2025-08-01 03:08:49 PM,1050.0,1,1050.0,23671856.500000004
2025-08-01 03:09:01 PM,1050.8,0,0.0,23671856.500000004
2025-08-01 03:09:01 PM,1050.8,8,8406.4,23680262.900000002
2025-08-01 03:09:31 PM,1050.0,6,6300.0,23686562.900000002
2025-08-01 03:09:44 PM,1050.0,1,1050.0,23687612.900000002
2025-08-01 03:09:47 PM,1050.1,45,47254.49999999999,23734867.400000002
2025-08-01 03:10:05 PM,1050.2,6,6301.200000000001,23741168.6
2025-08-01 03:10:33 PM,1050.8,95,99826.0,23840994.6
2025-08-01 03:10:59 PM,1050.0,15,15750.0,23856744.6
2025-08-01 03:11:21 PM,1050.1,0,0.0,23856744.6
2025-08-01 03:11:23 PM,1050.0,0,0.0,23856744.6
2025-08-01 03:11:24 PM,1050.0,250,262500.0,24119244.6
2025-08-01 03:11:44 PM,1050.0,52,54600.0,24173844.6
2025-08-01 03:11:46 PM,1050.0,2,2100.0,24175944.6
2025-08-01 03:11:55 PM,1049.0,0,0.0,24175944.6
2025-08-01 03:11:57 PM,1049.0,347,364003.0,24539947.6
2025-08-01 03:12:03 PM,1050.0,0,0.0,24539947.6
2025-08-01 03:12:03 PM,1050.0,34,35700.0,24575647.6
2025-08-01 03:12:05 PM,1050.0,4,4200.0,24579847.6
2025-08-01 03:12:10 PM,1050.0,37,38850.0,24618697.6
2025-08-01 03:12:12 PM,1050.0,4,4200.0,24622897.6
2025-08-01 03:12:16 PM,1049.4,170,178398.00000000003,24801295.6
2025-08-01 03:12:18 PM,1049.7,0,0.0,24801295.6
2025-08-01 03:12:18 PM,1049.7,48,50385.600000000006,24851681.200000003
2025-08-01 03:12:20 PM,1049.4,0,0.0,24851681.200000003
2025-08-01 03:12:23 PM,1050.0,125,131250.0,24982931.200000003
2025-08-01 03:12:25 PM,1050.0,146,153300.0,25136231.200000003
2025-08-01 03:12:29 PM,1050.0,172,180600.0,25316831.200000003
2025-08-01 03:12:32 PM,1050.0,78,81900.0,25398731.200000003
2025-08-01 03:12:51 PM,1050.0,100,105000.0,25503731.200000003
2025-08-01 03:12:55 PM,1050.0,220,231000.0,25734731.200000003
2025-08-01 03:13:21 PM,1050.0,9,9450.0,25744181.200000003
2025-08-01 03:13:27 PM,1050.0,50,52500.0,25796681.200000003
2025-08-01 03:13:30 PM,1050.0,20,21000.0,25817681.200000003
2025-08-01 03:13:54 PM,1050.0,21,22050.0,25839731.200000003
2025-08-01 03:14:16 PM,1050.0,3,3150.0,25842881.200000003
2025-08-01 03:14:46 PM,1050.0,90,94500.0,25937381.200000003
2025-08-01 03:14:49 PM,1050.9,22,23119.800000000003,25960501.000000004
2025-08-01 03:15:04 PM,1050.1,10,10501.0,25971002.000000004
2025-08-01 03:15:22 PM,1052.1,0,0.0,25971002.000000004
2025-08-01 03:15:24 PM,1052.1,30,31562.999999999996,26002565.000000004
2025-08-01 03:16:11 PM,1050.3,0,0.0,26002565.000000004
2025-08-01 03:16:14 PM,1050.3,20,21006.0,26023571.000000004
2025-08-01 03:16:55 PM,1051.8,10,10518.0,26034089.000000004
2025-08-01 03:17:02 PM,1050.3,6,6301.799999999999,26040390.800000004
2025-08-01 03:17:03 PM,1050.3,1,1050.3,26041441.100000005
2025-08-01 03:17:09 PM,1050.3,3,3150.8999999999996,26044592.000000004
2025-08-01 03:17:20 PM,1051.2,0,0.0,26044592.000000004
2025-08-01 03:17:22 PM,1051.2,1,1051.2,26045643.200000003
2025-08-01 03:17:35 PM,1051.2,3,3153.6000000000004,26048796.800000004
2025-08-01 03:17:42 PM,1050.9,1,1050.9,26049847.700000003
2025-08-01 03:17:45 PM,1050.3,0,0.0,26049847.700000003
2025-08-01 03:17:48 PM,1050.3,60,63018.0,26112865.700000003
2025-08-01 03:18:10 PM,1052.0,10,10520.0,26123385.700000003
2025-08-01 03:18:24 PM,1050.1,0,0.0,26123385.700000003
2025-08-01 03:18:28 PM,1050.1,44,46204.399999999994,26169590.1
2025-08-01 03:18:40 PM,1050.6,25,26264.999999999996,26195855.1
2025-08-01 03:19:00 PM,1050.5,616,647108.0,26842963.1
2025-08-01 03:19:07 PM,1050.5,35,36767.5,26879730.6
2025-08-01 03:19:39 PM,1050.4,0,0.0,26879730.6
2025-08-01 03:19:40 PM,1050.4,30,31512.000000000004,26911242.6
2025-08-01 03:19:42 PM,1052.0,17,17884.0,26929126.6
2025-08-01 03:19:45 PM,1050.3,0,0.0,26929126.6
2025-08-01 03:19:46 PM,1050.3,17,17855.1,26946981.700000003
2025-08-01 03:20:01 PM,1052.0,2,2104.0,26949085.700000003
2025-08-01 03:20:04 PM,1052.7,0,0.0,26949085.700000003
2025-08-01 03:20:06 PM,1052.8,58,61062.399999999994,27010148.1
2025-08-01 03:20:14 PM,1050.6,17,17860.199999999997,27028008.3
2025-08-01 03:20:24 PM,1050.7,30,31521.0,27059529.3
2025-08-01 03:20:26 PM,1050.0,0,0.0,27059529.3
2025-08-01 03:20:28 PM,1046.0,95,99370.0,27158899.3
2025-08-01 03:20:30 PM,1049.5,0,0.0,27158899.3
2025-08-01 03:20:31 PM,1049.5,19,19940.5,27178839.8
2025-08-01 03:20:35 PM,1049.2,53,55607.600000000006,27234447.400000002
2025-08-01 03:20:36 PM,1046.0,0,0.0,27234447.400000002
2025-08-01 03:20:38 PM,1045.9,159,166298.1,27400745.500000004
2025-08-01 03:20:42 PM,1049.3,114,119620.2,27520365.700000003
2025-08-01 03:20:44 PM,1050.0,0,0.0,27520365.700000003
2025-08-01 03:20:44 PM,1050.0,389,408450.0,27928815.700000003
2025-08-01 03:20:48 PM,1049.2,0,0.0,27928815.700000003
2025-08-01 03:20:49 PM,1049.2,216,226627.2,28155442.900000002
2025-08-01 03:20:51 PM,1048.8,22,23073.6,28178516.500000004
2025-08-01 03:20:56 PM,1048.8,2,2097.6,28180614.100000005
2025-08-01 03:21:08 PM,1050.0,0,0.0,28180614.100000005
2025-08-01 03:21:10 PM,1050.0,215,225750.0,28406364.100000005
2025-08-01 03:21:17 PM,1050.0,18,18900.0,28425264.100000005
2025-08-01 03:21:57 PM,1050.0,461,484050.0,28909314.100000005
2025-08-01 03:21:59 PM,1050.0,42,44100.0,28953414.100000005
2025-08-01 03:22:04 PM,1050.0,16,16800.0,28970214.100000005
2025-08-01 03:22:31 PM,1050.0,50,52500.0,29022714.100000005
2025-08-01 03:22:38 PM,1050.0,2,2100.0,29024814.100000005
2025-08-01 03:22:44 PM,1050.0,2,2100.0,29026914.100000005
2025-08-01 03:22:51 PM,1050.5,5,5252.5,29032166.600000005
2025-08-01 03:22:58 PM,1050.0,10,10500.0,29042666.600000005
2025-08-01 03:23:00 PM,1050.0,2,2100.0,29044766.600000005
2025-08-01 03:23:06 PM,1050.3,2,2100.6,29046867.200000007
2025-08-01 03:23:13 PM,1050.0,2,2100.0,29048967.200000007
2025-08-01 03:23:24 PM,1050.0,409,429450.0,29478417.200000007
2025-08-01 03:23:31 PM,1050.0,136,142800.0,29621217.200000007
2025-08-01 03:23:38 PM,1050.0,5,5250.0,29626467.200000007
2025-08-01 03:23:44 PM,1050.0,5,5250.0,29631717.200000007
2025-08-01 03:23:57 PM,1050.0,104,109200.0,29740917.200000007
2025-08-01 03:24:11 PM,1050.0,162,170100.0,29911017.200000007
2025-08-01 03:24:18 PM,1050.0,10,10500.0,29921517.200000007
2025-08-01 03:24:31 PM,1050.0,2,2100.0,29923617.200000007
2025-08-01 03:24:38 PM,1050.0,2,2100.0,29925717.200000007
2025-08-01 03:24:51 PM,1050.2,32,33606.4,29959323.600000005
2025-08-01 03:25:03 PM,1050.0,0,0.0,29959323.600000005
2025-08-01 03:25:04 PM,1050.0,25,26250.0,29985573.600000005
2025-08-01 03:25:18 PM,1050.0,4,4200.0,29989773.600000005
2025-08-01 03:25:31 PM,1050.0,2,2100.0,29991873.600000005
2025-08-01 03:25:45 PM,1050.0,2,2100.0,29993973.600000005
2025-08-01 03:25:51 PM,1050.0,2,2100.0,29996073.600000005
2025-08-01 03:26:03 PM,1050.0,16,16800.0,30012873.600000005
2025-08-01 03:26:10 PM,1050.0,32,33600.0,30046473.600000005
2025-08-01 03:26:23 PM,1050.0,4,4200.0,30050673.600000005
2025-08-01 03:26:30 PM,1050.1,0,0.0,30050673.600000005
2025-08-01 03:26:30 PM,1050.1,1424,1495342.4,31546016.000000004
2025-08-01 03:26:31 PM,1050.0,1,1050.0,31547066.000000004
2025-08-01 03:26:49 PM,1050.0,165,173250.0,31720316.000000004
2025-08-01 03:27:02 PM,1050.0,4,4200.0,31724516.000000004
2025-08-01 03:27:45 PM,1050.0,36,37800.0,31762316.000000004
2025-08-01 03:27:52 PM,1055.0,0,0.0,31762316.000000004
2025-08-01 03:27:52 PM,1055.0,140,147700.0,31910016.000000004
2025-08-01 03:28:12 PM,1052.3,0,0.0,31910016.000000004
2025-08-01 03:28:13 PM,1052.3,27,28412.1,31938428.100000005
2025-08-01 03:28:14 PM,1052.3,27,28412.1,31966840.200000007
2025-08-01 03:28:29 PM,1052.3,9,9470.699999999999,31976310.900000006
2025-08-01 03:28:32 PM,1050.3,0,0.0,31976310.900000006
2025-08-01 03:28:34 PM,1055.0,88,92840.0,32069150.900000006
2025-08-01 03:28:42 PM,1051.9,0,0.0,32069150.900000006
2025-08-01 03:28:43 PM,1051.9,27,28401.300000000003,32097552.200000007
2025-08-01 03:28:45 PM,1050.4,0,0.0,32097552.200000007
2025-08-01 03:28:47 PM,1050.4,5,5252.0,32102804.200000007
2025-08-01 03:28:56 PM,1050.4,2,2100.8,32104905.000000007
2025-08-01 03:29:04 PM,1050.5,0,0.0,32104905.000000007
2025-08-01 03:29:09 PM,1054.8,99,104425.2,32209330.200000007
2025-08-01 03:29:11 PM,1050.6,1,1050.6,32210380.80000001
2025-08-01 03:29:24 PM,1051.1,0,0.0,32210380.80000001
2025-08-01 03:29:24 PM,1051.1,1,1051.1,32211431.90000001
2025-08-01 03:29:32 PM,1051.1,1,1051.1,32212483.00000001
2025-08-01 03:29:46 PM,1051.3,0,0.0,32212483.00000001
2025-08-01 03:29:47 PM,1051.3,3,3153.8999999999996,32215636.90000001
2025-08-01 03:29:51 PM,1051.0,0,0.0,32215636.90000001
2025-08-01 03:29:54 PM,1050.4,26,27310.4,32242947.30000001
2025-08-01 03:29:56 PM,1050.4,1,1050.4,32243997.700000007
