date,price,qty,trnvr,cum_trnvr
2025-08-01 09:15:01 AM,175.0,111,19425.0,19425.0
2025-08-01 09:15:09 AM,175.09,0,0.0,19425.0
2025-08-01 09:15:10 AM,175.09,1,175.09,19600.09
2025-08-01 09:15:13 AM,174.35,422,73575.7,93175.79
2025-08-01 09:15:18 AM,174.5,0,0.0,93175.79
2025-08-01 09:15:21 AM,174.5,100,17450.0,110625.79
2025-08-01 09:15:26 AM,174.36,0,0.0,110625.79
2025-08-01 09:15:29 AM,174.35,0,0.0,110625.79
2025-08-01 09:15:30 AM,174.35,249,43413.15,154038.94
2025-08-01 09:15:33 AM,174.55,0,0.0,154038.94
2025-08-01 09:15:39 AM,174.55,4,698.2,154737.14
2025-08-01 09:15:46 AM,174.87,0,0.0,154737.14
2025-08-01 09:15:47 AM,174.87,61,10667.07,165404.21000000002
2025-08-01 09:15:51 AM,174.61,0,0.0,165404.21000000002
2025-08-01 09:15:55 AM,174.61,937,163609.57,329013.78
2025-08-01 09:16:00 AM,174.5,0,0.0,329013.78
2025-08-01 09:16:02 AM,174.8,0,0.0,329013.78
2025-08-01 09:16:03 AM,174.8,620,108376.0,437389.78
2025-08-01 09:16:08 AM,174.96,0,0.0,437389.78
2025-08-01 09:16:11 AM,174.96,90,15746.400000000001,453136.18000000005
2025-08-01 09:16:19 AM,174.77,4,699.08,453835.26000000007
2025-08-01 09:16:21 AM,174.5,750,130875.0,584710.26
2025-08-01 09:16:24 AM,174.96,0,0.0,584710.26
2025-08-01 09:16:28 AM,174.96,500,87480.0,672190.26
2025-08-01 09:16:44 AM,174.65,4,698.6,672888.86
2025-08-01 09:16:53 AM,174.96,100,17496.0,690384.86
2025-08-01 09:17:09 AM,174.95,50,8747.5,699132.36
2025-08-01 09:17:14 AM,174.96,0,0.0,699132.36
2025-08-01 09:17:17 AM,175.0,249,43575.0,742707.36
2025-08-01 09:17:27 AM,175.02,6,1050.1200000000001,743757.48
2025-08-01 09:17:37 AM,174.96,0,0.0,743757.48
2025-08-01 09:17:42 AM,174.96,2,349.92,744107.4
2025-08-01 09:18:03 AM,174.98,0,0.0,744107.4
2025-08-01 09:18:07 AM,175.08,5,875.4000000000001,744982.8
2025-08-01 09:18:19 AM,175.01,0,0.0,744982.8
2025-08-01 09:18:24 AM,175.01,4,700.04,745682.8400000001
2025-08-01 09:18:40 AM,175.16,204,35732.64,781415.4800000001
2025-08-01 09:19:04 AM,175.37,141,24727.170000000002,806142.6500000001
2025-08-01 09:19:21 AM,175.28,4,701.12,806843.7700000001
2025-08-01 09:19:53 AM,175.23,1,175.23,807019.0000000001
2025-08-01 09:20:02 AM,175.23,3,525.6899999999999,807544.6900000001
2025-08-01 09:20:15 AM,175.27,0,0.0,807544.6900000001
2025-08-01 09:20:17 AM,175.27,4,701.08,808245.77
2025-08-01 09:20:33 AM,175.3,0,0.0,808245.77
2025-08-01 09:20:34 AM,175.3,5,876.5,809122.27
2025-08-01 09:21:03 AM,175.3,4,701.2,809823.47
2025-08-01 09:21:19 AM,175.3,100,17530.0,827353.47
2025-08-01 09:21:42 AM,175.3,4,701.2,828054.6699999999
2025-08-01 09:22:08 AM,175.39,0,0.0,828054.6699999999
2025-08-01 09:22:13 AM,175.48,149,26146.519999999997,854201.19
2025-08-01 09:22:24 AM,175.37,0,0.0,854201.19
2025-08-01 09:22:28 AM,175.37,4,701.48,854902.6699999999
2025-08-01 09:22:32 AM,175.39,0,0.0,854902.6699999999
2025-08-01 09:22:36 AM,175.21,504,88305.84000000001,943208.5099999999
2025-08-01 09:22:49 AM,175.37,0,0.0,943208.5099999999
2025-08-01 09:22:51 AM,175.37,4,701.48,943909.9899999999
2025-08-01 09:22:53 AM,175.22,350,61327.0,1005236.9899999999
2025-08-01 09:22:56 AM,175.3,0,0.0,1005236.9899999999
2025-08-01 09:22:58 AM,175.13,0,0.0,1005236.9899999999
2025-08-01 09:22:58 AM,175.13,274,47985.619999999995,1053222.6099999999
2025-08-01 09:23:03 AM,175.41,0,0.0,1053222.6099999999
2025-08-01 09:23:06 AM,175.41,100,17541.0,1070763.6099999999
2025-08-01 09:23:21 AM,175.3,6,1051.8000000000002,1071815.41
2025-08-01 09:23:29 AM,174.73,920,160751.59999999998,1232567.0099999998
2025-08-01 09:23:36 AM,174.89,0,0.0,1232567.0099999998
2025-08-01 09:23:37 AM,174.89,17,2973.1299999999997,1235540.1399999997
2025-08-01 09:23:52 AM,174.76,4,699.04,1236239.1799999997
2025-08-01 09:24:07 AM,174.81,4,699.24,1236938.4199999997
2025-08-01 09:24:09 AM,174.93,27,4723.110000000001,1241661.5299999998
2025-08-01 09:24:38 AM,174.69,78,13625.82,1255287.3499999999
2025-08-01 09:24:52 AM,174.5,0,0.0,1255287.3499999999
2025-08-01 09:24:53 AM,174.5,34,5933.0,1261220.3499999999
2025-08-01 09:24:53 AM,174.21,0,0.0,1261220.3499999999
2025-08-01 09:24:55 AM,174.21,4,696.84,1261917.19
2025-08-01 09:24:59 AM,174.41,0,0.0,1261917.19
2025-08-01 09:25:00 AM,174.41,1,174.41,1262091.5999999999
2025-08-01 09:25:02 AM,174.14,75,13060.499999999998,1275152.0999999999
2025-08-01 09:25:13 AM,174.38,0,0.0,1275152.0999999999
2025-08-01 09:25:15 AM,174.38,100,17438.0,1292590.0999999999
2025-08-01 09:25:19 AM,174.28,0,0.0,1292590.0999999999
2025-08-01 09:25:23 AM,174.28,4,697.12,1293287.22
2025-08-01 09:25:25 AM,174.17,400,69668.0,1362955.22
2025-08-01 09:25:37 AM,174.33,4,697.32,1363652.54
2025-08-01 09:25:43 AM,174.26,0,0.0,1363652.54
2025-08-01 09:25:45 AM,174.26,504,87827.04,1451479.58
2025-08-01 09:25:54 AM,174.24,0,0.0,1451479.58
2025-08-01 09:25:55 AM,174.24,4,696.96,1452176.54
2025-08-01 09:26:23 AM,174.16,100,17416.0,1469592.54
2025-08-01 09:26:30 AM,174.11,0,0.0,1469592.54
2025-08-01 09:26:31 AM,174.11,154,26812.940000000002,1496405.48
2025-08-01 09:26:35 AM,174.16,0,0.0,1496405.48
2025-08-01 09:26:39 AM,174.16,150,26124.0,1522529.48
2025-08-01 09:26:40 AM,174.01,35,6090.349999999999,1528619.83
2025-08-01 09:27:09 AM,174.12,100,17412.0,1546031.83
2025-08-01 09:27:20 AM,174.06,0,0.0,1546031.83
2025-08-01 09:27:23 AM,174.06,4,696.24,1546728.07
2025-08-01 09:27:56 AM,174.05,0,0.0,1546728.07
2025-08-01 09:28:01 AM,174.05,4,696.2,1547424.27
2025-08-01 09:28:07 AM,173.91,0,0.0,1547424.27
2025-08-01 09:28:09 AM,173.91,1392,242082.72,1789506.99
2025-08-01 09:28:17 AM,173.81,2,347.62,1789854.61
2025-08-01 09:28:18 AM,173.84,4,695.36,1790549.9700000002
2025-08-01 09:28:24 AM,173.96,1,173.96,1790723.9300000002
2025-08-01 09:28:58 AM,174.01,0,0.0,1790723.9300000002
2025-08-01 09:29:02 AM,174.15,105,18285.75,1809009.6800000002
2025-08-01 09:29:09 AM,174.01,0,0.0,1809009.6800000002
2025-08-01 09:29:10 AM,174.01,89,15486.89,1824496.57
2025-08-01 09:29:18 AM,174.01,300,52203.0,1876699.57
2025-08-01 09:29:19 AM,174.05,5,870.25,1877569.82
2025-08-01 09:29:25 AM,174.15,537,93518.55,1971088.37
2025-08-01 09:29:40 AM,174.15,5,870.75,1971959.12
2025-08-01 09:29:55 AM,174.29,121,21089.09,1993048.2100000002
2025-08-01 09:30:01 AM,174.3,0,0.0,1993048.2100000002
2025-08-01 09:30:03 AM,174.3,1,174.3,1993222.5100000002
2025-08-01 09:30:36 AM,174.01,0,0.0,1993222.5100000002
2025-08-01 09:30:40 AM,174.05,218,37942.9,2031165.4100000001
2025-08-01 09:30:48 AM,174.01,1000,174010.0,2205175.41
2025-08-01 09:31:01 AM,173.96,0,0.0,2205175.41
2025-08-01 09:31:02 AM,173.96,923,160565.08000000002,2365740.49
2025-08-01 09:31:10 AM,173.82,1,173.82,2365914.31
2025-08-01 09:31:13 AM,173.85,0,0.0,2365914.31
2025-08-01 09:31:17 AM,173.85,1391,241825.35,2607739.66
2025-08-01 09:31:23 AM,173.97,0,0.0,2607739.66
2025-08-01 09:31:24 AM,173.97,1,173.97,2607913.6300000004
2025-08-01 09:31:43 AM,173.85,0,0.0,2607913.6300000004
2025-08-01 09:31:46 AM,173.86,26,4520.360000000001,2612433.99
2025-08-01 09:32:03 AM,173.93,0,0.0,2612433.99
2025-08-01 09:32:06 AM,173.97,33,5741.01,2618175.0
2025-08-01 09:32:14 AM,173.94,5,869.7,2619044.7
2025-08-01 09:32:21 AM,173.91,0,0.0,2619044.7
2025-08-01 09:32:21 AM,173.91,12,2086.92,2621131.62
2025-08-01 09:32:27 AM,173.94,0,0.0,2621131.62
2025-08-01 09:32:28 AM,173.94,4,695.76,2621827.38
2025-08-01 09:32:34 AM,173.94,27,4696.38,2626523.76
2025-08-01 09:32:49 AM,173.94,4,695.76,2627219.5199999996
2025-08-01 09:32:55 AM,174.28,300,52284.0,2679503.5199999996
2025-08-01 09:33:14 AM,174.17,0,0.0,2679503.5199999996
2025-08-01 09:33:16 AM,174.17,1,174.17,2679677.6899999995
2025-08-01 09:33:29 AM,174.12,0,0.0,2679677.6899999995
2025-08-01 09:33:30 AM,174.12,5,870.6,2680548.2899999996
2025-08-01 09:33:35 AM,174.3,0,0.0,2680548.2899999996
2025-08-01 09:33:37 AM,174.38,7,1220.6599999999999,2681768.9499999997
2025-08-01 09:33:39 AM,174.44,0,0.0,2681768.9499999997
2025-08-01 09:33:41 AM,174.47,0,0.0,2681768.9499999997
2025-08-01 09:33:44 AM,174.47,27,4710.69,2686479.6399999997
2025-08-01 09:33:51 AM,174.47,1,174.47,2686654.11
2025-08-01 09:34:04 AM,174.5,0,0.0,2686654.11
2025-08-01 09:34:05 AM,174.5,5,872.5,2687526.61
2025-08-01 09:35:01 AM,174.48,6,1046.8799999999999,2688573.4899999998
2025-08-01 09:35:14 AM,174.48,1,174.48,2688747.9699999997
2025-08-01 09:35:36 AM,174.48,6,1046.8799999999999,2689794.8499999996
2025-08-01 09:35:42 AM,174.48,1,174.48,2689969.3299999996
2025-08-01 09:35:56 AM,174.32,200,34864.0,2724833.3299999996
2025-08-01 09:36:11 AM,174.4,0,0.0,2724833.3299999996
2025-08-01 09:36:16 AM,174.4,10,1744.0,2726577.3299999996
2025-08-01 09:36:35 AM,174.38,6,1046.28,2727623.6099999994
2025-08-01 09:36:47 AM,174.4,0,0.0,2727623.6099999994
2025-08-01 09:36:48 AM,174.4,500,87200.0,2814823.6099999994
2025-08-01 09:36:59 AM,174.42,0,0.0,2814823.6099999994
2025-08-01 09:37:02 AM,174.42,6,1046.52,2815870.1299999994
2025-08-01 09:37:16 AM,174.43,1,174.43,2816044.5599999996
2025-08-01 09:37:23 AM,174.42,0,0.0,2816044.5599999996
2025-08-01 09:37:30 AM,174.42,158,27558.359999999997,2843602.9199999995
2025-08-01 09:37:37 AM,174.42,1,174.42,2843777.3399999994
2025-08-01 09:37:56 AM,174.34,501,87344.34,2931121.6799999992
2025-08-01 09:37:57 AM,174.4,0,0.0,2931121.6799999992
2025-08-01 09:38:03 AM,174.4,50,8720.0,2939841.6799999992
2025-08-01 09:38:29 AM,174.21,0,0.0,2939841.6799999992
2025-08-01 09:38:30 AM,174.21,250,43552.5,2983394.1799999992
2025-08-01 09:39:03 AM,174.07,8,1392.56,2984786.7399999993
2025-08-01 09:39:14 AM,174.08,0,0.0,2984786.7399999993
2025-08-01 09:39:17 AM,174.1,4,696.4,2985483.139999999
2025-08-01 09:39:31 AM,174.1,8,1392.8,2986875.939999999
2025-08-01 09:40:11 AM,174.1,9,1566.8999999999999,2988442.839999999
2025-08-01 09:40:24 AM,174.1,9,1566.8999999999999,2990009.739999999
2025-08-01 09:40:36 AM,174.1,9,1566.8999999999999,2991576.6399999987
2025-08-01 09:40:49 AM,174.1,9,1566.8999999999999,2993143.5399999986
2025-08-01 09:41:15 AM,174.11,0,0.0,2993143.5399999986
2025-08-01 09:41:16 AM,174.11,12,2089.32,2995232.8599999985
2025-08-01 09:41:17 AM,174.1,11,1915.1,2997147.9599999986
2025-08-01 09:41:36 AM,174.1,500,87050.0,3084197.9599999986
2025-08-01 09:41:42 AM,174.11,10,1741.1000000000001,3085939.0599999987
2025-08-01 09:41:56 AM,174.12,10,1741.2,3087680.259999999
2025-08-01 09:42:20 AM,174.22,0,0.0,3087680.259999999
2025-08-01 09:42:22 AM,174.22,10,1742.2,3089422.459999999
2025-08-01 09:42:34 AM,174.13,0,0.0,3089422.459999999
2025-08-01 09:42:35 AM,174.13,12,2089.56,3091512.019999999
2025-08-01 09:42:46 AM,174.16,0,0.0,3091512.019999999
2025-08-01 09:42:47 AM,174.16,12,2089.92,3093601.939999999
2025-08-01 09:43:22 AM,174.2,0,0.0,3093601.939999999
2025-08-01 09:43:27 AM,174.2,1,174.2,3093776.139999999
2025-08-01 09:43:34 AM,174.14,0,0.0,3093776.139999999
2025-08-01 09:43:34 AM,174.14,53,9229.42,3103005.559999999
2025-08-01 09:43:41 AM,174.15,17,2960.55,3105966.109999999
2025-08-01 09:43:46 AM,174.18,0,0.0,3105966.109999999
2025-08-01 09:43:47 AM,174.24,4532,789655.68,3895621.789999999
2025-08-01 09:45:00 AM,174.24,51,8886.24,3904508.0299999993
2025-08-01 09:45:05 AM,174.24,236,41120.64,3945628.6699999995
2025-08-01 09:45:12 AM,174.24,25,4356.0,3949984.6699999995
2025-08-01 09:45:42 AM,174.1,0,0.0,3949984.6699999995
2025-08-01 09:45:45 AM,174.1,555,96625.5,4046610.1699999995
2025-08-01 09:46:04 AM,174.23,5,871.15,4047481.3199999994
2025-08-01 09:46:09 AM,173.94,0,0.0,4047481.3199999994
2025-08-01 09:46:10 AM,173.94,436,75837.84,4123319.159999999
2025-08-01 09:46:14 AM,174.1,0,0.0,4123319.159999999
2025-08-01 09:46:17 AM,174.1,500,87050.0,4210369.159999999
2025-08-01 09:46:36 AM,173.8,509,88464.20000000001,4298833.359999999
2025-08-01 09:47:19 AM,173.8,500,86900.0,4385733.359999999
2025-08-01 09:47:32 AM,173.8,3047,529568.6,4915301.959999999
2025-08-01 09:47:43 AM,173.53,0,0.0,4915301.959999999
2025-08-01 09:47:46 AM,173.53,4,694.12,4915996.079999999
2025-08-01 09:48:40 AM,173.54,125,21692.5,4937688.579999999
2025-08-01 09:48:44 AM,173.51,828,143666.28,5081354.859999999
2025-08-01 09:48:50 AM,173.53,0,0.0,5081354.859999999
2025-08-01 09:48:50 AM,173.53,173,30020.69,5111375.55
2025-08-01 09:49:34 AM,173.55,500,86775.0,5198150.55
2025-08-01 09:51:03 AM,173.74,10,1737.4,5199887.95
2025-08-01 09:51:11 AM,173.86,32,5563.52,5205451.47
2025-08-01 09:51:17 AM,174.0,0,0.0,5205451.47
2025-08-01 09:51:18 AM,174.0,50,8700.0,5214151.47
2025-08-01 09:53:06 AM,173.96,8,1391.68,5215543.149999999
2025-08-01 09:53:25 AM,173.82,111,19294.02,5234837.169999999
2025-08-01 09:54:39 AM,173.94,0,0.0,5234837.169999999
2025-08-01 09:54:39 AM,173.94,34,5913.96,5240751.129999999
2025-08-01 09:54:45 AM,173.94,16,2783.04,5243534.169999999
2025-08-01 09:55:37 AM,173.89,0,0.0,5243534.169999999
2025-08-01 09:55:38 AM,173.89,1,173.89,5243708.059999999
2025-08-01 09:55:48 AM,173.9,0,0.0,5243708.059999999
2025-08-01 09:55:51 AM,173.9,1,173.9,5243881.959999999
2025-08-01 09:56:32 AM,173.85,0,0.0,5243881.959999999
2025-08-01 09:56:32 AM,173.85,135,23469.75,5267351.709999999
2025-08-01 09:56:33 AM,173.82,24,4171.68,5271523.389999999
2025-08-01 09:56:36 AM,173.57,0,0.0,5271523.389999999
2025-08-01 09:56:38 AM,173.57,700,121499.0,5393022.389999999
2025-08-01 09:56:41 AM,173.8,0,0.0,5393022.389999999
2025-08-01 09:56:44 AM,173.75,0,0.0,5393022.389999999
2025-08-01 09:56:45 AM,173.75,45,7818.75,5400841.139999999
2025-08-01 09:57:22 AM,173.8,1,173.8,5401014.939999999
2025-08-01 09:57:24 AM,173.75,0,0.0,5401014.939999999
2025-08-01 09:57:26 AM,173.75,1,173.75,5401188.689999999
2025-08-01 09:57:46 AM,173.75,100,17375.0,5418563.689999999
2025-08-01 09:58:02 AM,173.75,14,2432.5,5420996.189999999
2025-08-01 09:58:20 AM,173.73,1,173.73,5421169.919999999
2025-08-01 09:58:41 AM,173.72,0,0.0,5421169.919999999
2025-08-01 09:58:41 AM,173.72,4,694.88,5421864.799999999
2025-08-01 09:58:53 AM,173.72,13,2258.36,5424123.159999999
2025-08-01 09:59:03 AM,173.64,2,347.28,5424470.4399999995
2025-08-01 09:59:09 AM,173.73,23,3995.79,5428466.2299999995
2025-08-01 10:00:18 AM,173.72,1,173.72,5428639.949999999
2025-08-01 10:00:30 AM,173.73,200,34746.0,5463385.949999999
2025-08-01 10:00:37 AM,173.72,0,0.0,5463385.949999999
2025-08-01 10:00:37 AM,173.72,1,173.72,5463559.669999999
2025-08-01 10:00:38 AM,173.59,0,0.0,5463559.669999999
2025-08-01 10:00:40 AM,173.71,530,92066.3,5555625.969999999
2025-08-01 10:00:49 AM,173.72,0,0.0,5555625.969999999
2025-08-01 10:00:49 AM,173.72,1,173.72,5555799.689999999
2025-08-01 10:00:55 AM,173.72,10,1737.2,5557536.889999999
2025-08-01 10:00:59 AM,173.73,2138,371434.74,5928971.629999999
2025-08-01 10:01:12 AM,173.55,0,0.0,5928971.629999999
2025-08-01 10:01:12 AM,173.55,3000,520650.00000000006,6449621.629999999
2025-08-01 10:01:17 AM,173.84,0,0.0,6449621.629999999
2025-08-01 10:01:18 AM,173.84,5,869.2,6450490.829999999
2025-08-01 10:01:42 AM,173.91,0,0.0,6450490.829999999
2025-08-01 10:01:43 AM,173.91,84,14608.44,6465099.27
2025-08-01 10:01:47 AM,173.94,0,0.0,6465099.27
2025-08-01 10:01:49 AM,173.94,5,869.7,6465968.97
2025-08-01 10:02:02 AM,173.95,0,0.0,6465968.97
2025-08-01 10:02:03 AM,173.97,0,0.0,6465968.97
2025-08-01 10:02:03 AM,173.97,487,84723.39,6550692.359999999
2025-08-01 10:02:10 AM,174.07,0,0.0,6550692.359999999
2025-08-01 10:02:14 AM,174.07,20,3481.3999999999996,6554173.76
2025-08-01 10:02:33 AM,174.05,1,174.05,6554347.81
2025-08-01 10:03:30 AM,174.01,49,8526.49,6562874.3
2025-08-01 10:03:43 AM,174.01,101,17575.01,6580449.31
2025-08-01 10:04:09 AM,174.1,0,0.0,6580449.31
2025-08-01 10:04:10 AM,174.1,2,348.2,6580797.51
2025-08-01 10:04:59 AM,174.11,0,0.0,6580797.51
2025-08-01 10:05:00 AM,174.11,11,1915.21,6582712.72
2025-08-01 10:05:18 AM,174.27,49,8539.230000000001,6591251.95
2025-08-01 10:05:41 AM,174.12,1550,269886.0,6861137.95
2025-08-01 10:05:49 AM,174.12,33,5745.96,6866883.91
2025-08-01 10:06:07 AM,174.19,0,0.0,6866883.91
2025-08-01 10:06:07 AM,174.19,20,3483.8,6870367.71
2025-08-01 10:06:19 AM,174.24,5,871.2,6871238.91
2025-08-01 10:06:28 AM,174.0,1130,196620.0,7067858.91
2025-08-01 10:06:31 AM,173.87,5,869.35,7068728.26
2025-08-01 10:06:37 AM,173.84,3,521.52,7069249.779999999
2025-08-01 10:06:48 AM,173.91,350,60868.5,7130118.279999999
2025-08-01 10:07:17 AM,173.74,44,7644.56,7137762.839999999
2025-08-01 10:08:35 AM,174.0,0,0.0,7137762.839999999
2025-08-01 10:08:37 AM,174.0,400,69600.0,7207362.839999999
2025-08-01 10:10:11 AM,174.0,14,2436.0,7209798.839999999
2025-08-01 10:10:13 AM,173.97,84,14613.48,7224412.319999999
2025-08-01 10:10:47 AM,174.03,0,0.0,7224412.319999999
2025-08-01 10:10:47 AM,174.03,2,348.06,7224760.379999999
2025-08-01 10:12:26 AM,174.05,0,0.0,7224760.379999999
2025-08-01 10:12:26 AM,174.05,1,174.05,7224934.429999999
2025-08-01 10:12:29 AM,174.2,0,0.0,7224934.429999999
2025-08-01 10:12:32 AM,174.2,199,34665.799999999996,7259600.229999999
2025-08-01 10:12:43 AM,174.1,29,5048.9,7264649.129999999
2025-08-01 10:13:42 AM,174.1,15,2611.5,7267260.629999999
2025-08-01 10:14:06 AM,174.1,1,174.1,7267434.729999999
2025-08-01 10:14:11 AM,174.1,2,348.2,7267782.929999999
2025-08-01 10:14:52 AM,174.1,1,174.1,7267957.029999998
2025-08-01 10:16:13 AM,174.24,0,0.0,7267957.029999998
2025-08-01 10:16:14 AM,174.24,24,4181.76,7272138.789999998
2025-08-01 10:16:58 AM,174.23,0,0.0,7272138.789999998
2025-08-01 10:17:00 AM,174.23,1,174.23,7272313.019999999
2025-08-01 10:17:06 AM,174.23,2,348.46,7272661.479999999
2025-08-01 10:17:12 AM,174.0,393,68382.0,7341043.479999999
2025-08-01 10:17:13 AM,174.1,0,0.0,7341043.479999999
2025-08-01 10:17:17 AM,174.1,24,4178.4,7345221.879999999
2025-08-01 10:17:52 AM,174.1,50,8705.0,7353926.879999999
2025-08-01 10:18:28 AM,174.22,0,0.0,7353926.879999999
2025-08-01 10:18:33 AM,174.22,11,1916.42,7355843.299999999
2025-08-01 10:18:39 AM,174.23,2,348.46,7356191.759999999
2025-08-01 10:18:41 AM,174.22,0,0.0,7356191.759999999
2025-08-01 10:18:43 AM,174.23,0,0.0,7356191.759999999
2025-08-01 10:18:44 AM,174.23,3,522.6899999999999,7356714.449999999
2025-08-01 10:19:21 AM,174.22,0,0.0,7356714.449999999
2025-08-01 10:19:24 AM,174.22,148,25784.56,7382499.009999999
2025-08-01 10:19:37 AM,174.1,53,9227.3,7391726.309999999
2025-08-01 10:19:42 AM,174.17,100,17417.0,7409143.309999999
2025-08-01 10:20:49 AM,174.25,0,0.0,7409143.309999999
2025-08-01 10:20:51 AM,174.25,200,34850.0,7443993.309999999
2025-08-01 10:21:08 AM,174.25,17,2962.25,7446955.559999999
2025-08-01 10:21:13 AM,174.27,0,0.0,7446955.559999999
2025-08-01 10:21:13 AM,174.27,10,1742.7,7448698.259999999
2025-08-01 10:21:46 AM,174.29,28,4880.12,7453578.379999999
2025-08-01 10:22:29 AM,174.28,1,174.28,7453752.659999999
2025-08-01 10:22:44 AM,174.09,0,0.0,7453752.659999999
2025-08-01 10:22:46 AM,174.09,25,4352.25,7458104.909999999
2025-08-01 10:23:07 AM,174.24,0,0.0,7458104.909999999
2025-08-01 10:23:08 AM,174.24,1,174.24,7458279.149999999
2025-08-01 10:23:13 AM,174.1,0,0.0,7458279.149999999
2025-08-01 10:23:14 AM,174.1,2,348.2,7458627.35
2025-08-01 10:23:32 AM,174.1,25,4352.5,7462979.85
2025-08-01 10:23:50 AM,174.21,0,0.0,7462979.85
2025-08-01 10:23:50 AM,174.21,70,12194.7,7475174.55
2025-08-01 10:24:07 AM,174.21,1,174.21,7475348.76
2025-08-01 10:24:45 AM,174.22,29,5052.38,7480401.14
2025-08-01 10:24:59 AM,174.21,0,0.0,7480401.14
2025-08-01 10:25:00 AM,174.21,500,87105.0,7567506.14
2025-08-01 10:25:02 AM,174.14,0,0.0,7567506.14
2025-08-01 10:25:02 AM,174.14,2,348.28,7567854.42
2025-08-01 10:27:03 AM,174.0,0,0.0,7567854.42
2025-08-01 10:27:05 AM,174.0,298,51852.0,7619706.42
2025-08-01 10:27:07 AM,173.97,1,173.97,7619880.39
2025-08-01 10:27:49 AM,173.97,1,173.97,7620054.359999999
2025-08-01 10:28:57 AM,173.9,0,0.0,7620054.359999999
2025-08-01 10:28:57 AM,173.9,923,160509.7,7780564.06
2025-08-01 10:29:08 AM,173.9,81,14085.9,7794649.96
2025-08-01 10:29:22 AM,173.92,0,0.0,7794649.96
2025-08-01 10:29:23 AM,173.92,81,14087.519999999999,7808737.4799999995
2025-08-01 10:29:33 AM,173.9,471,81906.90000000001,7890644.38
2025-08-01 10:29:39 AM,173.9,6,1043.4,7891687.78
2025-08-01 10:31:17 AM,174.03,0,0.0,7891687.78
2025-08-01 10:31:19 AM,174.03,100,17403.0,7909090.78
2025-08-01 10:31:33 AM,174.05,1,174.05,7909264.83
2025-08-01 10:31:56 AM,174.1,1,174.1,7909438.93
2025-08-01 10:32:05 AM,173.97,2,347.94,7909786.87
2025-08-01 10:32:09 AM,173.9,0,0.0,7909786.87
2025-08-01 10:32:09 AM,173.9,424,73733.6,7983520.47
2025-08-01 10:32:19 AM,173.85,4,695.4,7984215.87
2025-08-01 10:33:51 AM,173.81,631,109674.11,8093889.98
2025-08-01 10:34:21 AM,173.98,0,0.0,8093889.98
2025-08-01 10:34:23 AM,173.98,5,869.9,8094759.880000001
2025-08-01 10:34:28 AM,173.98,5,869.9,8095629.780000001
2025-08-01 10:35:19 AM,173.98,5,869.9,8096499.680000002
2025-08-01 10:35:24 AM,173.99,0,0.0,8096499.680000002
2025-08-01 10:35:25 AM,173.99,20,3479.8,8099979.480000001
2025-08-01 10:35:48 AM,173.98,1,173.98,8100153.460000002
2025-08-01 10:36:15 AM,173.98,1,173.98,8100327.440000002
2025-08-01 10:37:55 AM,173.98,23,4001.54,8104328.980000002
2025-08-01 10:38:10 AM,174.1,0,0.0,8104328.980000002
2025-08-01 10:38:13 AM,174.1,2,348.2,8104677.1800000025
2025-08-01 10:38:54 AM,174.1,20,3482.0,8108159.1800000025
2025-08-01 10:40:17 AM,173.5,0,0.0,8108159.1800000025
2025-08-01 10:40:17 AM,173.5,3240,562140.0,8670299.180000003
2025-08-01 10:41:19 AM,173.85,0,0.0,8670299.180000003
2025-08-01 10:41:19 AM,173.85,1,173.85,8670473.030000003
2025-08-01 10:41:59 AM,173.85,2,347.7,8670820.730000002
2025-08-01 10:42:09 AM,173.85,2,347.7,8671168.430000002
2025-08-01 10:42:10 AM,173.86,1,173.86,8671342.290000001
2025-08-01 10:42:22 AM,173.85,1,173.85,8671516.14
2025-08-01 10:42:25 AM,173.89,0,0.0,8671516.14
2025-08-01 10:42:25 AM,173.89,4,695.56,8672211.700000001
2025-08-01 10:43:26 AM,173.76,0,0.0,8672211.700000001
2025-08-01 10:43:26 AM,173.76,405,70372.8,8742584.500000002
2025-08-01 10:43:28 AM,173.73,0,0.0,8742584.500000002
2025-08-01 10:43:28 AM,173.73,10,1737.3,8744321.800000003
2025-08-01 10:43:44 AM,173.72,0,0.0,8744321.800000003
2025-08-01 10:43:44 AM,173.72,1,173.72,8744495.520000003
2025-08-01 10:43:46 AM,173.73,0,0.0,8744495.520000003
2025-08-01 10:43:47 AM,173.73,5,868.65,8745364.170000004
2025-08-01 10:43:49 AM,173.73,4,694.92,8746059.090000004
2025-08-01 10:43:52 AM,173.73,3,521.1899999999999,8746580.280000003
2025-08-01 10:45:10 AM,173.72,0,0.0,8746580.280000003
2025-08-01 10:45:10 AM,173.72,208,36133.76,8782714.040000003
2025-08-01 10:45:13 AM,173.91,1272,221213.52,9003927.560000002
2025-08-01 10:45:17 AM,173.86,0,0.0,9003927.560000002
2025-08-01 10:45:18 AM,173.86,20,3477.2000000000003,9007404.760000002
2025-08-01 10:46:19 AM,173.99,0,0.0,9007404.760000002
2025-08-01 10:46:19 AM,173.99,6,1043.94,9008448.700000001
2025-08-01 10:49:26 AM,173.99,2,347.98,9008796.680000002
2025-08-01 10:50:27 AM,173.7,0,0.0,9008796.680000002
2025-08-01 10:50:30 AM,173.7,690,119852.99999999999,9128649.680000002
2025-08-01 10:50:49 AM,173.66,0,0.0,9128649.680000002
2025-08-01 10:50:53 AM,173.66,1,173.66,9128823.340000002
2025-08-01 10:52:32 AM,173.66,10,1736.6,9130559.940000001
2025-08-01 10:53:08 AM,173.66,2,347.32,9130907.260000002
2025-08-01 10:53:09 AM,173.6,22,3819.2,9134726.46
2025-08-01 10:53:51 AM,173.6,10,1736.0,9136462.46
2025-08-01 10:54:00 AM,173.7,0,0.0,9136462.46
2025-08-01 10:54:01 AM,173.6,2645,459172.0,9595634.46
2025-08-01 10:54:07 AM,173.6,100,17360.0,9612994.46
2025-08-01 10:54:12 AM,173.66,0,0.0,9612994.46
2025-08-01 10:54:12 AM,173.66,20,3473.2,9616467.66
2025-08-01 10:54:13 AM,173.8,5138,892984.4,10509452.06
2025-08-01 10:54:54 AM,173.93,0,0.0,10509452.06
2025-08-01 10:54:55 AM,173.95,310,53924.5,10563376.56
2025-08-01 10:55:05 AM,173.95,10,1739.5,10565116.06
2025-08-01 10:55:10 AM,173.95,100,17395.0,10582511.06
2025-08-01 10:57:20 AM,173.88,0,0.0,10582511.06
2025-08-01 10:57:23 AM,173.88,47,8172.36,10590683.42
2025-08-01 10:57:30 AM,173.68,0,0.0,10590683.42
2025-08-01 10:57:34 AM,173.68,53,9205.04,10599888.459999999
2025-08-01 11:00:00 AM,173.72,0,0.0,10599888.459999999
2025-08-01 11:00:03 AM,173.72,5,868.6,10600757.059999999
2025-08-01 11:01:20 AM,173.68,50,8684.0,10609441.059999999
2025-08-01 11:01:39 AM,173.99,0,0.0,10609441.059999999
2025-08-01 11:01:40 AM,173.99,500,86995.0,10696436.059999999
2025-08-01 11:03:05 AM,173.96,0,0.0,10696436.059999999
2025-08-01 11:03:05 AM,173.96,5,869.8000000000001,10697305.86
2025-08-01 11:05:11 AM,173.96,12,2087.52,10699393.379999999
2025-08-01 11:05:26 AM,173.96,5,869.8000000000001,10700263.18
2025-08-01 11:05:32 AM,173.96,12,2087.52,10702350.7
2025-08-01 11:06:50 AM,173.85,0,0.0,10702350.7
2025-08-01 11:06:52 AM,173.95,114,19830.3,10722181.0
2025-08-01 11:07:07 AM,173.95,2,347.9,10722528.9
2025-08-01 11:07:25 AM,174.06,0,0.0,10722528.9
2025-08-01 11:07:25 AM,174.06,186,32375.16,10754904.06
2025-08-01 11:08:27 AM,174.1,0,0.0,10754904.06
2025-08-01 11:08:28 AM,174.1,1,174.1,10755078.16
2025-08-01 11:08:51 AM,174.09,0,0.0,10755078.16
2025-08-01 11:08:51 AM,174.09,13,2263.17,10757341.33
2025-08-01 11:08:55 AM,174.15,0,0.0,10757341.33
2025-08-01 11:08:56 AM,174.15,5,870.75,10758212.08
2025-08-01 11:08:59 AM,173.9,236,41040.4,10799252.48
2025-08-01 11:09:02 AM,173.83,3,521.49,10799773.97
2025-08-01 11:09:41 AM,173.83,8,1390.64,10801164.610000001
2025-08-01 11:09:50 AM,173.83,3,521.49,10801686.100000001
2025-08-01 11:10:00 AM,173.83,4,695.32,10802381.420000002
2025-08-01 11:10:12 AM,173.75,0,0.0,10802381.420000002
2025-08-01 11:10:12 AM,173.75,20,3475.0,10805856.420000002
2025-08-01 11:10:16 AM,173.6,0,0.0,10805856.420000002
2025-08-01 11:10:16 AM,173.6,500,86800.0,10892656.420000002
2025-08-01 11:11:44 AM,173.63,0,0.0,10892656.420000002
2025-08-01 11:11:44 AM,173.63,20,3472.6,10896129.020000001
2025-08-01 11:11:48 AM,173.78,0,0.0,10896129.020000001
2025-08-01 11:11:49 AM,173.78,5,868.9,10896997.920000002
2025-08-01 11:12:00 AM,173.82,0,0.0,10896997.920000002
2025-08-01 11:12:00 AM,173.82,50,8691.0,10905688.920000002
2025-08-01 11:13:04 AM,173.99,0,0.0,10905688.920000002
2025-08-01 11:13:04 AM,173.99,1000,173990.0,11079678.920000002
2025-08-01 11:13:34 AM,173.75,0,0.0,11079678.920000002
2025-08-01 11:13:36 AM,173.78,204,35451.12,11115130.040000001
2025-08-01 11:13:57 AM,173.78,100,17378.0,11132508.040000001
2025-08-01 11:18:03 AM,173.86,0,0.0,11132508.040000001
2025-08-01 11:18:03 AM,173.86,12,2086.32,11134594.360000001
2025-08-01 11:18:18 AM,173.85,12,2086.2,11136680.56
2025-08-01 11:19:12 AM,173.62,0,0.0,11136680.56
2025-08-01 11:19:16 AM,173.62,318,55211.16,11191891.72
2025-08-01 11:19:41 AM,173.74,0,0.0,11191891.72
2025-08-01 11:19:43 AM,173.74,20,3474.8,11195366.520000001
2025-08-01 11:20:27 AM,173.7,0,0.0,11195366.520000001
2025-08-01 11:20:30 AM,173.7,40,6948.0,11202314.520000001
2025-08-01 11:20:56 AM,173.6,429,74474.4,11276788.920000002
2025-08-01 11:20:56 AM,173.58,0,0.0,11276788.920000002
2025-08-01 11:21:01 AM,173.58,24,4165.92,11280954.840000002
2025-08-01 11:21:08 AM,173.6,0,0.0,11280954.840000002
2025-08-01 11:21:12 AM,173.6,371,64405.6,11345360.440000001
2025-08-01 11:23:24 AM,173.62,83,14410.460000000001,11359770.900000002
2025-08-01 11:25:04 AM,173.85,0,0.0,11359770.900000002
2025-08-01 11:25:08 AM,173.85,100,17385.0,11377155.900000002
2025-08-01 11:25:17 AM,174.18,0,0.0,11377155.900000002
2025-08-01 11:25:18 AM,174.18,1900,330942.0,11708097.900000002
2025-08-01 11:25:37 AM,174.01,0,0.0,11708097.900000002
2025-08-01 11:25:38 AM,174.01,2,348.02,11708445.920000002
2025-08-01 11:26:15 AM,174.01,308,53595.079999999994,11762041.000000002
2025-08-01 11:27:42 AM,173.9,0,0.0,11762041.000000002
2025-08-01 11:27:43 AM,173.9,20,3478.0,11765519.000000002
2025-08-01 11:28:35 AM,173.65,400,69460.0,11834979.000000002
2025-08-01 11:28:40 AM,173.67,0,0.0,11834979.000000002
2025-08-01 11:28:40 AM,173.67,2,347.34,11835326.340000002
2025-08-01 11:29:39 AM,173.68,0,0.0,11835326.340000002
2025-08-01 11:29:40 AM,173.68,8,1389.44,11836715.780000001
2025-08-01 11:33:06 AM,173.86,0,0.0,11836715.780000001
2025-08-01 11:33:09 AM,173.86,146,25383.56,11862099.340000002
2025-08-01 11:33:48 AM,173.64,0,0.0,11862099.340000002
2025-08-01 11:33:50 AM,173.64,4,694.56,11862793.900000002
2025-08-01 11:34:10 AM,173.64,10,1736.3999999999999,11864530.300000003
2025-08-01 11:34:23 AM,173.6,0,0.0,11864530.300000003
2025-08-01 11:34:25 AM,173.6,30,5208.0,11869738.300000003
2025-08-01 11:35:42 AM,173.73,0,0.0,11869738.300000003
2025-08-01 11:35:44 AM,173.73,1,173.73,11869912.030000003
2025-08-01 11:38:03 AM,173.6,0,0.0,11869912.030000003
2025-08-01 11:38:04 AM,173.6,225,39060.0,11908972.030000003
2025-08-01 11:39:49 AM,173.53,149,25855.97,11934828.000000004
2025-08-01 11:40:58 AM,173.53,200,34706.0,11969534.000000004
2025-08-01 11:41:24 AM,173.54,3,520.62,11970054.620000003
2025-08-01 11:42:24 AM,173.68,5,868.4000000000001,11970923.020000003
2025-08-01 11:44:11 AM,173.5,1556,269966.0,12240889.020000003
2025-08-01 11:44:17 AM,173.2,0,0.0,12240889.020000003
2025-08-01 11:44:17 AM,173.2,31,5369.2,12246258.220000003
2025-08-01 11:44:21 AM,173.25,0,0.0,12246258.220000003
2025-08-01 11:44:23 AM,173.25,1,173.25,12246431.470000003
2025-08-01 11:44:27 AM,173.2,0,0.0,12246431.470000003
2025-08-01 11:44:29 AM,173.2,8,1385.6,12247817.070000002
2025-08-01 11:44:45 AM,173.2,27,4676.4,12252493.470000003
2025-08-01 11:45:00 AM,173.22,0,0.0,12252493.470000003
2025-08-01 11:45:01 AM,173.22,15,2598.3,12255091.770000003
2025-08-01 11:45:06 AM,173.23,0,0.0,12255091.770000003
2025-08-01 11:45:06 AM,173.23,85,14724.55,12269816.320000004
2025-08-01 11:45:58 AM,173.38,0,0.0,12269816.320000004
2025-08-01 11:46:00 AM,173.38,2,346.76,12270163.080000004
2025-08-01 11:46:08 AM,173.4,0,0.0,12270163.080000004
2025-08-01 11:46:11 AM,173.4,38,6589.2,12276752.280000003
2025-08-01 11:46:39 AM,173.45,0,0.0,12276752.280000003
2025-08-01 11:46:43 AM,173.45,30,5203.5,12281955.780000003
2025-08-01 11:46:44 AM,173.5,0,0.0,12281955.780000003
2025-08-01 11:46:48 AM,173.5,5,867.5,12282823.280000003
2025-08-01 11:47:30 AM,173.52,0,0.0,12282823.280000003
2025-08-01 11:47:30 AM,173.52,4,694.08,12283517.360000003
2025-08-01 11:48:16 AM,173.38,0,0.0,12283517.360000003
2025-08-01 11:48:20 AM,173.38,50,8669.0,12292186.360000003
2025-08-01 11:49:29 AM,173.3,0,0.0,12292186.360000003
2025-08-01 11:49:32 AM,173.3,34,5892.200000000001,12298078.560000002
2025-08-01 11:50:01 AM,173.47,0,0.0,12298078.560000002
2025-08-01 11:50:03 AM,173.47,234,40591.98,12338670.540000003
2025-08-01 11:51:06 AM,173.63,0,0.0,12338670.540000003
2025-08-01 11:51:08 AM,173.63,1,173.63,12338844.170000004
2025-08-01 11:52:34 AM,173.6,0,0.0,12338844.170000004
2025-08-01 11:52:34 AM,173.6,15,2604.0,12341448.170000004
2025-08-01 11:53:09 AM,173.55,0,0.0,12341448.170000004
2025-08-01 11:53:10 AM,173.55,29,5032.950000000001,12346481.120000003
2025-08-01 11:53:25 AM,173.5,0,0.0,12346481.120000003
2025-08-01 11:53:25 AM,173.5,189,32791.5,12379272.620000003
2025-08-01 11:55:34 AM,173.52,0,0.0,12379272.620000003
2025-08-01 11:55:36 AM,173.52,24,4164.4800000000005,12383437.100000003
2025-08-01 11:55:55 AM,173.58,0,0.0,12383437.100000003
2025-08-01 11:55:55 AM,173.58,136,23606.88,12407043.980000004
2025-08-01 11:56:23 AM,173.65,0,0.0,12407043.980000004
2025-08-01 11:56:27 AM,173.65,2,347.3,12407391.280000005
2025-08-01 11:56:52 AM,173.76,300,52128.0,12459519.280000005
2025-08-01 11:57:13 AM,173.62,6,1041.72,12460561.000000006
2025-08-01 11:57:37 AM,173.62,10,1736.2,12462297.200000005
2025-08-01 11:58:13 AM,173.62,12,2083.44,12464380.640000004
2025-08-01 11:58:15 AM,173.78,74,12859.72,12477240.360000005
2025-08-01 11:58:20 AM,173.7,0,0.0,12477240.360000005
2025-08-01 11:58:20 AM,173.7,40,6948.0,12484188.360000005
2025-08-01 11:58:29 AM,173.8,0,0.0,12484188.360000005
2025-08-01 11:58:30 AM,173.8,40,6952.0,12491140.360000005
2025-08-01 11:59:13 AM,173.8,500,86900.0,12578040.360000005
2025-08-01 11:59:14 AM,173.78,0,0.0,12578040.360000005
2025-08-01 11:59:16 AM,173.78,13,2259.14,12580299.500000006
2025-08-01 11:59:26 AM,173.89,200,34778.0,12615077.500000006
2025-08-01 12:00:27 PM,173.9,0,0.0,12615077.500000006
2025-08-01 12:00:29 PM,173.9,400,69560.0,12684637.500000006
2025-08-01 12:00:58 PM,173.68,62,10768.16,12695405.660000006
2025-08-01 12:01:05 PM,173.64,0,0.0,12695405.660000006
2025-08-01 12:01:06 PM,173.64,48,8334.72,12703740.380000006
2025-08-01 12:03:07 PM,173.6,0,0.0,12703740.380000006
2025-08-01 12:03:07 PM,173.6,524,90966.4,12794706.780000007
2025-08-01 12:03:47 PM,173.52,0,0.0,12794706.780000007
2025-08-01 12:03:48 PM,173.52,35,6073.200000000001,12800779.980000006
2025-08-01 12:04:40 PM,173.61,0,0.0,12800779.980000006
2025-08-01 12:04:40 PM,173.61,14,2430.54,12803210.520000005
2025-08-01 12:04:42 PM,173.52,32,5552.64,12808763.160000006
2025-08-01 12:05:36 PM,173.52,40,6940.8,12815703.960000006
2025-08-01 12:06:14 PM,173.59,0,0.0,12815703.960000006
2025-08-01 12:06:16 PM,173.59,3,520.77,12816224.730000006
2025-08-01 12:06:24 PM,173.52,0,0.0,12816224.730000006
2025-08-01 12:06:25 PM,173.52,10,1735.2,12817959.930000005
2025-08-01 12:08:04 PM,173.65,0,0.0,12817959.930000005
2025-08-01 12:08:06 PM,173.65,34,5904.1,12823864.030000005
2025-08-01 12:09:08 PM,173.54,0,0.0,12823864.030000005
2025-08-01 12:09:11 PM,173.54,31,5379.74,12829243.770000005
2025-08-01 12:10:58 PM,173.65,0,0.0,12829243.770000005
2025-08-01 12:11:00 PM,173.65,1,173.65,12829417.420000006
2025-08-01 12:11:05 PM,173.54,1,173.54,12829590.960000005
2025-08-01 12:11:16 PM,173.65,31,5383.150000000001,12834974.110000005
2025-08-01 12:13:12 PM,173.67,0,0.0,12834974.110000005
2025-08-01 12:13:15 PM,173.67,1,173.67,12835147.780000005
2025-08-01 12:15:31 PM,173.67,16,2778.72,12837926.500000006
2025-08-01 12:15:36 PM,173.67,13,2257.71,12840184.210000006
2025-08-01 12:15:58 PM,173.69,0,0.0,12840184.210000006
2025-08-01 12:16:01 PM,173.69,15,2605.35,12842789.560000006
2025-08-01 12:16:40 PM,173.52,0,0.0,12842789.560000006
2025-08-01 12:16:40 PM,173.52,113,19607.760000000002,12862397.320000006
2025-08-01 12:16:54 PM,173.66,0,0.0,12862397.320000006
2025-08-01 12:16:55 PM,173.52,39,6767.280000000001,12869164.600000005
2025-08-01 12:18:16 PM,173.69,0,0.0,12869164.600000005
2025-08-01 12:18:17 PM,173.69,1,173.69,12869338.290000005
2025-08-01 12:19:27 PM,173.5,0,0.0,12869338.290000005
2025-08-01 12:19:28 PM,173.5,472,81892.0,12951230.290000005
2025-08-01 12:19:30 PM,173.61,0,0.0,12951230.290000005
2025-08-01 12:19:33 PM,173.61,3,520.83,12951751.120000005
2025-08-01 12:19:38 PM,173.5,1356,235266.0,13187017.120000005
2025-08-01 12:20:19 PM,173.2,0,0.0,13187017.120000005
2025-08-01 12:20:19 PM,173.2,220,38104.0,13225121.120000005
2025-08-01 12:20:40 PM,173.2,15,2598.0,13227719.120000005
2025-08-01 12:21:03 PM,173.07,0,0.0,13227719.120000005
2025-08-01 12:21:05 PM,173.07,414,71650.98,13299370.100000005
2025-08-01 12:21:16 PM,173.29,97,16809.13,13316179.230000006
2025-08-01 12:21:21 PM,173.43,0,0.0,13316179.230000006
2025-08-01 12:21:25 PM,173.43,135,23413.05,13339592.280000007
2025-08-01 12:21:28 PM,173.51,0,0.0,13339592.280000007
2025-08-01 12:21:29 PM,173.51,131,22729.809999999998,13362322.090000007
2025-08-01 12:22:24 PM,173.69,1,173.69,13362495.780000007
2025-08-01 12:24:29 PM,173.57,1,173.57,13362669.350000007
2025-08-01 12:25:38 PM,173.76,0,0.0,13362669.350000007
2025-08-01 12:25:39 PM,173.76,100,17376.0,13380045.350000007
2025-08-01 12:25:57 PM,173.81,0,0.0,13380045.350000007
2025-08-01 12:25:59 PM,173.81,497,86383.57,13466428.920000007
2025-08-01 12:26:00 PM,173.82,0,0.0,13466428.920000007
2025-08-01 12:26:04 PM,173.82,2,347.64,13466776.560000008
2025-08-01 12:26:43 PM,173.81,0,0.0,13466776.560000008
2025-08-01 12:26:44 PM,173.81,4,695.24,13467471.800000008
2025-08-01 12:27:01 PM,173.74,0,0.0,13467471.800000008
2025-08-01 12:27:05 PM,173.74,1433,248969.42,13716441.220000008
2025-08-01 12:27:17 PM,173.46,0,0.0,13716441.220000008
2025-08-01 12:27:20 PM,173.46,35,6071.1,13722512.320000008
2025-08-01 12:27:26 PM,173.19,625,108243.75,13830756.070000008
2025-08-01 12:28:03 PM,173.15,0,0.0,13830756.070000008
2025-08-01 12:28:04 PM,173.15,30,5194.5,13835950.570000008
2025-08-01 12:28:29 PM,173.1,0,0.0,13835950.570000008
2025-08-01 12:28:30 PM,173.1,54,9347.4,13845297.970000008
2025-08-01 12:28:36 PM,173.0,0,0.0,13845297.970000008
2025-08-01 12:28:39 PM,173.0,210,36330.0,13881627.970000008
2025-08-01 12:29:50 PM,173.01,0,0.0,13881627.970000008
2025-08-01 12:29:51 PM,173.01,1,173.01,13881800.980000008
2025-08-01 12:30:31 PM,173.01,3,519.03,13882320.010000007
2025-08-01 12:31:10 PM,173.1,1,173.1,13882493.110000007
2025-08-01 12:31:20 PM,173.32,0,0.0,13882493.110000007
2025-08-01 12:31:21 PM,173.32,43,7452.759999999999,13889945.870000007
2025-08-01 12:32:30 PM,173.39,60,10403.4,13900349.270000007
2025-08-01 12:33:42 PM,173.37,0,0.0,13900349.270000007
2025-08-01 12:33:44 PM,173.37,1,173.37,13900522.640000006
2025-08-01 12:33:48 PM,173.34,0,0.0,13900522.640000006
2025-08-01 12:33:50 PM,173.34,1,173.34,13900695.980000006
2025-08-01 12:34:12 PM,173.38,0,0.0,13900695.980000006
2025-08-01 12:34:15 PM,173.38,12,2080.56,13902776.540000007
2025-08-01 12:34:48 PM,173.4,0,0.0,13902776.540000007
2025-08-01 12:34:51 PM,173.4,10,1734.0,13904510.540000007
2025-08-01 12:34:54 PM,173.0,0,0.0,13904510.540000007
2025-08-01 12:34:55 PM,173.23,80,13858.4,13918368.940000007
2025-08-01 12:35:56 PM,173.03,0,0.0,13918368.940000007
2025-08-01 12:35:58 PM,173.03,48,8305.44,13926674.380000006
2025-08-01 12:36:02 PM,173.2,0,0.0,13926674.380000006
2025-08-01 12:36:03 PM,173.2,50,8660.0,13935334.380000006
2025-08-01 12:36:08 PM,173.0,0,0.0,13935334.380000006
2025-08-01 12:36:09 PM,173.0,1000,173000.0,14108334.380000006
2025-08-01 12:36:22 PM,172.98,0,0.0,14108334.380000006
2025-08-01 12:36:24 PM,172.98,1945,336446.1,14444780.480000006
2025-08-01 12:36:35 PM,172.91,2,345.82,14445126.300000006
2025-08-01 12:37:07 PM,172.89,0,0.0,14445126.300000006
2025-08-01 12:37:10 PM,172.89,50,8644.5,14453770.800000006
2025-08-01 12:37:29 PM,173.07,0,0.0,14453770.800000006
2025-08-01 12:37:29 PM,173.07,744,128764.08,14582534.880000006
2025-08-01 12:37:43 PM,173.0,0,0.0,14582534.880000006
2025-08-01 12:37:44 PM,173.0,1001,173173.0,14755707.880000006
2025-08-01 12:37:54 PM,173.0,513,88749.0,14844456.880000006
2025-08-01 12:39:10 PM,172.96,0,0.0,14844456.880000006
2025-08-01 12:39:12 PM,172.96,5,864.8000000000001,14845321.680000007
2025-08-01 12:39:52 PM,172.96,1,172.96,14845494.640000008
2025-08-01 12:41:26 PM,172.74,0,0.0,14845494.640000008
2025-08-01 12:41:26 PM,172.74,185,31956.9,14877451.540000008
2025-08-01 12:42:29 PM,172.8,20,3456.0,14880907.540000008
2025-08-01 12:43:21 PM,172.64,0,0.0,14880907.540000008
2025-08-01 12:43:21 PM,172.64,80,13811.199999999999,14894718.740000008
2025-08-01 12:46:08 PM,172.75,0,0.0,14894718.740000008
2025-08-01 12:46:09 PM,172.75,20,3455.0,14898173.740000008
2025-08-01 12:47:20 PM,172.62,0,0.0,14898173.740000008
2025-08-01 12:47:20 PM,172.62,111,19160.82,14917334.560000008
2025-08-01 12:47:21 PM,172.61,22,3797.42,14921131.980000008
2025-08-01 12:47:26 PM,172.61,40,6904.400000000001,14928036.380000008
2025-08-01 12:47:26 PM,172.61,1,172.61,14928208.990000008
2025-08-01 12:47:44 PM,172.3,0,0.0,14928208.990000008
2025-08-01 12:47:46 PM,172.47,2297,396163.59,15324372.580000008
2025-08-01 12:47:50 PM,172.0,0,0.0,15324372.580000008
2025-08-01 12:47:51 PM,172.0,8971,1543012.0,16867384.580000006
2025-08-01 12:47:58 PM,172.13,0,0.0,16867384.580000006
2025-08-01 12:48:00 PM,172.13,1,172.13,16867556.710000005
2025-08-01 12:48:46 PM,172.3,0,0.0,16867556.710000005
2025-08-01 12:48:46 PM,172.3,58,9993.400000000001,16877550.110000003
2025-08-01 12:49:06 PM,172.16,1,172.16,16877722.270000003
2025-08-01 12:49:10 PM,172.29,0,0.0,16877722.270000003
2025-08-01 12:49:11 PM,172.29,10,1722.8999999999999,16879445.17
2025-08-01 12:49:46 PM,172.13,100,17213.0,16896658.17
2025-08-01 12:50:48 PM,172.17,0,0.0,16896658.17
2025-08-01 12:50:49 PM,172.17,32,5509.44,16902167.610000003
2025-08-01 12:51:36 PM,172.19,0,0.0,16902167.610000003
2025-08-01 12:51:38 PM,172.19,148,25484.12,16927651.730000004
2025-08-01 12:51:48 PM,172.19,2,344.38,16927996.110000003
2025-08-01 12:53:13 PM,172.19,16,2755.04,16930751.150000002
2025-08-01 12:53:27 PM,172.28,72,12404.16,16943155.310000002
2025-08-01 12:53:32 PM,172.45,0,0.0,16943155.310000002
2025-08-01 12:53:32 PM,172.45,30,5173.5,16948328.810000002
2025-08-01 12:54:18 PM,172.42,1,172.42,16948501.230000004
2025-08-01 12:54:26 PM,172.44,0,0.0,16948501.230000004
2025-08-01 12:54:28 PM,172.44,1,172.44,16948673.670000006
2025-08-01 12:54:38 PM,172.43,0,0.0,16948673.670000006
2025-08-01 12:54:43 PM,172.43,1,172.43,16948846.100000005
2025-08-01 12:55:16 PM,172.28,100,17228.0,16966074.100000005
2025-08-01 12:56:11 PM,172.44,100,17244.0,16983318.100000005
2025-08-01 12:56:14 PM,172.45,0,0.0,16983318.100000005
2025-08-01 12:56:16 PM,172.45,1,172.45,16983490.550000004
2025-08-01 12:56:26 PM,172.5,150,25875.0,17009365.550000004
2025-08-01 12:56:34 PM,172.34,0,0.0,17009365.550000004
2025-08-01 12:56:35 PM,172.34,100,17234.0,17026599.550000004
2025-08-01 12:56:48 PM,172.29,0,0.0,17026599.550000004
2025-08-01 12:56:51 PM,172.29,2,344.58,17026944.130000003
2025-08-01 12:57:05 PM,172.29,5,861.4499999999999,17027805.580000002
2025-08-01 12:57:18 PM,172.5,0,0.0,17027805.580000002
2025-08-01 12:57:20 PM,172.5,74,12765.0,17040570.580000002
2025-08-01 12:58:31 PM,172.48,103,17765.44,17058336.020000003
2025-08-01 12:58:46 PM,172.48,390,67267.2,17125603.220000003
2025-08-01 12:58:50 PM,172.9,0,0.0,17125603.220000003
2025-08-01 12:58:51 PM,172.9,2263,391272.7,17516875.92
2025-08-01 12:59:01 PM,172.95,1,172.95,17517048.87
2025-08-01 12:59:50 PM,173.05,0,0.0,17517048.87
2025-08-01 12:59:52 PM,173.14,0,0.0,17517048.87
2025-08-01 12:59:53 PM,173.14,132,22854.48,17539903.35
2025-08-01 01:00:39 PM,173.15,0,0.0,17539903.35
2025-08-01 01:00:40 PM,173.15,27,4675.05,17544578.400000002
2025-08-01 01:00:55 PM,173.14,0,0.0,17544578.400000002
2025-08-01 01:00:55 PM,173.14,36,6233.039999999999,17550811.44
2025-08-01 01:01:18 PM,173.05,10,1730.5,17552541.94
2025-08-01 01:01:27 PM,173.05,2,346.1,17552888.040000003
2025-08-01 01:01:32 PM,173.05,9,1557.45,17554445.490000002
2025-08-01 01:01:37 PM,173.05,9,1557.45,17556002.94
2025-08-01 01:01:42 PM,173.05,9,1557.45,17557560.39
2025-08-01 01:01:53 PM,173.02,100,17302.0,17574862.39
2025-08-01 01:02:13 PM,173.05,0,0.0,17574862.39
2025-08-01 01:02:16 PM,173.05,10,1730.5,17576592.89
2025-08-01 01:02:45 PM,173.07,0,0.0,17576592.89
2025-08-01 01:02:47 PM,173.07,1,173.07,17576765.96
2025-08-01 01:03:42 PM,173.07,210,36344.7,17613110.66
2025-08-01 01:03:43 PM,173.08,0,0.0,17613110.66
2025-08-01 01:03:47 PM,173.08,76,13154.080000000002,17626264.74
2025-08-01 01:06:06 PM,173.3,73,12650.900000000001,17638915.639999997
2025-08-01 01:06:32 PM,173.35,10,1733.5,17640649.139999997
2025-08-01 01:07:00 PM,173.5,0,0.0,17640649.139999997
2025-08-01 01:07:02 PM,173.5,17,2949.5,17643598.639999997
2025-08-01 01:07:03 PM,173.49,2,346.98,17643945.619999997
2025-08-01 01:07:20 PM,173.6,0,0.0,17643945.619999997
2025-08-01 01:07:23 PM,173.6,100,17360.0,17661305.619999997
2025-08-01 01:08:12 PM,173.68,0,0.0,17661305.619999997
2025-08-01 01:08:14 PM,173.68,337,58530.16,17719835.779999997
2025-08-01 01:09:29 PM,173.68,39,6773.52,17726609.299999997
2025-08-01 01:09:54 PM,173.66,35,6078.099999999999,17732687.4
2025-08-01 01:09:58 PM,173.6,0,0.0,17732687.4
2025-08-01 01:09:59 PM,173.6,5,868.0,17733555.4
2025-08-01 01:10:16 PM,173.59,0,0.0,17733555.4
2025-08-01 01:10:17 PM,173.59,65,11283.35,17744838.75
2025-08-01 01:10:27 PM,173.64,0,0.0,17744838.75
2025-08-01 01:10:27 PM,173.64,5,868.1999999999999,17745706.95
2025-08-01 01:13:34 PM,173.6,0,0.0,17745706.95
2025-08-01 01:13:36 PM,173.6,1001,173773.6,17919480.55
2025-08-01 01:13:45 PM,173.9,0,0.0,17919480.55
2025-08-01 01:13:46 PM,173.9,500,86950.0,18006430.55
2025-08-01 01:13:56 PM,173.58,0,0.0,18006430.55
2025-08-01 01:13:56 PM,173.58,88,15275.04,18021705.59
2025-08-01 01:14:10 PM,173.7,0,0.0,18021705.59
2025-08-01 01:14:12 PM,173.7,60,10422.0,18032127.59
2025-08-01 01:14:50 PM,173.45,0,0.0,18032127.59
2025-08-01 01:14:50 PM,173.45,201,34863.45,18066991.04
2025-08-01 01:16:02 PM,173.46,0,0.0,18066991.04
2025-08-01 01:16:04 PM,173.46,72,12489.12,18079480.16
2025-08-01 01:16:31 PM,173.52,172,29845.440000000002,18109325.6
2025-08-01 01:20:36 PM,173.73,0,0.0,18109325.6
2025-08-01 01:20:37 PM,173.73,5,868.65,18110194.25
2025-08-01 01:21:52 PM,173.74,0,0.0,18110194.25
2025-08-01 01:21:52 PM,173.74,16,2779.84,18112974.09
2025-08-01 01:22:38 PM,173.74,24,4169.76,18117143.85
2025-08-01 01:23:29 PM,173.74,17,2953.58,18120097.43
2025-08-01 01:25:00 PM,173.75,1,173.75,18120271.18
2025-08-01 01:26:05 PM,173.74,0,0.0,18120271.18
2025-08-01 01:26:05 PM,173.74,97,16852.780000000002,18137123.96
2025-08-01 01:27:17 PM,173.75,0,0.0,18137123.96
2025-08-01 01:27:19 PM,173.75,3,521.25,18137645.21
2025-08-01 01:29:06 PM,173.59,0,0.0,18137645.21
2025-08-01 01:29:10 PM,173.59,50,8679.5,18146324.71
2025-08-01 01:29:18 PM,173.57,0,0.0,18146324.71
2025-08-01 01:29:19 PM,173.57,42,7289.94,18153614.650000002
2025-08-01 01:32:06 PM,173.55,0,0.0,18153614.650000002
2025-08-01 01:32:06 PM,173.55,46,7983.3,18161597.950000003
2025-08-01 01:32:10 PM,173.65,0,0.0,18161597.950000003
2025-08-01 01:32:11 PM,173.65,50,8682.5,18170280.450000003
2025-08-01 01:32:50 PM,173.55,0,0.0,18170280.450000003
2025-08-01 01:32:51 PM,173.55,2,347.1,18170627.550000004
2025-08-01 01:35:04 PM,173.53,0,0.0,18170627.550000004
2025-08-01 01:35:04 PM,173.53,50,8676.5,18179304.050000004
2025-08-01 01:36:00 PM,173.5,0,0.0,18179304.050000004
2025-08-01 01:36:02 PM,173.5,450,78075.0,18257379.050000004
2025-08-01 01:36:17 PM,173.5,79,13706.5,18271085.550000004
2025-08-01 01:36:50 PM,173.49,0,0.0,18271085.550000004
2025-08-01 01:36:51 PM,173.49,1,173.49,18271259.040000003
2025-08-01 01:37:06 PM,173.49,1,173.49,18271432.53
2025-08-01 01:38:16 PM,173.49,22,3816.78,18275249.310000002
2025-08-01 01:38:28 PM,173.49,11,1908.39,18277157.700000003
2025-08-01 01:38:30 PM,173.45,0,0.0,18277157.700000003
2025-08-01 01:38:33 PM,173.45,116,20120.199999999997,18297277.900000002
2025-08-01 01:40:44 PM,173.21,0,0.0,18297277.900000002
2025-08-01 01:40:48 PM,173.21,2,346.42,18297624.320000004
2025-08-01 01:40:50 PM,173.2,0,0.0,18297624.320000004
2025-08-01 01:40:52 PM,173.2,29,5022.799999999999,18302647.120000005
2025-08-01 01:40:53 PM,173.15,32,5540.8,18308187.920000006
2025-08-01 01:42:10 PM,173.33,0,0.0,18308187.920000006
2025-08-01 01:42:11 PM,173.33,18,3119.94,18311307.860000007
2025-08-01 01:43:16 PM,173.15,5,865.75,18312173.610000007
2025-08-01 01:45:14 PM,173.31,0,0.0,18312173.610000007
2025-08-01 01:45:15 PM,173.31,41,7105.71,18319279.320000008
2025-08-01 01:45:20 PM,173.35,0,0.0,18319279.320000008
2025-08-01 01:45:25 PM,173.35,1,173.35,18319452.67000001
2025-08-01 01:46:54 PM,173.28,0,0.0,18319452.67000001
2025-08-01 01:46:54 PM,173.28,76,13169.28,18332621.95000001
2025-08-01 01:49:22 PM,173.28,48,8317.44,18340939.39000001
2025-08-01 01:49:27 PM,173.28,1,173.28,18341112.670000013
2025-08-01 01:49:30 PM,173.34,0,0.0,18341112.670000013
2025-08-01 01:49:32 PM,173.34,1,173.34,18341286.010000013
2025-08-01 01:50:11 PM,173.35,1,173.35,18341459.360000014
2025-08-01 01:50:21 PM,173.28,0,0.0,18341459.360000014
2025-08-01 01:50:21 PM,173.28,22,3812.16,18345271.520000014
2025-08-01 01:55:28 PM,173.25,0,0.0,18345271.520000014
2025-08-01 01:55:31 PM,173.25,10,1732.5,18347004.020000014
2025-08-01 01:56:50 PM,173.2,0,0.0,18347004.020000014
2025-08-01 01:56:50 PM,173.2,2,346.4,18347350.420000013
2025-08-01 01:56:55 PM,173.21,2,346.42,18347696.840000015
2025-08-01 01:57:52 PM,173.24,0,0.0,18347696.840000015
2025-08-01 01:57:54 PM,173.24,1,173.24,18347870.080000013
2025-08-01 01:58:18 PM,173.25,0,0.0,18347870.080000013
2025-08-01 01:58:18 PM,173.25,20,3465.0,18351335.080000013
2025-08-01 01:58:22 PM,173.28,0,0.0,18351335.080000013
2025-08-01 01:58:23 PM,173.28,15,2599.2,18353934.280000012
2025-08-01 01:58:46 PM,173.2,0,0.0,18353934.280000012
2025-08-01 01:58:48 PM,173.2,213,36891.6,18390825.880000014
2025-08-01 01:58:59 PM,173.11,46,7963.06,18398788.940000013
2025-08-01 02:02:32 PM,173.1,0,0.0,18398788.940000013
2025-08-01 02:02:35 PM,173.1,590,102129.0,18500917.940000013
2025-08-01 02:02:52 PM,173.0,0,0.0,18500917.940000013
2025-08-01 02:02:56 PM,173.0,3585,620205.0,19121122.940000013
2025-08-01 02:03:01 PM,173.0,50,8650.0,19129772.940000013
2025-08-01 02:05:20 PM,172.97,0,0.0,19129772.940000013
2025-08-01 02:05:22 PM,172.9,0,0.0,19129772.940000013
2025-08-01 02:05:23 PM,172.9,872,150768.80000000002,19280541.740000013
2025-08-01 02:06:07 PM,172.64,30,5179.2,19285720.940000013
2025-08-01 02:06:19 PM,172.51,0,0.0,19285720.940000013
2025-08-01 02:06:22 PM,172.51,100,17251.0,19302971.940000013
2025-08-01 02:07:02 PM,172.5,0,0.0,19302971.940000013
2025-08-01 02:07:04 PM,172.5,105,18112.5,19321084.440000013
2025-08-01 02:07:34 PM,172.5,61,10522.5,19331606.940000013
2025-08-01 02:07:42 PM,172.44,0,0.0,19331606.940000013
2025-08-01 02:07:44 PM,172.46,0,0.0,19331606.940000013
2025-08-01 02:07:45 PM,172.46,136,23454.56,19355061.50000001
2025-08-01 02:07:58 PM,172.49,0,0.0,19355061.50000001
2025-08-01 02:08:00 PM,172.49,152,26218.480000000003,19381279.98000001
2025-08-01 02:08:25 PM,172.49,100,17249.0,19398528.98000001
2025-08-01 02:08:57 PM,172.49,38,6554.620000000001,19405083.600000013
2025-08-01 02:09:48 PM,172.3,0,0.0,19405083.600000013
2025-08-01 02:09:52 PM,172.3,109,18780.7,19423864.300000012
2025-08-01 02:10:24 PM,172.28,0,0.0,19423864.300000012
2025-08-01 02:10:27 PM,172.28,68,11715.04,19435579.34000001
2025-08-01 02:10:48 PM,172.3,0,0.0,19435579.34000001
2025-08-01 02:10:52 PM,172.3,104,17919.2,19453498.54000001
2025-08-01 02:10:54 PM,172.41,0,0.0,19453498.54000001
2025-08-01 02:10:57 PM,172.41,113,19482.329999999998,19472980.87000001
2025-08-01 02:11:26 PM,172.53,0,0.0,19472980.87000001
2025-08-01 02:11:29 PM,172.53,5,862.65,19473843.520000007
2025-08-01 02:11:51 PM,172.55,0,0.0,19473843.520000007
2025-08-01 02:11:55 PM,172.55,10,1725.5,19475569.020000007
2025-08-01 02:12:05 PM,172.55,1,172.55,19475741.570000008
2025-08-01 02:12:25 PM,172.53,0,0.0,19475741.570000008
2025-08-01 02:12:25 PM,172.53,100,17253.0,19492994.570000008
2025-08-01 02:12:30 PM,172.53,100,17253.0,19510247.570000008
2025-08-01 02:12:45 PM,172.55,0,0.0,19510247.570000008
2025-08-01 02:12:46 PM,172.55,3,517.6500000000001,19510765.220000006
2025-08-01 02:13:16 PM,172.39,0,0.0,19510765.220000006
2025-08-01 02:13:16 PM,172.39,200,34478.0,19545243.220000006
2025-08-01 02:13:28 PM,172.34,0,0.0,19545243.220000006
2025-08-01 02:13:29 PM,172.34,1,172.34,19545415.560000006
2025-08-01 02:14:32 PM,172.44,0,0.0,19545415.560000006
2025-08-01 02:14:33 PM,172.44,73,12588.119999999999,19558003.680000007
2025-08-01 02:15:32 PM,172.59,0,0.0,19558003.680000007
2025-08-01 02:15:32 PM,172.59,500,86295.0,19644298.680000007
2025-08-01 02:16:04 PM,172.35,0,0.0,19644298.680000007
2025-08-01 02:16:06 PM,172.35,140,24129.0,19668427.680000007
2025-08-01 02:16:16 PM,172.33,53,9133.49,19677561.170000006
2025-08-01 02:17:00 PM,172.45,0,0.0,19677561.170000006
2025-08-01 02:17:00 PM,172.45,2,344.9,19677906.070000004
2025-08-01 02:17:14 PM,172.35,0,0.0,19677906.070000004
2025-08-01 02:17:16 PM,172.35,49,8445.15,19686351.220000003
2025-08-01 02:17:54 PM,172.43,0,0.0,19686351.220000003
2025-08-01 02:17:57 PM,172.43,2,344.86,19686696.080000002
2025-08-01 02:18:30 PM,172.44,0,0.0,19686696.080000002
2025-08-01 02:18:33 PM,172.44,21,3621.24,19690317.32
2025-08-01 02:18:46 PM,172.5,0,0.0,19690317.32
2025-08-01 02:18:48 PM,172.57,0,0.0,19690317.32
2025-08-01 02:18:48 PM,172.57,17,2933.69,19693251.01
2025-08-01 02:19:23 PM,172.54,0,0.0,19693251.01
2025-08-01 02:19:24 PM,172.54,13,2243.02,19695494.03
2025-08-01 02:20:01 PM,172.5,52,8970.0,19704464.03
2025-08-01 02:20:27 PM,172.49,1,172.49,19704636.52
2025-08-01 02:20:34 PM,172.5,0,0.0,19704636.52
2025-08-01 02:20:37 PM,172.5,5,862.5,19705499.02
2025-08-01 02:21:18 PM,172.5,443,76417.5,19781916.52
2025-08-01 02:21:54 PM,172.5,30,5175.0,19787091.52
2025-08-01 02:23:10 PM,172.5,42,7245.0,19794336.52
2025-08-01 02:23:15 PM,172.5,46,7935.0,19802271.52
2025-08-01 02:24:08 PM,172.4,0,0.0,19802271.52
2025-08-01 02:24:08 PM,172.4,53,9137.2,19811408.72
2025-08-01 02:24:11 PM,172.49,0,0.0,19811408.72
2025-08-01 02:24:13 PM,172.49,25,4312.25,19815720.97
2025-08-01 02:25:07 PM,172.31,520,89601.2,19905322.169999998
2025-08-01 02:25:39 PM,172.3,0,0.0,19905322.169999998
2025-08-01 02:25:39 PM,172.3,61,10510.300000000001,19915832.47
2025-08-01 02:25:49 PM,172.3,43,7408.900000000001,19923241.369999997
2025-08-01 02:26:41 PM,172.3,54,9304.2,19932545.569999997
2025-08-01 02:27:09 PM,172.3,74,12750.2,19945295.769999996
2025-08-01 02:27:41 PM,172.43,50,8621.5,19953917.269999996
2025-08-01 02:28:03 PM,172.25,0,0.0,19953917.269999996
2025-08-01 02:28:03 PM,172.25,21,3617.25,19957534.519999996
2025-08-01 02:28:03 PM,172.31,72,12406.32,19969940.839999996
2025-08-01 02:28:33 PM,172.2,0,0.0,19969940.839999996
2025-08-01 02:28:35 PM,172.2,500,86100.0,20056040.839999996
2025-08-01 02:28:47 PM,172.2,58,9987.599999999999,20066028.439999998
2025-08-01 02:28:52 PM,172.29,60,10337.4,20076365.839999996
2025-08-01 02:29:01 PM,172.2,0,0.0,20076365.839999996
2025-08-01 02:29:03 PM,172.2,54,9298.8,20085664.639999997
2025-08-01 02:29:21 PM,172.3,12,2067.6000000000004,20087732.24
2025-08-01 02:29:26 PM,172.3,12,2067.6000000000004,20089799.84
2025-08-01 02:29:32 PM,172.3,12,2067.6000000000004,20091867.44
2025-08-01 02:29:52 PM,172.31,0,0.0,20091867.44
2025-08-01 02:29:53 PM,172.31,1,172.31,20092039.75
2025-08-01 02:30:04 PM,172.31,500,86155.0,20178194.75
2025-08-01 02:31:37 PM,172.31,1,172.31,20178367.06
2025-08-01 02:32:09 PM,172.31,5,861.55,20179228.61
2025-08-01 02:32:10 PM,172.31,421,72542.51,20251771.12
2025-08-01 02:32:40 PM,172.55,0,0.0,20251771.12
2025-08-01 02:32:41 PM,172.55,12,2070.6000000000004,20253841.720000003
2025-08-01 02:33:06 PM,172.54,1,172.54,20254014.26
2025-08-01 02:34:28 PM,172.36,0,0.0,20254014.26
2025-08-01 02:34:29 PM,172.36,71,12237.560000000001,20266251.82
2025-08-01 02:35:38 PM,172.49,0,0.0,20266251.82
2025-08-01 02:35:39 PM,172.49,50,8624.5,20274876.32
2025-08-01 02:36:07 PM,172.58,0,0.0,20274876.32
2025-08-01 02:36:10 PM,172.58,1,172.58,20275048.9
2025-08-01 02:37:20 PM,172.55,15,2588.25,20277637.15
2025-08-01 02:37:42 PM,172.55,20,3451.0,20281088.15
2025-08-01 02:37:53 PM,172.55,30,5176.5,20286264.65
2025-08-01 02:38:20 PM,172.45,27,4656.15,20290920.799999997
2025-08-01 02:38:21 PM,172.45,44,7587.799999999999,20298508.599999998
2025-08-01 02:38:27 PM,172.35,0,0.0,20298508.599999998
2025-08-01 02:38:27 PM,172.35,2,344.7,20298853.299999997
2025-08-01 02:38:29 PM,172.4,0,0.0,20298853.299999997
2025-08-01 02:38:31 PM,172.4,14,2413.6,20301266.9
2025-08-01 02:38:41 PM,172.54,0,0.0,20301266.9
2025-08-01 02:38:42 PM,172.54,199,34335.46,20335602.36
2025-08-01 02:41:50 PM,172.48,0,0.0,20335602.36
2025-08-01 02:41:51 PM,172.48,5,862.4,20336464.759999998
2025-08-01 02:42:55 PM,172.48,25,4312.0,20340776.759999998
2025-08-01 02:43:15 PM,172.4,0,0.0,20340776.759999998
2025-08-01 02:43:17 PM,172.35,77,13270.949999999999,20354047.709999997
2025-08-01 02:43:18 PM,172.22,65,11194.3,20365242.009999998
2025-08-01 02:43:19 PM,172.35,0,0.0,20365242.009999998
2025-08-01 02:43:22 PM,172.35,41,7066.349999999999,20372308.36
2025-08-01 02:43:38 PM,172.33,0,0.0,20372308.36
2025-08-01 02:43:38 PM,172.33,25,4308.25,20376616.61
2025-08-01 02:43:53 PM,172.2,0,0.0,20376616.61
2025-08-01 02:43:54 PM,172.2,146,25141.199999999997,20401757.81
2025-08-01 02:44:23 PM,172.2,91,15670.199999999999,20417428.009999998
2025-08-01 02:44:45 PM,172.2,250,43050.0,20460478.009999998
2025-08-01 02:44:55 PM,172.15,0,0.0,20460478.009999998
2025-08-01 02:44:56 PM,172.15,100,17215.0,20477693.009999998
2025-08-01 02:45:47 PM,172.05,220,37851.0,20515544.009999998
2025-08-01 02:46:01 PM,172.06,0,0.0,20515544.009999998
2025-08-01 02:46:03 PM,172.06,1,172.06,20515716.069999997
2025-08-01 02:46:15 PM,172.01,0,0.0,20515716.069999997
2025-08-01 02:46:15 PM,172.01,85,14620.849999999999,20530336.919999998
2025-08-01 02:46:42 PM,172.0,0,0.0,20530336.919999998
2025-08-01 02:46:42 PM,172.0,140,24080.0,20554416.919999998
2025-08-01 02:46:48 PM,172.07,0,0.0,20554416.919999998
2025-08-01 02:46:48 PM,172.07,18,3097.2599999999998,20557514.18
2025-08-01 02:47:05 PM,172.13,62,10672.06,20568186.24
2025-08-01 02:49:42 PM,172.01,0,0.0,20568186.24
2025-08-01 02:49:42 PM,172.01,550,94605.5,20662791.74
2025-08-01 02:50:55 PM,172.53,0,0.0,20662791.74
2025-08-01 02:50:59 PM,172.53,362,62455.86,20725247.599999998
2025-08-01 02:51:14 PM,172.6,0,0.0,20725247.599999998
2025-08-01 02:51:15 PM,172.6,534,92168.4,20817415.999999996
2025-08-01 02:52:28 PM,172.78,0,0.0,20817415.999999996
2025-08-01 02:52:31 PM,172.78,10,1727.8,20819143.799999997
2025-08-01 02:53:02 PM,172.77,0,0.0,20819143.799999997
2025-08-01 02:53:02 PM,172.77,15,2591.55,20821735.349999998
2025-08-01 02:53:18 PM,172.6,0,0.0,20821735.349999998
2025-08-01 02:53:19 PM,172.6,300,51780.0,20873515.349999998
2025-08-01 02:53:35 PM,172.74,10,1727.4,20875242.749999996
2025-08-01 02:54:06 PM,172.6,0,0.0,20875242.749999996
2025-08-01 02:54:06 PM,172.6,40,6904.0,20882146.749999996
2025-08-01 02:55:05 PM,172.74,0,0.0,20882146.749999996
2025-08-01 02:55:06 PM,172.74,20,3454.8,20885601.549999997
2025-08-01 02:55:40 PM,172.6,82,14153.199999999999,20899754.749999996
2025-08-01 02:55:56 PM,172.56,225,38826.0,20938580.749999996
2025-08-01 02:57:02 PM,172.45,0,0.0,20938580.749999996
2025-08-01 02:57:02 PM,172.45,1,172.45,20938753.199999996
2025-08-01 02:57:23 PM,172.19,0,0.0,20938753.199999996
2025-08-01 02:57:25 PM,172.28,141,24291.48,20963044.679999996
2025-08-01 02:57:54 PM,172.33,0,0.0,20963044.679999996
2025-08-01 02:57:57 PM,172.33,101,17405.33,20980450.009999994
2025-08-01 02:58:38 PM,172.41,1,172.41,20980622.419999994
2025-08-01 02:58:44 PM,172.42,0,0.0,20980622.419999994
2025-08-01 02:58:45 PM,172.42,10,1724.1999999999998,20982346.619999994
2025-08-01 02:59:04 PM,172.2,0,0.0,20982346.619999994
2025-08-01 02:59:06 PM,172.2,450,77490.0,21059836.619999994
2025-08-01 02:59:28 PM,172.33,0,0.0,21059836.619999994
2025-08-01 02:59:29 PM,172.33,2649,456502.17000000004,21516338.789999995
2025-08-01 03:00:10 PM,172.38,72,12411.36,21528750.149999995
2025-08-01 03:00:17 PM,172.19,0,0.0,21528750.149999995
2025-08-01 03:00:20 PM,172.36,29,4998.4400000000005,21533748.589999996
2025-08-01 03:00:22 PM,172.11,100,17211.0,21550959.589999996
2025-08-01 03:01:20 PM,172.11,100,17211.0,21568170.589999996
2025-08-01 03:01:28 PM,172.01,0,0.0,21568170.589999996
2025-08-01 03:01:29 PM,172.01,1005,172870.05,21741040.639999997
2025-08-01 03:02:06 PM,172.01,100,17201.0,21758241.639999997
2025-08-01 03:02:08 PM,172.15,10,1721.5,21759963.139999997
2025-08-01 03:02:33 PM,172.01,73,12556.73,21772519.869999997
2025-08-01 03:02:45 PM,172.15,16,2754.4,21775274.269999996
2025-08-01 03:03:03 PM,172.15,93,16009.95,21791284.219999995
2025-08-01 03:04:01 PM,172.15,2,344.3,21791628.519999996
2025-08-01 03:04:04 PM,172.17,0,0.0,21791628.519999996
2025-08-01 03:04:04 PM,172.17,8,1377.36,21793005.879999995
2025-08-01 03:04:08 PM,172.17,7,1205.1899999999998,21794211.069999997
2025-08-01 03:04:26 PM,172.17,2,344.34,21794555.409999996
2025-08-01 03:04:29 PM,172.04,100,17204.0,21811759.409999996
2025-08-01 03:04:31 PM,172.2,0,0.0,21811759.409999996
2025-08-01 03:04:32 PM,172.2,50,8610.0,21820369.409999996
2025-08-01 03:04:42 PM,172.23,100,17223.0,21837592.409999996
2025-08-01 03:05:08 PM,172.15,0,0.0,21837592.409999996
2025-08-01 03:05:09 PM,172.15,44,7574.6,21845167.009999998
2025-08-01 03:06:06 PM,172.07,0,0.0,21845167.009999998
2025-08-01 03:06:06 PM,172.07,5,860.3499999999999,21846027.36
2025-08-01 03:06:13 PM,171.5,0,0.0,21846027.36
2025-08-01 03:06:15 PM,171.6,6953,1193134.8,23039162.16
2025-08-01 03:06:22 PM,171.59,0,0.0,23039162.16
2025-08-01 03:06:25 PM,171.59,4,686.36,23039848.52
2025-08-01 03:06:43 PM,171.51,2,343.02,23040191.54
2025-08-01 03:06:46 PM,171.51,1,171.51,23040363.05
2025-08-01 03:06:48 PM,171.5,0,0.0,23040363.05
2025-08-01 03:06:49 PM,171.5,4,686.0,23041049.05
2025-08-01 03:06:52 PM,171.5,74,12691.0,23053740.05
2025-08-01 03:06:56 PM,171.5,5,857.5,23054597.55
2025-08-01 03:07:02 PM,171.5,603,103414.5,23158012.05
2025-08-01 03:07:08 PM,171.4,251,43021.4,23201033.45
2025-08-01 03:07:17 PM,171.4,4,685.6,23201719.05
2025-08-01 03:07:23 PM,171.4,350,59990.0,23261709.05
2025-08-01 03:07:27 PM,171.43,12,2057.16,23263766.21
2025-08-01 03:07:33 PM,171.4,59,10112.6,23273878.810000002
2025-08-01 03:07:35 PM,171.41,0,0.0,23273878.810000002
2025-08-01 03:07:36 PM,171.41,1,171.41,23274050.220000003
2025-08-01 03:07:42 PM,171.4,2,342.8,23274393.020000003
2025-08-01 03:07:48 PM,171.4,3,514.2,23274907.220000003
2025-08-01 03:08:03 PM,171.4,12,2056.8,23276964.020000003
2025-08-01 03:08:06 PM,171.41,0,0.0,23276964.020000003
2025-08-01 03:08:06 PM,171.41,70,11998.699999999999,23288962.720000003
2025-08-01 03:08:10 PM,171.4,3,514.2,23289476.92
2025-08-01 03:08:10 PM,171.41,0,0.0,23289476.92
2025-08-01 03:08:12 PM,171.41,2,342.82,23289819.740000002
2025-08-01 03:08:16 PM,171.4,2,342.8,23290162.540000003
2025-08-01 03:08:23 PM,171.41,13,2228.33,23292390.87
2025-08-01 03:08:25 PM,171.4,2,342.8,23292733.67
2025-08-01 03:08:31 PM,171.4,2,342.8,23293076.470000003
2025-08-01 03:08:37 PM,171.4,2,342.8,23293419.270000003
2025-08-01 03:08:43 PM,171.4,23,3942.2000000000003,23297361.470000003
2025-08-01 03:08:47 PM,171.4,2,342.8,23297704.270000003
2025-08-01 03:09:00 PM,171.4,37,6341.8,23304046.070000004
2025-08-01 03:09:02 PM,171.41,0,0.0,23304046.070000004
2025-08-01 03:09:02 PM,171.41,24,4113.84,23308159.910000004
2025-08-01 03:09:13 PM,171.4,1,171.4,23308331.310000002
2025-08-01 03:09:15 PM,171.4,1,171.4,23308502.71
2025-08-01 03:09:25 PM,171.4,13,2228.2000000000003,23310730.91
2025-08-01 03:09:27 PM,171.4,145,24853.0,23335583.91
2025-08-01 03:09:38 PM,171.4,1,171.4,23335755.31
2025-08-01 03:09:41 PM,171.38,880,150814.4,23486569.709999997
2025-08-01 03:09:45 PM,171.38,1,171.38,23486741.089999996
2025-08-01 03:09:52 PM,171.38,4,685.52,23487426.609999996
2025-08-01 03:09:59 PM,171.38,3,514.14,23487940.749999996
2025-08-01 03:10:01 PM,171.39,152,26051.28,23513992.029999997
2025-08-01 03:10:06 PM,171.38,1,171.38,23514163.409999996
2025-08-01 03:10:09 PM,171.39,12,2056.68,23516220.089999996
2025-08-01 03:10:14 PM,171.38,0,0.0,23516220.089999996
2025-08-01 03:10:14 PM,171.38,1,171.38,23516391.469999995
2025-08-01 03:10:23 PM,171.39,12,2056.68,23518448.149999995
2025-08-01 03:10:30 PM,171.38,21,3598.98,23522047.129999995
2025-08-01 03:10:34 PM,171.38,240,41131.2,23563178.329999994
2025-08-01 03:10:36 PM,171.35,22,3769.7,23566948.029999994
2025-08-01 03:10:37 PM,171.2,0,0.0,23566948.029999994
2025-08-01 03:10:41 PM,171.2,149,25508.8,23592456.829999994
2025-08-01 03:10:49 PM,171.2,8,1369.6,23593826.429999996
2025-08-01 03:10:53 PM,171.2,50,8560.0,23602386.429999996
2025-08-01 03:10:55 PM,171.2,43,7361.599999999999,23609748.029999997
2025-08-01 03:11:00 PM,171.2,22,3766.3999999999996,23613514.429999996
2025-08-01 03:11:02 PM,171.2,9,1540.8,23615055.229999997
2025-08-01 03:11:06 PM,171.38,62,10625.56,23625680.789999995
2025-08-01 03:11:08 PM,171.2,142,24310.399999999998,23649991.189999994
2025-08-01 03:11:38 PM,171.37,10,1713.7,23651704.889999993
2025-08-01 03:11:44 PM,171.39,257,44047.229999999996,23695752.119999994
2025-08-01 03:11:46 PM,171.57,0,0.0,23695752.119999994
2025-08-01 03:11:47 PM,171.57,7,1200.99,23696953.109999992
2025-08-01 03:12:17 PM,171.38,1,171.38,23697124.48999999
2025-08-01 03:12:52 PM,171.37,25,4284.25,23701408.73999999
2025-08-01 03:12:56 PM,171.38,53,9083.14,23710491.87999999
2025-08-01 03:12:59 PM,171.09,468,80070.12,23790561.999999993
2025-08-01 03:13:02 PM,171.38,1,171.38,23790733.37999999
2025-08-01 03:13:06 PM,171.38,9,1542.42,23792275.799999993
2025-08-01 03:13:09 PM,171.38,14,2399.3199999999997,23794675.119999994
2025-08-01 03:13:13 PM,171.11,102,17453.22,23812128.339999992
2025-08-01 03:13:16 PM,171.21,50,8560.5,23820688.839999992
2025-08-01 03:13:45 PM,171.08,3,513.24,23821202.07999999
2025-08-01 03:13:54 PM,171.2,0,0.0,23821202.07999999
2025-08-01 03:13:54 PM,171.2,2,342.4,23821544.47999999
2025-08-01 03:14:22 PM,171.08,94,16081.52,23837625.99999999
2025-08-01 03:14:31 PM,171.05,144,24631.2,23862257.199999988
2025-08-01 03:14:34 PM,171.0,265,45315.0,23907572.199999988
2025-08-01 03:14:38 PM,171.05,5,855.25,23908427.449999988
2025-08-01 03:14:44 PM,171.0,150,25650.0,23934077.449999988
2025-08-01 03:14:46 PM,171.0,1,171.0,23934248.449999988
2025-08-01 03:14:52 PM,171.05,12,2052.6000000000004,23936301.04999999
2025-08-01 03:15:05 PM,171.05,43,7355.150000000001,23943656.199999988
2025-08-01 03:15:25 PM,171.05,184,31473.2,23975129.399999987
2025-08-01 03:15:27 PM,171.06,7,1197.42,23976326.81999999
2025-08-01 03:15:32 PM,171.05,75,12828.75,23989155.56999999
2025-08-01 03:15:35 PM,171.05,5,855.25,23990010.81999999
2025-08-01 03:15:39 PM,171.05,25,4276.25,23994287.06999999
2025-08-01 03:15:42 PM,171.05,10,1710.5,23995997.56999999
2025-08-01 03:15:47 PM,171.05,60,10263.0,24006260.56999999
2025-08-01 03:16:01 PM,171.05,200,34210.0,24040470.56999999
2025-08-01 03:16:10 PM,171.05,12,2052.6000000000004,24042523.16999999
2025-08-01 03:16:15 PM,171.0,1200,205200.0,24247723.16999999
2025-08-01 03:16:31 PM,171.0,148,25308.0,24273031.16999999
2025-08-01 03:16:36 PM,171.0,2,342.0,24273373.16999999
2025-08-01 03:16:48 PM,171.17,0,0.0,24273373.16999999
2025-08-01 03:16:49 PM,171.17,359,61450.03,24334823.19999999
2025-08-01 03:16:56 PM,171.19,48,8217.119999999999,24343040.319999993
2025-08-01 03:16:57 PM,171.18,85,14550.300000000001,24357590.619999994
2025-08-01 03:17:17 PM,171.2,0,0.0,24357590.619999994
2025-08-01 03:17:18 PM,171.2,200,34240.0,24391830.619999994
2025-08-01 03:17:24 PM,171.38,12,2056.56,24393887.179999992
2025-08-01 03:17:26 PM,171.46,0,0.0,24393887.179999992
2025-08-01 03:17:29 PM,171.61,754,129393.94000000002,24523281.119999994
2025-08-01 03:17:42 PM,171.61,10,1716.1000000000001,24524997.219999995
2025-08-01 03:17:46 PM,171.53,0,0.0,24524997.219999995
2025-08-01 03:17:49 PM,171.53,2,343.06,24525340.279999994
2025-08-01 03:18:01 PM,171.51,0,0.0,24525340.279999994
2025-08-01 03:18:01 PM,171.51,6,1029.06,24526369.339999992
2025-08-01 03:18:15 PM,171.5,0,0.0,24526369.339999992
2025-08-01 03:18:15 PM,171.5,120,20580.0,24546949.339999992
2025-08-01 03:18:34 PM,171.33,0,0.0,24546949.339999992
2025-08-01 03:18:35 PM,171.33,10,1713.3000000000002,24548662.639999993
2025-08-01 03:18:50 PM,171.44,13,2228.72,24550891.359999992
2025-08-01 03:19:01 PM,171.68,317,54422.560000000005,24605313.91999999
2025-08-01 03:19:28 PM,171.14,1500,256709.99999999997,24862023.91999999
2025-08-01 03:19:29 PM,171.51,100,17151.0,24879174.91999999
2025-08-01 03:20:00 PM,171.33,757,129696.81000000001,25008871.72999999
2025-08-01 03:20:00 PM,171.32,0,0.0,25008871.72999999
2025-08-01 03:20:02 PM,171.06,37,6329.22,25015200.949999988
2025-08-01 03:20:05 PM,171.0,0,0.0,25015200.949999988
2025-08-01 03:20:07 PM,171.0,379,64809.0,25080009.949999988
2025-08-01 03:20:18 PM,171.0,50,8550.0,25088559.949999988
2025-08-01 03:20:21 PM,170.93,0,0.0,25088559.949999988
2025-08-01 03:20:22 PM,170.93,2151,367670.43,25456230.379999988
2025-08-01 03:20:25 PM,170.51,934,159256.34,25615486.719999988
2025-08-01 03:20:36 PM,171.16,200,34232.0,25649718.719999988
2025-08-01 03:20:43 PM,170.91,1,170.91,25649889.629999988
2025-08-01 03:20:52 PM,171.1,5,855.5,25650745.129999988
2025-08-01 03:20:59 PM,170.31,1079,183764.49,25834509.619999986
2025-08-01 03:20:59 PM,170.94,0,0.0,25834509.619999986
2025-08-01 03:21:03 PM,170.94,84,14358.96,25848868.579999987
2025-08-01 03:21:37 PM,171.08,0,0.0,25848868.579999987
2025-08-01 03:21:38 PM,171.07,188,32161.16,25881029.739999987
2025-08-01 03:21:52 PM,171.07,196,33529.72,25914559.459999986
2025-08-01 03:21:59 PM,171.14,0,0.0,25914559.459999986
2025-08-01 03:22:00 PM,171.14,5,855.6999999999999,25915415.159999985
2025-08-01 03:22:07 PM,171.08,0,0.0,25915415.159999985
2025-08-01 03:22:11 PM,171.0,610,104310.0,26019725.159999985
2025-08-01 03:22:15 PM,170.59,0,0.0,26019725.159999985
2025-08-01 03:22:18 PM,170.52,109,18586.68,26038311.839999985
2025-08-01 03:22:25 PM,170.42,0,0.0,26038311.839999985
2025-08-01 03:22:25 PM,170.42,1,170.42,26038482.259999987
2025-08-01 03:22:32 PM,170.58,12,2046.96,26040529.219999988
2025-08-01 03:22:39 PM,170.56,187,31894.72,26072423.939999986
2025-08-01 03:22:45 PM,170.7,0,0.0,26072423.939999986
2025-08-01 03:22:45 PM,170.7,1000,170700.0,26243123.939999986
2025-08-01 03:22:52 PM,170.56,1,170.56,26243294.499999985
2025-08-01 03:22:54 PM,170.73,0,0.0,26243294.499999985
2025-08-01 03:22:58 PM,170.73,2,341.46,26243635.959999986
2025-08-01 03:23:03 PM,170.51,0,0.0,26243635.959999986
2025-08-01 03:23:05 PM,170.51,58,9889.58,26253525.539999984
2025-08-01 03:23:12 PM,170.51,7,1193.57,26254719.109999985
2025-08-01 03:23:18 PM,170.64,50,8532.0,26263251.109999985
2025-08-01 03:23:32 PM,170.63,0,0.0,26263251.109999985
2025-08-01 03:23:32 PM,170.63,37,6313.3099999999995,26269564.419999983
2025-08-01 03:23:45 PM,170.63,5,853.15,26270417.56999998
2025-08-01 03:23:46 PM,170.63,3,511.89,26270929.459999982
2025-08-01 03:23:51 PM,170.63,12,2047.56,26272977.01999998
2025-08-01 03:24:06 PM,170.63,5,853.15,26273830.16999998
2025-08-01 03:24:12 PM,170.5,348,59334.0,26333164.16999998
2025-08-01 03:24:13 PM,170.4,0,0.0,26333164.16999998
2025-08-01 03:24:13 PM,170.4,24,4089.6000000000004,26337253.76999998
2025-08-01 03:24:19 PM,170.59,12,2047.08,26339300.84999998
2025-08-01 03:24:24 PM,170.6,0,0.0,26339300.84999998
2025-08-01 03:24:25 PM,170.84,878,149997.52,26489298.36999998
2025-08-01 03:24:38 PM,170.82,48,8199.36,26497497.729999978
2025-08-01 03:24:44 PM,170.81,0,0.0,26497497.729999978
2025-08-01 03:24:45 PM,170.81,12,2049.7200000000003,26499547.449999977
2025-08-01 03:24:51 PM,170.49,0,0.0,26499547.449999977
2025-08-01 03:24:52 PM,170.74,80,13659.2,26513206.649999976
2025-08-01 03:25:13 PM,170.7,12,2048.3999999999996,26515255.049999975
2025-08-01 03:25:19 PM,170.51,14,2387.14,26517642.189999975
2025-08-01 03:25:21 PM,170.65,0,0.0,26517642.189999975
2025-08-01 03:25:25 PM,170.63,110,18769.3,26536411.489999976
2025-08-01 03:25:26 PM,170.5,29,4944.5,26541355.989999976
2025-08-01 03:25:31 PM,170.62,0,0.0,26541355.989999976
2025-08-01 03:25:31 PM,170.62,111,18938.82,26560294.809999976
2025-08-01 03:25:38 PM,170.61,37,6312.570000000001,26566607.379999977
2025-08-01 03:25:44 PM,170.62,569,97082.78,26663690.159999978
2025-08-01 03:25:50 PM,170.65,24,4095.6000000000004,26667785.75999998
2025-08-01 03:25:54 PM,170.84,0,0.0,26667785.75999998
2025-08-01 03:25:57 PM,170.99,568,97122.32,26764908.07999998
2025-08-01 03:26:01 PM,170.84,0,0.0,26764908.07999998
2025-08-01 03:26:04 PM,170.97,31,5300.07,26770208.14999998
2025-08-01 03:26:11 PM,170.99,500,85495.0,26855703.14999998
2025-08-01 03:26:17 PM,170.99,24,4103.76,26859806.90999998
2025-08-01 03:26:19 PM,171.0,500,85500.0,26945306.90999998
2025-08-01 03:26:24 PM,171.0,24,4104.0,26949410.90999998
2025-08-01 03:26:31 PM,171.0,21,3591.0,26953001.90999998
2025-08-01 03:26:37 PM,171.0,500,85500.0,27038501.90999998
2025-08-01 03:26:44 PM,171.0,27,4617.0,27043118.90999998
2025-08-01 03:26:50 PM,170.86,100,17086.0,27060204.90999998
2025-08-01 03:26:57 PM,171.0,525,89775.0,27149979.90999998
2025-08-01 03:27:01 PM,170.86,0,0.0,27149979.90999998
2025-08-01 03:27:03 PM,170.86,33,5638.38,27155618.28999998
2025-08-01 03:27:16 PM,171.0,0,0.0,27155618.28999998
2025-08-01 03:27:17 PM,171.0,508,86868.0,27242486.28999998
2025-08-01 03:27:19 PM,171.0,6,1026.0,27243512.28999998
2025-08-01 03:27:25 PM,171.0,27,4617.0,27248129.28999998
2025-08-01 03:27:32 PM,171.0,565,96615.0,27344744.28999998
2025-08-01 03:27:34 PM,170.5,1106,188573.0,27533317.28999998
2025-08-01 03:27:39 PM,170.4,715,121836.0,27655153.28999998
2025-08-01 03:27:41 PM,170.26,2000,340520.0,27995673.28999998
2025-08-01 03:27:46 PM,170.49,29,4944.21,28000617.49999998
2025-08-01 03:27:48 PM,170.49,23,3921.2700000000004,28004538.76999998
2025-08-01 03:27:53 PM,170.5,0,0.0,28004538.76999998
2025-08-01 03:27:53 PM,170.5,500,85250.0,28089788.76999998
2025-08-01 03:27:55 PM,170.0,3361,571370.0,28661158.76999998
2025-08-01 03:27:57 PM,170.5,0,0.0,28661158.76999998
2025-08-01 03:28:00 PM,170.8,584,99747.20000000001,28760905.96999998
2025-08-01 03:28:01 PM,170.9,182,31103.8,28792009.76999998
2025-08-01 03:28:03 PM,170.87,0,0.0,28792009.76999998
2025-08-01 03:28:07 PM,170.9,683,116724.7,28908734.46999998
2025-08-01 03:28:13 PM,170.8,0,0.0,28908734.46999998
2025-08-01 03:28:14 PM,170.8,34,5807.200000000001,28914541.66999998
2025-08-01 03:28:15 PM,170.79,10,1707.8999999999999,28916249.569999978
2025-08-01 03:28:20 PM,170.8,100,17080.0,28933329.569999978
2025-08-01 03:28:30 PM,170.8,100,17080.0,28950409.569999978
2025-08-01 03:28:35 PM,170.8,57,9735.6,28960145.16999998
2025-08-01 03:28:48 PM,170.7,11,1877.6999999999998,28962022.86999998
2025-08-01 03:28:57 PM,170.66,6,1023.96,28963046.82999998
2025-08-01 03:29:04 PM,170.63,6,1023.78,28964070.60999998
2025-08-01 03:29:05 PM,170.6,0,0.0,28964070.60999998
2025-08-01 03:29:10 PM,170.6,5,853.0,28964923.60999998
2025-08-01 03:29:18 PM,170.6,106,18083.6,28983007.209999982
2025-08-01 03:29:20 PM,170.3,95,16178.500000000002,28999185.709999982
2025-08-01 03:29:25 PM,170.6,0,0.0,28999185.709999982
2025-08-01 03:29:25 PM,170.6,29,4947.4,29004133.10999998
2025-08-01 03:29:27 PM,170.3,42,7152.6,29011285.709999982
2025-08-01 03:29:30 PM,169.91,0,0.0,29011285.709999982
2025-08-01 03:29:33 PM,170.0,3331,566270.0,29577555.709999982
2025-08-01 03:29:35 PM,170.0,100,17000.0,29594555.709999982
2025-08-01 03:29:41 PM,170.0,393,66810.0,29661365.709999982
2025-08-01 03:29:43 PM,169.8,488,82862.40000000001,29744228.10999998
2025-08-01 03:29:47 PM,170.0,0,0.0,29744228.10999998
2025-08-01 03:29:48 PM,170.0,2045,347650.0,30091878.10999998
2025-08-01 03:29:55 PM,170.0,102,17340.0,30109218.10999998
2025-08-01 03:29:57 PM,169.0,1758,297102.0,30406320.10999998
