date,price,qty,trnvr,cum_trnvr
2025-08-01 09:15:00 AM,30990.0,15,464850.0,464850.0
2025-08-01 09:15:09 AM,30875.0,0,0.0,464850.0
2025-08-01 09:15:10 AM,30875.0,39,1204125.0,1668975.0
2025-08-01 09:15:13 AM,30695.0,21,644595.0,2313570.0
2025-08-01 09:15:18 AM,30725.0,0,0.0,2313570.0
2025-08-01 09:15:21 AM,30725.0,8,245800.0,2559370.0
2025-08-01 09:15:23 AM,30755.0,5,153775.0,2713145.0
2025-08-01 09:15:29 AM,30735.0,0,0.0,2713145.0
2025-08-01 09:15:30 AM,30735.0,14,430290.0,3143435.0
2025-08-01 09:15:38 AM,30775.0,0,0.0,3143435.0
2025-08-01 09:15:39 AM,30775.0,6,184650.0,3328085.0
2025-08-01 09:15:40 AM,30735.0,10,307350.0,3635435.0
2025-08-01 09:15:49 AM,30765.0,2,61530.0,3696965.0
2025-08-01 09:16:11 AM,30775.0,1,30775.0,3727740.0
2025-08-01 09:16:44 AM,30745.0,1,30745.0,3758485.0
2025-08-01 09:16:53 AM,30770.0,1,30770.0,3789255.0
2025-08-01 09:16:54 AM,30750.0,2,61500.0,3850755.0
2025-08-01 09:17:01 AM,30745.0,3,92235.0,3942990.0
2025-08-01 09:17:17 AM,30745.0,4,122980.0,4065970.0
2025-08-01 09:17:25 AM,30755.0,27,830385.0,4896355.0
2025-08-01 09:17:34 AM,30755.0,1,30755.0,4927110.0
2025-08-01 09:17:50 AM,30755.0,1,30755.0,4957865.0
2025-08-01 09:18:03 AM,30760.0,0,0.0,4957865.0
2025-08-01 09:18:07 AM,30760.0,1,30760.0,4988625.0
2025-08-01 09:18:11 AM,30755.0,0,0.0,4988625.0
2025-08-01 09:18:15 AM,30755.0,1,30755.0,5019380.0
2025-08-01 09:18:29 AM,30760.0,0,0.0,5019380.0
2025-08-01 09:18:32 AM,30750.0,4,123000.0,5142380.0
2025-08-01 09:18:33 AM,30755.0,3,92265.0,5234645.0
2025-08-01 09:18:40 AM,30775.0,10,307750.0,5542395.0
2025-08-01 09:18:43 AM,30770.0,0,0.0,5542395.0
2025-08-01 09:18:48 AM,30770.0,2,61540.0,5603935.0
2025-08-01 09:18:57 AM,30755.0,1,30755.0,5634690.0
2025-08-01 09:19:04 AM,30750.0,2,61500.0,5696190.0
2025-08-01 09:19:05 AM,30765.0,1,30765.0,5726955.0
2025-08-01 09:19:12 AM,30795.0,8,246360.0,5973315.0
2025-08-01 09:19:14 AM,30775.0,2,61550.0,6034865.0
2025-08-01 09:19:21 AM,30755.0,2,61510.0,6096375.0
2025-08-01 09:19:22 AM,30785.0,0,0.0,6096375.0
2025-08-01 09:19:29 AM,30745.0,6,184470.0,6280845.0
2025-08-01 09:19:30 AM,30760.0,5,153800.0,6434645.0
2025-08-01 09:19:37 AM,30740.0,8,245920.0,6680565.0
2025-08-01 09:19:45 AM,30725.0,2,61450.0,6742015.0
2025-08-01 09:20:01 AM,30735.0,2,61470.0,6803485.0
2025-08-01 09:20:01 AM,30720.0,0,0.0,6803485.0
2025-08-01 09:20:02 AM,30720.0,1,30720.0,6834205.0
2025-08-01 09:20:25 AM,30720.0,1,30720.0,6864925.0
2025-08-01 09:20:25 AM,30700.0,0,0.0,6864925.0
2025-08-01 09:20:26 AM,30700.0,1,30700.0,6895625.0
2025-08-01 09:20:57 AM,30700.0,1,30700.0,6926325.0
2025-08-01 09:21:11 AM,30700.0,1,30700.0,6957025.0
2025-08-01 09:21:12 AM,30725.0,6,184350.0,7141375.0
2025-08-01 09:21:27 AM,30740.0,13,399620.0,7540995.0
2025-08-01 09:21:46 AM,30735.0,0,0.0,7540995.0
2025-08-01 09:21:50 AM,30735.0,1,30735.0,7571730.0
2025-08-01 09:22:21 AM,30710.0,0,0.0,7571730.0
2025-08-01 09:22:22 AM,30710.0,1,30710.0,7602440.0
2025-08-01 09:22:32 AM,30735.0,0,0.0,7602440.0
2025-08-01 09:22:36 AM,30735.0,10,307350.0,7909790.0
2025-08-01 09:22:49 AM,30715.0,0,0.0,7909790.0
2025-08-01 09:22:51 AM,30715.0,3,92145.0,8001935.0
2025-08-01 09:23:08 AM,30730.0,1,30730.0,8032665.0
2025-08-01 09:23:21 AM,30710.0,17,522070.0,8554735.0
2025-08-01 09:23:23 AM,30760.0,95,2922200.0,11476935.0
2025-08-01 09:23:29 AM,30720.0,19,583680.0,12060615.0
2025-08-01 09:23:44 AM,30710.0,17,522070.0,12582685.0
2025-08-01 09:23:49 AM,30690.0,0,0.0,12582685.0
2025-08-01 09:23:52 AM,30720.0,23,706560.0,13289245.0
2025-08-01 09:23:53 AM,30735.0,6,184410.0,13473655.0
2025-08-01 09:24:00 AM,30735.0,1,30735.0,13504390.0
2025-08-01 09:24:09 AM,30720.0,1,30720.0,13535110.0
2025-08-01 09:24:15 AM,30755.0,21,645855.0,14180965.0
2025-08-01 09:24:16 AM,30780.0,0,0.0,14180965.0
2025-08-01 09:24:16 AM,30780.0,2,61560.0,14242525.0
2025-08-01 09:24:45 AM,30775.0,11,338525.0,14581050.0
2025-08-01 09:25:07 AM,30770.0,3,92310.0,14673360.0
2025-08-01 09:25:25 AM,30760.0,3,92280.0,14765640.0
2025-08-01 09:25:45 AM,30770.0,2,61540.0,14827180.0
2025-08-01 09:26:02 AM,30735.0,6,184410.0,15011590.0
2025-08-01 09:26:30 AM,30755.0,0,0.0,15011590.0
2025-08-01 09:26:31 AM,30755.0,2,61510.0,15073100.0
2025-08-01 09:26:54 AM,30755.0,11,338305.0,15411405.0
2025-08-01 09:27:05 AM,30770.0,0,0.0,15411405.0
2025-08-01 09:27:09 AM,30770.0,5,153850.0,15565255.0
2025-08-01 09:27:15 AM,30745.0,0,0.0,15565255.0
2025-08-01 09:27:16 AM,30745.0,2,61490.0,15626745.0
2025-08-01 09:28:17 AM,30720.0,1,30720.0,15657465.0
2025-08-01 09:28:18 AM,30715.0,1,30715.0,15688180.0
2025-08-01 09:28:30 AM,30700.0,0,0.0,15688180.0
2025-08-01 09:28:32 AM,30700.0,18,552600.0,16240780.0
2025-08-01 09:28:48 AM,30700.0,6,184200.0,16424980.0
2025-08-01 09:28:55 AM,30740.0,2,61480.0,16486460.0
2025-08-01 09:29:19 AM,30740.0,17,522580.0,17009040.0
2025-08-01 09:29:25 AM,30750.0,5,153750.0,17162790.0
2025-08-01 09:29:30 AM,30755.0,0,0.0,17162790.0
2025-08-01 09:29:33 AM,30755.0,1,30755.0,17193545.0
2025-08-01 09:29:55 AM,30765.0,25,769125.0,17962670.0
2025-08-01 09:30:18 AM,30750.0,2,61500.0,18024170.0
2025-08-01 09:30:25 AM,30740.0,1,30740.0,18054910.0
2025-08-01 09:30:41 AM,30730.0,1,30730.0,18085640.0
2025-08-01 09:30:53 AM,30740.0,0,0.0,18085640.0
2025-08-01 09:30:55 AM,30740.0,8,245920.0,18331560.0
2025-08-01 09:31:10 AM,30740.0,1,30740.0,18362300.0
2025-08-01 09:31:18 AM,30740.0,1,30740.0,18393040.0
2025-08-01 09:31:46 AM,30740.0,51,1567740.0,19960780.0
2025-08-01 09:32:27 AM,30755.0,0,0.0,19960780.0
2025-08-01 09:32:28 AM,30755.0,8,246040.0,20206820.0
2025-08-01 09:32:49 AM,30755.0,2,61510.0,20268330.0
2025-08-01 09:33:23 AM,30755.0,6,184530.0,20452860.0
2025-08-01 09:33:29 AM,30790.0,0,0.0,20452860.0
2025-08-01 09:33:30 AM,30790.0,14,431060.0,20883920.0
2025-08-01 09:33:44 AM,30830.0,10,308300.0,21192220.0
2025-08-01 09:33:54 AM,30850.0,0,0.0,21192220.0
2025-08-01 09:33:58 AM,30850.0,1,30850.0,21223070.0
2025-08-01 09:34:19 AM,30850.0,8,246800.0,21469870.0
2025-08-01 09:34:32 AM,30830.0,0,0.0,21469870.0
2025-08-01 09:34:33 AM,30830.0,2,61660.0,21531530.0
2025-08-01 09:34:53 AM,30835.0,3,92505.0,21624035.0
2025-08-01 09:34:56 AM,30860.0,0,0.0,21624035.0
2025-08-01 09:35:00 AM,30860.0,64,1975040.0,23599075.0
2025-08-01 09:35:04 AM,30855.0,0,0.0,23599075.0
2025-08-01 09:35:04 AM,30835.0,0,0.0,23599075.0
2025-08-01 09:35:07 AM,30835.0,50,1541750.0,25140825.0
2025-08-01 09:35:22 AM,30845.0,1,30845.0,25171670.0
2025-08-01 09:35:24 AM,30825.0,0,0.0,25171670.0
2025-08-01 09:35:24 AM,30815.0,0,0.0,25171670.0
2025-08-01 09:35:29 AM,30815.0,51,1571565.0,26743235.0
2025-08-01 09:35:42 AM,30815.0,2,61630.0,26804865.0
2025-08-01 09:35:49 AM,30815.0,8,246520.0,27051385.0
2025-08-01 09:35:54 AM,30820.0,0,0.0,27051385.0
2025-08-01 09:35:54 AM,30850.0,0,0.0,27051385.0
2025-08-01 09:35:56 AM,30850.0,51,1573350.0,28624735.0
2025-08-01 09:36:19 AM,30810.0,0,0.0,28624735.0
2025-08-01 09:36:22 AM,30810.0,2,61620.0,28686355.0
2025-08-01 09:36:27 AM,30820.0,0,0.0,28686355.0
2025-08-01 09:36:29 AM,30820.0,1,30820.0,28717175.0
2025-08-01 09:36:48 AM,30820.0,1,30820.0,28747995.0
2025-08-01 09:37:08 AM,30815.0,0,0.0,28747995.0
2025-08-01 09:37:09 AM,30815.0,1,30815.0,28778810.0
2025-08-01 09:37:09 AM,30815.0,1,30815.0,28809625.0
2025-08-01 09:37:22 AM,30800.0,0,0.0,28809625.0
2025-08-01 09:37:23 AM,30800.0,1,30800.0,28840425.0
2025-08-01 09:37:28 AM,30775.0,0,0.0,28840425.0
2025-08-01 09:37:30 AM,30775.0,5,153875.0,28994300.0
2025-08-01 09:37:57 AM,30765.0,0,0.0,28994300.0
2025-08-01 09:38:03 AM,30765.0,12,369180.0,29363480.0
2025-08-01 09:38:08 AM,30725.0,0,0.0,29363480.0
2025-08-01 09:38:10 AM,30725.0,24,737400.0,30100880.0
2025-08-01 09:38:29 AM,30715.0,0,0.0,30100880.0
2025-08-01 09:38:30 AM,30715.0,13,399295.0,30500175.0
2025-08-01 09:38:34 AM,30730.0,0,0.0,30500175.0
2025-08-01 09:38:37 AM,30730.0,22,676060.0,31176235.0
2025-08-01 09:38:47 AM,30750.0,0,0.0,31176235.0
2025-08-01 09:38:50 AM,30750.0,1,30750.0,31206985.0
2025-08-01 09:38:51 AM,30760.0,0,0.0,31206985.0
2025-08-01 09:38:57 AM,30760.0,1,30760.0,31237745.0
2025-08-01 09:39:44 AM,30750.0,2,61500.0,31299245.0
2025-08-01 09:40:43 AM,30745.0,0,0.0,31299245.0
2025-08-01 09:40:44 AM,30745.0,1,30745.0,31329990.0
2025-08-01 09:40:49 AM,30750.0,19,584250.0,31914240.0
2025-08-01 09:40:56 AM,30755.0,8,246040.0,32160280.0
2025-08-01 09:41:19 AM,30760.0,0,0.0,32160280.0
2025-08-01 09:41:23 AM,30760.0,1,30760.0,32191040.0
2025-08-01 09:41:42 AM,30765.0,16,492240.0,32683280.0
2025-08-01 09:41:55 AM,30775.0,2,61550.0,32744830.0
2025-08-01 09:42:01 AM,30775.0,2,61550.0,32806380.0
2025-08-01 09:42:03 AM,30755.0,0,0.0,32806380.0
2025-08-01 09:42:09 AM,30755.0,3,92265.0,32898645.0
2025-08-01 09:42:20 AM,30745.0,0,0.0,32898645.0
2025-08-01 09:42:22 AM,30745.0,32,983840.0,33882485.0
2025-08-01 09:42:41 AM,30750.0,10,307500.0,34189985.0
2025-08-01 09:43:06 AM,30765.0,0,0.0,34189985.0
2025-08-01 09:43:07 AM,30765.0,10,307650.0,34497635.0
2025-08-01 09:43:38 AM,30740.0,0,0.0,34497635.0
2025-08-01 09:43:40 AM,30740.0,3,92220.0,34589855.0
2025-08-01 09:44:53 AM,30720.0,1,30720.0,34620575.0
2025-08-01 09:45:02 AM,30740.0,0,0.0,34620575.0
2025-08-01 09:45:05 AM,30710.0,7,214970.0,34835545.0
2025-08-01 09:45:12 AM,30700.0,13,399100.0,35234645.0
2025-08-01 09:45:14 AM,30700.0,1,30700.0,35265345.0
2025-08-01 09:45:19 AM,30700.0,2,61400.0,35326745.0
2025-08-01 09:45:25 AM,30690.0,4,122760.0,35449505.0
2025-08-01 09:45:26 AM,30700.0,5,153500.0,35603005.0
2025-08-01 09:46:24 AM,30670.0,0,0.0,35603005.0
2025-08-01 09:46:25 AM,30670.0,4,122680.0,35725685.0
2025-08-01 09:46:30 AM,30670.0,10,306700.0,36032385.0
2025-08-01 09:46:48 AM,30670.0,1,30670.0,36063055.0
2025-08-01 09:47:00 AM,30665.0,0,0.0,36063055.0
2025-08-01 09:47:01 AM,30665.0,14,429310.0,36492365.0
2025-08-01 09:47:12 AM,30670.0,0,0.0,36492365.0
2025-08-01 09:47:13 AM,30670.0,1,30670.0,36523035.0
2025-08-01 09:47:52 AM,30680.0,9,276120.0,36799155.0
2025-08-01 09:48:31 AM,30680.0,2,61360.0,36860515.0
2025-08-01 09:48:38 AM,30680.0,2,61360.0,36921875.0
2025-08-01 09:48:59 AM,30680.0,3,92040.0,37013915.0
2025-08-01 09:49:14 AM,30690.0,0,0.0,37013915.0
2025-08-01 09:49:16 AM,30680.0,10,306800.0,37320715.0
2025-08-01 09:49:24 AM,30695.0,0,0.0,37320715.0
2025-08-01 09:49:24 AM,30695.0,5,153475.0,37474190.0
2025-08-01 09:49:30 AM,30735.0,0,0.0,37474190.0
2025-08-01 09:49:30 AM,30735.0,16,491760.0,37965950.0
2025-08-01 09:49:54 AM,30710.0,0,0.0,37965950.0
2025-08-01 09:49:56 AM,30710.0,6,184260.0,38150210.0
2025-08-01 09:50:05 AM,30765.0,0,0.0,38150210.0
2025-08-01 09:50:06 AM,30765.0,103,3168795.0,41319005.0
2025-08-01 09:50:11 AM,30750.0,0,0.0,41319005.0
2025-08-01 09:50:13 AM,30750.0,3,92250.0,41411255.0
2025-08-01 09:50:17 AM,30725.0,0,0.0,41411255.0
2025-08-01 09:50:19 AM,30725.0,17,522325.0,41933580.0
2025-08-01 09:50:34 AM,30725.0,11,337975.0,42271555.0
2025-08-01 09:50:35 AM,30730.0,0,0.0,42271555.0
2025-08-01 09:50:37 AM,30750.0,0,0.0,42271555.0
2025-08-01 09:50:38 AM,30760.0,7,215320.0,42486875.0
2025-08-01 09:51:09 AM,30760.0,1,30760.0,42517635.0
2025-08-01 09:51:11 AM,30785.0,15,461775.0,42979410.0
2025-08-01 09:51:13 AM,30755.0,0,0.0,42979410.0
2025-08-01 09:51:16 AM,30755.0,6,184530.0,43163940.0
2025-08-01 09:51:35 AM,30775.0,0,0.0,43163940.0
2025-08-01 09:51:37 AM,30775.0,2,61550.0,43225490.0
2025-08-01 09:51:55 AM,30785.0,0,0.0,43225490.0
2025-08-01 09:51:56 AM,30785.0,35,1077475.0,44302965.0
2025-08-01 09:52:08 AM,30785.0,1,30785.0,44333750.0
2025-08-01 09:52:30 AM,30785.0,1,30785.0,44364535.0
2025-08-01 09:52:32 AM,30785.0,2,61570.0,44426105.0
2025-08-01 09:52:34 AM,30800.0,0,0.0,44426105.0
2025-08-01 09:52:36 AM,30835.0,16,493360.0,44919465.0
2025-08-01 09:52:38 AM,30835.0,2,61670.0,44981135.0
2025-08-01 09:52:52 AM,30815.0,0,0.0,44981135.0
2025-08-01 09:52:54 AM,30815.0,1,30815.0,45011950.0
2025-08-01 09:53:04 AM,30825.0,0,0.0,45011950.0
2025-08-01 09:53:06 AM,30830.0,2,61660.0,45073610.0
2025-08-01 09:53:16 AM,30805.0,0,0.0,45073610.0
2025-08-01 09:53:16 AM,30820.0,0,0.0,45073610.0
2025-08-01 09:53:19 AM,30805.0,19,585295.0,45658905.0
2025-08-01 09:53:37 AM,30820.0,2,61640.0,45720545.0
2025-08-01 09:53:45 AM,30800.0,2,61600.0,45782145.0
2025-08-01 09:53:53 AM,30810.0,0,0.0,45782145.0
2025-08-01 09:53:56 AM,30810.0,1,30810.0,45812955.0
2025-08-01 09:54:08 AM,30810.0,1,30810.0,45843765.0
2025-08-01 09:54:22 AM,30795.0,3,92385.0,45936150.0
2025-08-01 09:54:36 AM,30785.0,0,0.0,45936150.0
2025-08-01 09:54:39 AM,30785.0,2,61570.0,45997720.0
2025-08-01 09:55:08 AM,30785.0,1,30785.0,46028505.0
2025-08-01 09:55:26 AM,30785.0,5,153925.0,46182430.0
2025-08-01 09:55:38 AM,30785.0,13,400205.0,46582635.0
2025-08-01 09:55:53 AM,30790.0,0,0.0,46582635.0
2025-08-01 09:55:57 AM,30790.0,1,30790.0,46613425.0
2025-08-01 09:56:08 AM,30785.0,0,0.0,46613425.0
2025-08-01 09:56:09 AM,30785.0,2,61570.0,46674995.0
2025-08-01 09:56:32 AM,30785.0,6,184710.0,46859705.0
2025-08-01 09:56:33 AM,30785.0,2,61570.0,46921275.0
2025-08-01 09:56:38 AM,30785.0,1,30785.0,46952060.0
2025-08-01 09:56:39 AM,30785.0,1,30785.0,46982845.0
2025-08-01 09:57:00 AM,30780.0,0,0.0,46982845.0
2025-08-01 09:57:03 AM,30780.0,2,61560.0,47044405.0
2025-08-01 09:57:08 AM,30775.0,0,0.0,47044405.0
2025-08-01 09:57:09 AM,30775.0,1,30775.0,47075180.0
2025-08-01 09:57:34 AM,30775.0,2,61550.0,47136730.0
2025-08-01 09:58:02 AM,30770.0,2,61540.0,47198270.0
2025-08-01 09:58:08 AM,30770.0,25,769250.0,47967520.0
2025-08-01 09:58:32 AM,30755.0,8,246040.0,48213560.0
2025-08-01 09:58:35 AM,30765.0,2,61530.0,48275090.0
2025-08-01 09:58:38 AM,30765.0,5,153825.0,48428915.0
2025-08-01 09:58:49 AM,30755.0,0,0.0,48428915.0
2025-08-01 09:58:50 AM,30755.0,4,123020.0,48551935.0
2025-08-01 09:59:05 AM,30755.0,10,307550.0,48859485.0
2025-08-01 09:59:09 AM,30765.0,1,30765.0,48890250.0
2025-08-01 09:59:31 AM,30755.0,30,922650.0,49812900.0
2025-08-01 09:59:34 AM,30765.0,0,0.0,49812900.0
2025-08-01 09:59:34 AM,30770.0,45,1384650.0,51197550.0
2025-08-01 09:59:37 AM,30775.0,0,0.0,51197550.0
2025-08-01 09:59:37 AM,30775.0,2,61550.0,51259100.0
2025-08-01 09:59:56 AM,30765.0,0,0.0,51259100.0
2025-08-01 09:59:59 AM,30765.0,18,553770.0,51812870.0
2025-08-01 10:00:07 AM,30770.0,0,0.0,51812870.0
2025-08-01 10:00:08 AM,30770.0,1,30770.0,51843640.0
2025-08-01 10:00:14 AM,30770.0,10,307700.0,52151340.0
2025-08-01 10:00:27 AM,30750.0,28,861000.0,53012340.0
2025-08-01 10:00:37 AM,30760.0,0,0.0,53012340.0
2025-08-01 10:00:37 AM,30760.0,2,61520.0,53073860.0
2025-08-01 10:00:46 AM,30735.0,6,184410.0,53258270.0
2025-08-01 10:01:06 AM,30760.0,0,0.0,53258270.0
2025-08-01 10:01:08 AM,30760.0,5,153800.0,53412070.0
2025-08-01 10:01:15 AM,30760.0,7,215320.0,53627390.0
2025-08-01 10:01:18 AM,30760.0,9,276840.0,53904230.0
2025-08-01 10:01:36 AM,30765.0,7,215355.0,54119585.0
2025-08-01 10:01:47 AM,30770.0,0,0.0,54119585.0
2025-08-01 10:01:49 AM,30770.0,4,123080.0,54242665.0
2025-08-01 10:02:07 AM,30770.0,1,30770.0,54273435.0
2025-08-01 10:02:28 AM,30770.0,10,307700.0,54581135.0
2025-08-01 10:02:34 AM,30775.0,2,61550.0,54642685.0
2025-08-01 10:03:04 AM,30775.0,1,30775.0,54673460.0
2025-08-01 10:03:37 AM,30780.0,0,0.0,54673460.0
2025-08-01 10:03:37 AM,30780.0,13,400140.0,55073600.0
2025-08-01 10:03:49 AM,30805.0,0,0.0,55073600.0
2025-08-01 10:03:49 AM,30805.0,17,523685.0,55597285.0
2025-08-01 10:04:01 AM,30780.0,1,30780.0,55628065.0
2025-08-01 10:04:08 AM,30800.0,1,30800.0,55658865.0
2025-08-01 10:04:13 AM,30810.0,0,0.0,55658865.0
2025-08-01 10:04:14 AM,30790.0,30,923700.0,56582565.0
2025-08-01 10:04:29 AM,30820.0,0,0.0,56582565.0
2025-08-01 10:04:29 AM,30820.0,20,616400.0,57198965.0
2025-08-01 10:04:38 AM,30810.0,0,0.0,57198965.0
2025-08-01 10:04:39 AM,30810.0,2,61620.0,57260585.0
2025-08-01 10:05:04 AM,30805.0,40,1232200.0,58492785.0
2025-08-01 10:05:08 AM,30815.0,0,0.0,58492785.0
2025-08-01 10:05:10 AM,30815.0,1,30815.0,58523600.0
2025-08-01 10:05:16 AM,30805.0,41,1263005.0,59786605.0
2025-08-01 10:05:36 AM,30810.0,0,0.0,59786605.0
2025-08-01 10:05:37 AM,30810.0,2,61620.0,59848225.0
2025-08-01 10:05:53 AM,30815.0,25,770375.0,60618600.0
2025-08-01 10:06:07 AM,30815.0,20,616300.0,61234900.0
2025-08-01 10:06:16 AM,30815.0,2,61630.0,61296530.0
2025-08-01 10:06:34 AM,30820.0,2,61640.0,61358170.0
2025-08-01 10:07:05 AM,30825.0,0,0.0,61358170.0
2025-08-01 10:07:05 AM,30825.0,1,30825.0,61388995.0
2025-08-01 10:07:07 AM,30825.0,22,678150.0,62067145.0
2025-08-01 10:07:15 AM,30830.0,0,0.0,62067145.0
2025-08-01 10:07:17 AM,30830.0,1,30830.0,62097975.0
2025-08-01 10:07:26 AM,30830.0,37,1140710.0,63238685.0
2025-08-01 10:07:33 AM,30835.0,0,0.0,63238685.0
2025-08-01 10:07:36 AM,30835.0,4,123340.0,63362025.0
2025-08-01 10:07:42 AM,30835.0,1,30835.0,63392860.0
2025-08-01 10:07:56 AM,30830.0,9,277470.0,63670330.0
2025-08-01 10:08:01 AM,30835.0,1,30835.0,63701165.0
2025-08-01 10:08:07 AM,30835.0,1,30835.0,63732000.0
2025-08-01 10:08:15 AM,30835.0,2,61670.0,63793670.0
2025-08-01 10:08:35 AM,30830.0,0,0.0,63793670.0
2025-08-01 10:08:37 AM,30830.0,2,61660.0,63855330.0
2025-08-01 10:08:43 AM,30830.0,1,30830.0,63886160.0
2025-08-01 10:08:51 AM,30830.0,7,215810.0,64101970.0
2025-08-01 10:09:01 AM,30835.0,5,154175.0,64256145.0
2025-08-01 10:09:05 AM,30840.0,0,0.0,64256145.0
2025-08-01 10:09:07 AM,30840.0,1,30840.0,64286985.0
2025-08-01 10:09:24 AM,30850.0,0,0.0,64286985.0
2025-08-01 10:09:25 AM,30850.0,15,462750.0,64749735.0
2025-08-01 10:09:26 AM,30855.0,0,0.0,64749735.0
2025-08-01 10:09:27 AM,30855.0,10,308550.0,65058285.0
2025-08-01 10:09:36 AM,30855.0,2,61710.0,65119995.0
2025-08-01 10:09:48 AM,30855.0,2,61710.0,65181705.0
2025-08-01 10:10:05 AM,30855.0,1,30855.0,65212560.0
2025-08-01 10:10:11 AM,30850.0,0,0.0,65212560.0
2025-08-01 10:10:11 AM,30850.0,20,617000.0,65829560.0
2025-08-01 10:10:29 AM,30860.0,3,92580.0,65922140.0
2025-08-01 10:10:36 AM,30870.0,7,216090.0,66138230.0
2025-08-01 10:11:04 AM,30880.0,1,30880.0,66169110.0
2025-08-01 10:11:12 AM,30880.0,4,123520.0,66292630.0
2025-08-01 10:11:16 AM,30895.0,5,154475.0,66447105.0
2025-08-01 10:11:35 AM,30900.0,0,0.0,66447105.0
2025-08-01 10:11:38 AM,30915.0,0,0.0,66447105.0
2025-08-01 10:11:39 AM,30915.0,20,618300.0,67065405.0
2025-08-01 10:11:47 AM,30900.0,0,0.0,67065405.0
2025-08-01 10:11:47 AM,30900.0,4,123600.0,67189005.0
2025-08-01 10:11:51 AM,30900.0,82,2533800.0,69722805.0
2025-08-01 10:11:52 AM,30920.0,5,154600.0,69877405.0
2025-08-01 10:11:56 AM,30925.0,0,0.0,69877405.0
2025-08-01 10:11:57 AM,30925.0,1,30925.0,69908330.0
2025-08-01 10:12:02 AM,30900.0,0,0.0,69908330.0
2025-08-01 10:12:03 AM,30900.0,78,2410200.0,72318530.0
2025-08-01 10:12:04 AM,30900.0,1,30900.0,72349430.0
2025-08-01 10:12:08 AM,30895.0,0,0.0,72349430.0
2025-08-01 10:12:09 AM,30895.0,19,587005.0,72936435.0
2025-08-01 10:12:15 AM,30880.0,2,61760.0,72998195.0
2025-08-01 10:12:29 AM,30890.0,0,0.0,72998195.0
2025-08-01 10:12:32 AM,30890.0,5,154450.0,73152645.0
2025-08-01 10:12:33 AM,30890.0,1,30890.0,73183535.0
2025-08-01 10:12:38 AM,30890.0,2,61780.0,73245315.0
2025-08-01 10:12:49 AM,30905.0,1,30905.0,73276220.0
2025-08-01 10:13:01 AM,30880.0,14,432320.0,73708540.0
2025-08-01 10:13:06 AM,30890.0,85,2625650.0,76334190.0
2025-08-01 10:13:17 AM,30895.0,0,0.0,76334190.0
2025-08-01 10:13:18 AM,30895.0,1,30895.0,76365085.0
2025-08-01 10:13:29 AM,30905.0,0,0.0,76365085.0
2025-08-01 10:13:30 AM,30905.0,7,216335.0,76581420.0
2025-08-01 10:13:35 AM,30880.0,0,0.0,76581420.0
2025-08-01 10:13:36 AM,30905.0,3,92715.0,76674135.0
2025-08-01 10:13:37 AM,30900.0,20,618000.0,77292135.0
2025-08-01 10:13:48 AM,30900.0,4,123600.0,77415735.0
2025-08-01 10:14:06 AM,30900.0,1,30900.0,77446635.0
2025-08-01 10:14:11 AM,30880.0,0,0.0,77446635.0
2025-08-01 10:14:11 AM,30880.0,3,92640.0,77539275.0
2025-08-01 10:14:29 AM,30885.0,0,0.0,77539275.0
2025-08-01 10:14:29 AM,30885.0,1,30885.0,77570160.0
2025-08-01 10:14:40 AM,30885.0,2,61770.0,77631930.0
2025-08-01 10:15:09 AM,30880.0,0,0.0,77631930.0
2025-08-01 10:15:09 AM,30880.0,2,61760.0,77693690.0
2025-08-01 10:15:21 AM,30880.0,30,926400.0,78620090.0
2025-08-01 10:15:26 AM,30875.0,0,0.0,78620090.0
2025-08-01 10:15:27 AM,30875.0,1,30875.0,78650965.0
2025-08-01 10:15:39 AM,30875.0,2,61750.0,78712715.0
2025-08-01 10:16:02 AM,30880.0,0,0.0,78712715.0
2025-08-01 10:16:03 AM,30885.0,23,710355.0,79423070.0
2025-08-01 10:16:07 AM,30890.0,0,0.0,79423070.0
2025-08-01 10:16:08 AM,30890.0,1,30890.0,79453960.0
2025-08-01 10:16:37 AM,30895.0,0,0.0,79453960.0
2025-08-01 10:16:38 AM,30895.0,2,61790.0,79515750.0
2025-08-01 10:16:41 AM,30885.0,0,0.0,79515750.0
2025-08-01 10:16:43 AM,30895.0,0,0.0,79515750.0
2025-08-01 10:16:44 AM,30895.0,25,772375.0,80288125.0
2025-08-01 10:16:47 AM,30900.0,0,0.0,80288125.0
2025-08-01 10:16:49 AM,30900.0,1,30900.0,80319025.0
2025-08-01 10:17:06 AM,30900.0,1,30900.0,80349925.0
2025-08-01 10:17:35 AM,30900.0,2,61800.0,80411725.0
2025-08-01 10:17:40 AM,30900.0,5,154500.0,80566225.0
2025-08-01 10:17:43 AM,30895.0,0,0.0,80566225.0
2025-08-01 10:17:46 AM,30895.0,26,803270.0,81369495.0
2025-08-01 10:18:07 AM,30890.0,0,0.0,81369495.0
2025-08-01 10:18:10 AM,30890.0,1,30890.0,81400385.0
2025-08-01 10:18:27 AM,30890.0,1,30890.0,81431275.0
2025-08-01 10:18:35 AM,30885.0,0,0.0,81431275.0
2025-08-01 10:18:37 AM,30890.0,0,0.0,81431275.0
2025-08-01 10:18:39 AM,30890.0,2,61780.0,81493055.0
2025-08-01 10:18:41 AM,30880.0,0,0.0,81493055.0
2025-08-01 10:18:44 AM,30880.0,1,30880.0,81523935.0
2025-08-01 10:19:06 AM,30885.0,0,0.0,81523935.0
2025-08-01 10:19:07 AM,30885.0,1,30885.0,81554820.0
2025-08-01 10:19:36 AM,30890.0,0,0.0,81554820.0
2025-08-01 10:19:36 AM,30890.0,2,61780.0,81616600.0
2025-08-01 10:20:09 AM,30890.0,1,30890.0,81647490.0
2025-08-01 10:20:16 AM,30895.0,19,587005.0,82234495.0
2025-08-01 10:20:34 AM,30895.0,2,61790.0,82296285.0
2025-08-01 10:20:44 AM,30900.0,0,0.0,82296285.0
2025-08-01 10:20:45 AM,30900.0,3,92700.0,82388985.0
2025-08-01 10:20:57 AM,30910.0,45,1390950.0,83779935.0
2025-08-01 10:20:59 AM,30925.0,0,0.0,83779935.0
2025-08-01 10:21:02 AM,30925.0,1,30925.0,83810860.0
2025-08-01 10:21:08 AM,30925.0,2,61850.0,83872710.0
2025-08-01 10:21:19 AM,30925.0,2,61850.0,83934560.0
2025-08-01 10:21:35 AM,30935.0,0,0.0,83934560.0
2025-08-01 10:21:35 AM,30935.0,5,154675.0,84089235.0
2025-08-01 10:21:37 AM,30925.0,2,61850.0,84151085.0
2025-08-01 10:21:44 AM,30910.0,0,0.0,84151085.0
2025-08-01 10:21:46 AM,30910.0,25,772750.0,84923835.0
2025-08-01 10:22:09 AM,30910.0,1,30910.0,84954745.0
2025-08-01 10:22:35 AM,30905.0,0,0.0,84954745.0
2025-08-01 10:22:35 AM,30905.0,2,61810.0,85016555.0
2025-08-01 10:22:38 AM,30900.0,0,0.0,85016555.0
2025-08-01 10:22:38 AM,30900.0,19,587100.0,85603655.0
2025-08-01 10:22:43 AM,30900.0,1,30900.0,85634555.0
2025-08-01 10:22:46 AM,30900.0,1,30900.0,85665455.0
2025-08-01 10:23:07 AM,30905.0,0,0.0,85665455.0
2025-08-01 10:23:08 AM,30905.0,1,30905.0,85696360.0
2025-08-01 10:23:23 AM,30895.0,1,30895.0,85727255.0
2025-08-01 10:23:26 AM,30905.0,0,0.0,85727255.0
2025-08-01 10:23:26 AM,30905.0,23,710815.0,86438070.0
2025-08-01 10:23:37 AM,30910.0,0,0.0,86438070.0
2025-08-01 10:23:37 AM,30910.0,2,61820.0,86499890.0
2025-08-01 10:23:43 AM,30905.0,1,30905.0,86530795.0
2025-08-01 10:23:56 AM,30905.0,2,61810.0,86592605.0
2025-08-01 10:24:07 AM,30915.0,0,0.0,86592605.0
2025-08-01 10:24:07 AM,30915.0,1,30915.0,86623520.0
2025-08-01 10:24:23 AM,30905.0,0,0.0,86623520.0
2025-08-01 10:24:23 AM,30905.0,7,216335.0,86839855.0
2025-08-01 10:24:36 AM,30915.0,0,0.0,86839855.0
2025-08-01 10:24:38 AM,30915.0,2,61830.0,86901685.0
2025-08-01 10:24:56 AM,30900.0,0,0.0,86901685.0
2025-08-01 10:24:57 AM,30890.0,47,1451830.0,88353515.0
2025-08-01 10:25:00 AM,30880.0,18,555840.0,88909355.0
2025-08-01 10:25:04 AM,30875.0,0,0.0,88909355.0
2025-08-01 10:25:06 AM,30875.0,77,2377375.0,91286730.0
2025-08-01 10:25:11 AM,30865.0,0,0.0,91286730.0
2025-08-01 10:25:12 AM,30865.0,43,1327195.0,92613925.0
2025-08-01 10:25:14 AM,30855.0,0,0.0,92613925.0
2025-08-01 10:25:14 AM,30855.0,3,92565.0,92706490.0
2025-08-01 10:25:15 AM,30840.0,0,0.0,92706490.0
2025-08-01 10:25:17 AM,30855.0,0,0.0,92706490.0
2025-08-01 10:25:18 AM,30855.0,40,1234200.0,93940690.0
2025-08-01 10:25:34 AM,30865.0,2,61730.0,94002420.0
2025-08-01 10:26:02 AM,30860.0,1,30860.0,94033280.0
2025-08-01 10:26:05 AM,30855.0,0,0.0,94033280.0
2025-08-01 10:26:06 AM,30860.0,0,0.0,94033280.0
2025-08-01 10:26:07 AM,30860.0,38,1172680.0,95205960.0
2025-08-01 10:26:19 AM,30860.0,8,246880.0,95452840.0
2025-08-01 10:26:33 AM,30865.0,0,0.0,95452840.0
2025-08-01 10:26:36 AM,30865.0,2,61730.0,95514570.0
2025-08-01 10:27:05 AM,30865.0,1,30865.0,95545435.0
2025-08-01 10:27:35 AM,30865.0,2,61730.0,95607165.0
2025-08-01 10:27:48 AM,30845.0,0,0.0,95607165.0
2025-08-01 10:27:49 AM,30845.0,35,1079575.0,96686740.0
2025-08-01 10:28:06 AM,30860.0,0,0.0,96686740.0
2025-08-01 10:28:08 AM,30860.0,1,30860.0,96717600.0
2025-08-01 10:28:34 AM,30855.0,0,0.0,96717600.0
2025-08-01 10:28:35 AM,30855.0,2,61710.0,96779310.0
2025-08-01 10:28:45 AM,30845.0,0,0.0,96779310.0
2025-08-01 10:28:46 AM,30845.0,18,555210.0,97334520.0
2025-08-01 10:28:57 AM,30825.0,3,92475.0,97426995.0
2025-08-01 10:29:06 AM,30835.0,0,0.0,97426995.0
2025-08-01 10:29:08 AM,30835.0,2,61670.0,97488665.0
2025-08-01 10:29:23 AM,30835.0,2,61670.0,97550335.0
2025-08-01 10:30:07 AM,30840.0,19,585960.0,98136295.0
2025-08-01 10:30:21 AM,30850.0,2,61700.0,98197995.0
2025-08-01 10:30:56 AM,30880.0,100,3088000.0,101285995.0
2025-08-01 10:31:16 AM,30870.0,5,154350.0,101440345.0
2025-08-01 10:31:41 AM,30850.0,32,987200.0,102427545.0
2025-08-01 10:31:45 AM,30835.0,0,0.0,102427545.0
2025-08-01 10:31:46 AM,30835.0,26,801710.0,103229255.0
2025-08-01 10:32:53 AM,30810.0,51,1571310.0,104800565.0
2025-08-01 10:33:17 AM,30800.0,0,0.0,104800565.0
2025-08-01 10:33:18 AM,30800.0,26,800800.0,105601365.0
2025-08-01 10:34:27 AM,30775.0,0,0.0,105601365.0
2025-08-01 10:34:28 AM,30775.0,2,61550.0,105662915.0
2025-08-01 10:34:33 AM,30790.0,0,0.0,105662915.0
2025-08-01 10:34:34 AM,30790.0,6,184740.0,105847655.0
2025-08-01 10:34:35 AM,30790.0,3,92370.0,105940025.0
2025-08-01 10:34:51 AM,30790.0,6,184740.0,106124765.0
2025-08-01 10:35:16 AM,30785.0,0,0.0,106124765.0
2025-08-01 10:35:16 AM,30785.0,3,92355.0,106217120.0
2025-08-01 10:35:41 AM,30775.0,0,0.0,106217120.0
2025-08-01 10:35:42 AM,30775.0,7,215425.0,106432545.0
2025-08-01 10:35:47 AM,30785.0,0,0.0,106432545.0
2025-08-01 10:35:47 AM,30785.0,2,61570.0,106494115.0
2025-08-01 10:36:37 AM,30770.0,24,738480.0,107232595.0
2025-08-01 10:37:04 AM,30775.0,0,0.0,107232595.0
2025-08-01 10:37:05 AM,30775.0,15,461625.0,107694220.0
2025-08-01 10:37:23 AM,30775.0,1,30775.0,107724995.0
2025-08-01 10:37:27 AM,30770.0,10,307700.0,108032695.0
2025-08-01 10:37:35 AM,30770.0,3,92310.0,108125005.0
2025-08-01 10:38:22 AM,30775.0,11,338525.0,108463530.0
2025-08-01 10:38:25 AM,30770.0,35,1076950.0,109540480.0
2025-08-01 10:39:11 AM,30755.0,0,0.0,109540480.0
2025-08-01 10:39:13 AM,30755.0,1,30755.0,109571235.0
2025-08-01 10:39:48 AM,30760.0,0,0.0,109571235.0
2025-08-01 10:39:50 AM,30755.0,2,61510.0,109632745.0
2025-08-01 10:40:13 AM,30760.0,0,0.0,109632745.0
2025-08-01 10:40:15 AM,30760.0,1,30760.0,109663505.0
2025-08-01 10:40:34 AM,30760.0,4,123040.0,109786545.0
2025-08-01 10:40:48 AM,30760.0,1,30760.0,109817305.0
2025-08-01 10:41:13 AM,30760.0,13,399880.0,110217185.0
2025-08-01 10:41:55 AM,30805.0,0,0.0,110217185.0
2025-08-01 10:41:58 AM,30805.0,91,2803255.0,113020440.0
2025-08-01 10:43:02 AM,30795.0,0,0.0,113020440.0
2025-08-01 10:43:04 AM,30795.0,28,862260.0,113882700.0
2025-08-01 10:44:04 AM,30785.0,0,0.0,113882700.0
2025-08-01 10:44:04 AM,30785.0,1,30785.0,113913485.0
2025-08-01 10:44:10 AM,30785.0,1,30785.0,113944270.0
2025-08-01 10:46:17 AM,30770.0,0,0.0,113944270.0
2025-08-01 10:46:19 AM,30785.0,0,0.0,113944270.0
2025-08-01 10:46:19 AM,30785.0,28,861980.0,114806250.0
2025-08-01 10:46:25 AM,30770.0,0,0.0,114806250.0
2025-08-01 10:46:25 AM,30770.0,6,184620.0,114990870.0
2025-08-01 10:46:37 AM,30780.0,0,0.0,114990870.0
2025-08-01 10:46:38 AM,30780.0,1,30780.0,115021650.0
2025-08-01 10:47:09 AM,30780.0,2,61560.0,115083210.0
2025-08-01 10:47:27 AM,30785.0,17,523345.0,115606555.0
2025-08-01 10:47:28 AM,30780.0,0,0.0,115606555.0
2025-08-01 10:47:30 AM,30780.0,2,61560.0,115668115.0
2025-08-01 10:48:00 AM,30795.0,9,277155.0,115945270.0
2025-08-01 10:48:24 AM,30795.0,30,923850.0,116869120.0
2025-08-01 10:48:43 AM,30810.0,8,246480.0,117115600.0
2025-08-01 10:49:56 AM,30785.0,0,0.0,117115600.0
2025-08-01 10:49:56 AM,30785.0,13,400205.0,117515805.0
2025-08-01 10:50:50 AM,30795.0,0,0.0,117515805.0
2025-08-01 10:50:53 AM,30795.0,2,61590.0,117577395.0
2025-08-01 10:50:56 AM,30785.0,0,0.0,117577395.0
2025-08-01 10:50:58 AM,30785.0,36,1108260.0,118685655.0
2025-08-01 10:51:24 AM,30765.0,0,0.0,118685655.0
2025-08-01 10:51:26 AM,30765.0,1,30765.0,118716420.0
2025-08-01 10:51:31 AM,30780.0,3,92340.0,118808760.0
2025-08-01 10:51:43 AM,30780.0,3,92340.0,118901100.0
2025-08-01 10:52:24 AM,30775.0,0,0.0,118901100.0
2025-08-01 10:52:26 AM,30775.0,4,123100.0,119024200.0
2025-08-01 10:53:54 AM,30785.0,0,0.0,119024200.0
2025-08-01 10:53:56 AM,30785.0,4,123140.0,119147340.0
2025-08-01 10:54:20 AM,30775.0,0,0.0,119147340.0
2025-08-01 10:54:23 AM,30775.0,19,584725.0,119732065.0
2025-08-01 10:55:32 AM,30775.0,4,123100.0,119855165.0
2025-08-01 10:56:25 AM,30765.0,4,123060.0,119978225.0
2025-08-01 10:57:16 AM,30775.0,0,0.0,119978225.0
2025-08-01 10:57:17 AM,30775.0,4,123100.0,120101325.0
2025-08-01 10:57:35 AM,30760.0,4,123040.0,120224365.0
2025-08-01 10:58:55 AM,30760.0,5,153800.0,120378165.0
2025-08-01 11:00:00 AM,30775.0,0,0.0,120378165.0
2025-08-01 11:00:02 AM,30765.0,0,0.0,120378165.0
2025-08-01 11:00:03 AM,30765.0,6,184590.0,120562755.0
2025-08-01 11:00:26 AM,30765.0,1,30765.0,120593520.0
2025-08-01 11:00:37 AM,30765.0,6,184590.0,120778110.0
2025-08-01 11:01:40 AM,30765.0,1,30765.0,120808875.0
2025-08-01 11:02:25 AM,30775.0,0,0.0,120808875.0
2025-08-01 11:02:28 AM,30775.0,37,1138675.0,121947550.0
2025-08-01 11:02:53 AM,30780.0,0,0.0,121947550.0
2025-08-01 11:02:55 AM,30780.0,1,30780.0,121978330.0
2025-08-01 11:03:25 AM,30780.0,1,30780.0,122009110.0
2025-08-01 11:05:07 AM,30775.0,21,646275.0,122655385.0
2025-08-01 11:06:49 AM,30770.0,0,0.0,122655385.0
2025-08-01 11:06:52 AM,30770.0,5,153850.0,122809235.0
2025-08-01 11:07:41 AM,30770.0,1,30770.0,122840005.0
2025-08-01 11:07:51 AM,30770.0,1,30770.0,122870775.0
2025-08-01 11:08:35 AM,30770.0,1,30770.0,122901545.0
2025-08-01 11:08:43 AM,30770.0,1,30770.0,122932315.0
2025-08-01 11:08:54 AM,30770.0,18,553860.0,123486175.0
2025-08-01 11:09:02 AM,30770.0,3,92310.0,123578485.0
2025-08-01 11:09:11 AM,30735.0,85,2612475.0,126190960.0
2025-08-01 11:09:16 AM,30720.0,0,0.0,126190960.0
2025-08-01 11:09:17 AM,30720.0,47,1443840.0,127634800.0
2025-08-01 11:09:20 AM,30715.0,37,1136455.0,128771255.0
2025-08-01 11:09:22 AM,30705.0,0,0.0,128771255.0
2025-08-01 11:09:22 AM,30705.0,1,30705.0,128801960.0
2025-08-01 11:09:32 AM,30700.0,0,0.0,128801960.0
2025-08-01 11:09:33 AM,30700.0,78,2394600.0,131196560.0
2025-08-01 11:09:34 AM,30680.0,0,0.0,131196560.0
2025-08-01 11:09:36 AM,30695.0,34,1043630.0,132240190.0
2025-08-01 11:09:39 AM,30695.0,1,30695.0,132270885.0
2025-08-01 11:10:00 AM,30675.0,0,0.0,132270885.0
2025-08-01 11:10:00 AM,30675.0,1,30675.0,132301560.0
2025-08-01 11:10:06 AM,30670.0,20,613400.0,132914960.0
2025-08-01 11:10:08 AM,30665.0,0,0.0,132914960.0
2025-08-01 11:10:10 AM,30650.0,0,0.0,132914960.0
2025-08-01 11:10:11 AM,30650.0,22,674300.0,133589260.0
2025-08-01 11:10:27 AM,30650.0,6,183900.0,133773160.0
2025-08-01 11:10:32 AM,30650.0,2,61300.0,133834460.0
2025-08-01 11:10:34 AM,30655.0,0,0.0,133834460.0
2025-08-01 11:10:38 AM,30655.0,2,61310.0,133895770.0
2025-08-01 11:11:06 AM,30655.0,1,30655.0,133926425.0
2025-08-01 11:11:11 AM,30655.0,2,61310.0,133987735.0
2025-08-01 11:11:32 AM,30670.0,0,0.0,133987735.0
2025-08-01 11:11:33 AM,30670.0,19,582730.0,134570465.0
2025-08-01 11:11:34 AM,30675.0,0,0.0,134570465.0
2025-08-01 11:11:38 AM,30680.0,0,0.0,134570465.0
2025-08-01 11:11:38 AM,30680.0,5,153400.0,134723865.0
2025-08-01 11:11:44 AM,30680.0,1,30680.0,134754545.0
2025-08-01 11:12:34 AM,30670.0,0,0.0,134754545.0
2025-08-01 11:12:37 AM,30670.0,2,61340.0,134815885.0
2025-08-01 11:13:06 AM,30690.0,0,0.0,134815885.0
2025-08-01 11:13:08 AM,30690.0,35,1074150.0,135890035.0
2025-08-01 11:13:15 AM,30685.0,1,30685.0,135920720.0
2025-08-01 11:13:25 AM,30685.0,1,30685.0,135951405.0
2025-08-01 11:13:26 AM,30685.0,3,92055.0,136043460.0
2025-08-01 11:13:34 AM,30680.0,0,0.0,136043460.0
2025-08-01 11:13:36 AM,30680.0,1,30680.0,136074140.0
2025-08-01 11:13:46 AM,30675.0,2,61350.0,136135490.0
2025-08-01 11:14:08 AM,30675.0,2,61350.0,136196840.0
2025-08-01 11:14:21 AM,30660.0,0,0.0,136196840.0
2025-08-01 11:14:24 AM,30655.0,23,705065.0,136901905.0
2025-08-01 11:14:40 AM,30665.0,1,30665.0,136932570.0
2025-08-01 11:15:21 AM,30660.0,0,0.0,136932570.0
2025-08-01 11:15:23 AM,30660.0,3,91980.0,137024550.0
2025-08-01 11:16:05 AM,30660.0,2,61320.0,137085870.0
2025-08-01 11:16:52 AM,30660.0,2,61320.0,137147190.0
2025-08-01 11:17:03 AM,30650.0,6,183900.0,137331090.0
2025-08-01 11:17:23 AM,30640.0,0,0.0,137331090.0
2025-08-01 11:17:25 AM,30640.0,6,183840.0,137514930.0
2025-08-01 11:17:58 AM,30640.0,5,153200.0,137668130.0
2025-08-01 11:18:24 AM,30640.0,1,30640.0,137698770.0
2025-08-01 11:18:33 AM,30630.0,0,0.0,137698770.0
2025-08-01 11:18:35 AM,30630.0,51,1562130.0,139260900.0
2025-08-01 11:18:39 AM,30610.0,0,0.0,139260900.0
2025-08-01 11:18:41 AM,30610.0,7,214270.0,139475170.0
2025-08-01 11:19:48 AM,30610.0,6,183660.0,139658830.0
2025-08-01 11:20:17 AM,30620.0,0,0.0,139658830.0
2025-08-01 11:20:20 AM,30620.0,1,30620.0,139689450.0
2025-08-01 11:20:48 AM,30610.0,0,0.0,139689450.0
2025-08-01 11:20:51 AM,30610.0,6,183660.0,139873110.0
2025-08-01 11:21:12 AM,30610.0,1,30610.0,139903720.0
2025-08-01 11:21:34 AM,30600.0,0,0.0,139903720.0
2025-08-01 11:21:38 AM,30600.0,7,214200.0,140117920.0
2025-08-01 11:22:19 AM,30610.0,0,0.0,140117920.0
2025-08-01 11:22:20 AM,30610.0,18,550980.0,140668900.0
2025-08-01 11:22:47 AM,30610.0,1,30610.0,140699510.0
2025-08-01 11:23:49 AM,30600.0,5,153000.0,140852510.0
2025-08-01 11:23:51 AM,30615.0,0,0.0,140852510.0
2025-08-01 11:23:54 AM,30615.0,22,673530.0,141526040.0
2025-08-01 11:24:09 AM,30615.0,5,153075.0,141679115.0
2025-08-01 11:24:38 AM,30600.0,0,0.0,141679115.0
2025-08-01 11:24:41 AM,30600.0,1,30600.0,141709715.0
2025-08-01 11:25:45 AM,30585.0,0,0.0,141709715.0
2025-08-01 11:25:49 AM,30585.0,1,30585.0,141740300.0
2025-08-01 11:26:10 AM,30570.0,16,489120.0,142229420.0
2025-08-01 11:26:41 AM,30570.0,1,30570.0,142259990.0
2025-08-01 11:26:53 AM,30555.0,0,0.0,142259990.0
2025-08-01 11:26:55 AM,30555.0,6,183330.0,142443320.0
2025-08-01 11:27:02 AM,30555.0,3,91665.0,142534985.0
2025-08-01 11:27:03 AM,30570.0,0,0.0,142534985.0
2025-08-01 11:27:05 AM,30570.0,5,152850.0,142687835.0
2025-08-01 11:27:07 AM,30570.0,3,91710.0,142779545.0
2025-08-01 11:27:27 AM,30570.0,1,30570.0,142810115.0
2025-08-01 11:27:46 AM,30570.0,1,30570.0,142840685.0
2025-08-01 11:28:08 AM,30565.0,0,0.0,142840685.0
2025-08-01 11:28:09 AM,30565.0,1,30565.0,142871250.0
2025-08-01 11:28:22 AM,30570.0,0,0.0,142871250.0
2025-08-01 11:28:23 AM,30570.0,1,30570.0,142901820.0
2025-08-01 11:28:45 AM,30570.0,2,61140.0,142962960.0
2025-08-01 11:28:46 AM,30565.0,0,0.0,142962960.0
2025-08-01 11:28:48 AM,30565.0,1,30565.0,142993525.0
2025-08-01 11:29:35 AM,30560.0,1,30560.0,143024085.0
2025-08-01 11:29:43 AM,30560.0,21,641760.0,143665845.0
2025-08-01 11:29:43 AM,30565.0,0,0.0,143665845.0
2025-08-01 11:29:44 AM,30595.0,0,0.0,143665845.0
2025-08-01 11:29:46 AM,30595.0,206,6302570.0,149968415.0
2025-08-01 11:29:48 AM,30585.0,0,0.0,149968415.0
2025-08-01 11:29:51 AM,30585.0,45,1376325.0,151344740.0
2025-08-01 11:29:54 AM,30600.0,0,0.0,151344740.0
2025-08-01 11:29:56 AM,30600.0,2,61200.0,151405940.0
2025-08-01 11:30:08 AM,30600.0,2,61200.0,151467140.0
2025-08-01 11:30:17 AM,30600.0,3,91800.0,151558940.0
2025-08-01 11:30:27 AM,30605.0,0,0.0,151558940.0
2025-08-01 11:30:27 AM,30605.0,3,91815.0,151650755.0
2025-08-01 11:30:34 AM,30600.0,1,30600.0,151681355.0
2025-08-01 11:30:39 AM,30595.0,0,0.0,151681355.0
2025-08-01 11:30:39 AM,30595.0,4,122380.0,151803735.0
2025-08-01 11:30:41 AM,30600.0,0,0.0,151803735.0
2025-08-01 11:30:42 AM,30600.0,1,30600.0,151834335.0
2025-08-01 11:31:40 AM,30590.0,0,0.0,151834335.0
2025-08-01 11:31:41 AM,30590.0,6,183540.0,152017875.0
2025-08-01 11:31:42 AM,30590.0,1,30590.0,152048465.0
2025-08-01 11:32:23 AM,30570.0,0,0.0,152048465.0
2025-08-01 11:32:24 AM,30570.0,1,30570.0,152079035.0
2025-08-01 11:32:53 AM,30570.0,3,91710.0,152170745.0
2025-08-01 11:32:53 AM,30575.0,0,0.0,152170745.0
2025-08-01 11:32:54 AM,30575.0,1,30575.0,152201320.0
2025-08-01 11:33:23 AM,30560.0,0,0.0,152201320.0
2025-08-01 11:33:24 AM,30560.0,4,122240.0,152323560.0
2025-08-01 11:33:25 AM,30575.0,1,30575.0,152354135.0
2025-08-01 11:34:01 AM,30560.0,0,0.0,152354135.0
2025-08-01 11:34:05 AM,30560.0,4,122240.0,152476375.0
2025-08-01 11:34:05 AM,30570.0,1,30570.0,152506945.0
2025-08-01 11:34:35 AM,30570.0,1,30570.0,152537515.0
2025-08-01 11:34:57 AM,30570.0,18,550260.0,153087775.0
2025-08-01 11:34:57 AM,30575.0,0,0.0,153087775.0
2025-08-01 11:35:02 AM,30575.0,5,152875.0,153240650.0
2025-08-01 11:35:07 AM,30575.0,1,30575.0,153271225.0
2025-08-01 11:36:57 AM,30570.0,1,30570.0,153301795.0
2025-08-01 11:37:29 AM,30555.0,38,1161090.0,154462885.0
2025-08-01 11:37:29 AM,30565.0,0,0.0,154462885.0
2025-08-01 11:37:31 AM,30560.0,0,0.0,154462885.0
2025-08-01 11:37:34 AM,30560.0,9,275040.0,154737925.0
2025-08-01 11:37:35 AM,30565.0,0,0.0,154737925.0
2025-08-01 11:37:39 AM,30565.0,2,61130.0,154799055.0
2025-08-01 11:37:44 AM,30555.0,1,30555.0,154829610.0
2025-08-01 11:38:18 AM,30575.0,0,0.0,154829610.0
2025-08-01 11:38:19 AM,30575.0,25,764375.0,155593985.0
2025-08-01 11:38:20 AM,30575.0,5,152875.0,155746860.0
2025-08-01 11:38:25 AM,30575.0,1,30575.0,155777435.0
2025-08-01 11:38:30 AM,30575.0,1,30575.0,155808010.0
2025-08-01 11:38:32 AM,30550.0,0,0.0,155808010.0
2025-08-01 11:38:34 AM,30550.0,25,763750.0,156571760.0
2025-08-01 11:38:35 AM,30575.0,0,0.0,156571760.0
2025-08-01 11:38:36 AM,30575.0,5,152875.0,156724635.0
2025-08-01 11:38:40 AM,30575.0,1,30575.0,156755210.0
2025-08-01 11:38:50 AM,30575.0,10,305750.0,157060960.0
2025-08-01 11:38:51 AM,30575.0,2,61150.0,157122110.0
2025-08-01 11:39:41 AM,30575.0,2,61150.0,157183260.0
2025-08-01 11:39:43 AM,30575.0,1,30575.0,157213835.0
2025-08-01 11:39:57 AM,30575.0,2,61150.0,157274985.0
2025-08-01 11:40:15 AM,30555.0,0,0.0,157274985.0
2025-08-01 11:40:17 AM,30565.0,0,0.0,157274985.0
2025-08-01 11:40:17 AM,30565.0,3,91695.0,157366680.0
2025-08-01 11:40:18 AM,30570.0,0,0.0,157366680.0
2025-08-01 11:40:19 AM,30570.0,1,30570.0,157397250.0
2025-08-01 11:40:38 AM,30545.0,3,91635.0,157488885.0
2025-08-01 11:40:39 AM,30565.0,1,30565.0,157519450.0
2025-08-01 11:40:43 AM,30565.0,1,30565.0,157550015.0
2025-08-01 11:40:54 AM,30565.0,1,30565.0,157580580.0
2025-08-01 11:41:28 AM,30565.0,11,336215.0,157916795.0
2025-08-01 11:41:29 AM,30570.0,3,91710.0,158008505.0
2025-08-01 11:41:51 AM,30590.0,0,0.0,158008505.0
2025-08-01 11:41:54 AM,30590.0,94,2875460.0,160883965.0
2025-08-01 11:41:55 AM,30575.0,0,0.0,160883965.0
2025-08-01 11:41:59 AM,30575.0,13,397475.0,161281440.0
2025-08-01 11:42:01 AM,30585.0,0,0.0,161281440.0
2025-08-01 11:42:04 AM,30585.0,12,367020.0,161648460.0
2025-08-01 11:42:05 AM,30590.0,0,0.0,161648460.0
2025-08-01 11:42:09 AM,30590.0,83,2538970.0,164187430.0
2025-08-01 11:42:11 AM,30600.0,0,0.0,164187430.0
2025-08-01 11:42:14 AM,30600.0,28,856800.0,165044230.0
2025-08-01 11:42:19 AM,30600.0,5,153000.0,165197230.0
2025-08-01 11:42:24 AM,30600.0,4,122400.0,165319630.0
2025-08-01 11:42:29 AM,30600.0,40,1224000.0,166543630.0
2025-08-01 11:42:35 AM,30600.0,8,244800.0,166788430.0
2025-08-01 11:42:35 AM,30595.0,2,61190.0,166849620.0
2025-08-01 11:43:23 AM,30585.0,6,183510.0,167033130.0
2025-08-01 11:43:23 AM,30595.0,0,0.0,167033130.0
2025-08-01 11:43:24 AM,30595.0,1,30595.0,167063725.0
2025-08-01 11:43:28 AM,30595.0,6,183570.0,167247295.0
2025-08-01 11:43:29 AM,30595.0,2,61190.0,167308485.0
2025-08-01 11:43:30 AM,30580.0,0,0.0,167308485.0
2025-08-01 11:43:33 AM,30580.0,5,152900.0,167461385.0
2025-08-01 11:43:34 AM,30595.0,1,30595.0,167491980.0
2025-08-01 11:44:27 AM,30555.0,0,0.0,167491980.0
2025-08-01 11:44:29 AM,30555.0,20,611100.0,168103080.0
2025-08-01 11:44:30 AM,30580.0,0,0.0,168103080.0
2025-08-01 11:44:34 AM,30580.0,4,122320.0,168225400.0
2025-08-01 11:44:40 AM,30580.0,1,30580.0,168255980.0
2025-08-01 11:44:54 AM,30565.0,0,0.0,168255980.0
2025-08-01 11:44:56 AM,30565.0,1,30565.0,168286545.0
2025-08-01 11:45:27 AM,30560.0,0,0.0,168286545.0
2025-08-01 11:45:28 AM,30560.0,8,244480.0,168531025.0
2025-08-01 11:45:28 AM,30580.0,2,61160.0,168592185.0
2025-08-01 11:45:44 AM,30560.0,3,91680.0,168683865.0
2025-08-01 11:45:44 AM,30580.0,1,30580.0,168714445.0
2025-08-01 11:46:03 AM,30560.0,0,0.0,168714445.0
2025-08-01 11:46:05 AM,30560.0,5,152800.0,168867245.0
2025-08-01 11:46:06 AM,30570.0,0,0.0,168867245.0
2025-08-01 11:46:06 AM,30570.0,1,30570.0,168897815.0
2025-08-01 11:46:26 AM,30560.0,0,0.0,168897815.0
2025-08-01 11:46:26 AM,30560.0,1,30560.0,168928375.0
2025-08-01 11:46:27 AM,30565.0,1,30565.0,168958940.0
2025-08-01 11:46:53 AM,30565.0,4,122260.0,169081200.0
2025-08-01 11:46:54 AM,30570.0,0,0.0,169081200.0
2025-08-01 11:46:54 AM,30570.0,1,30570.0,169111770.0
2025-08-01 11:47:05 AM,30575.0,0,0.0,169111770.0
2025-08-01 11:47:09 AM,30575.0,8,244600.0,169356370.0
2025-08-01 11:47:09 AM,30580.0,0,0.0,169356370.0
2025-08-01 11:47:09 AM,30580.0,1,30580.0,169386950.0
2025-08-01 11:47:14 AM,30580.0,1,30580.0,169417530.0
2025-08-01 11:47:58 AM,30565.0,0,0.0,169417530.0
2025-08-01 11:48:00 AM,30565.0,1,30565.0,169448095.0
2025-08-01 11:48:37 AM,30555.0,0,0.0,169448095.0
2025-08-01 11:48:40 AM,30555.0,13,397215.0,169845310.0
2025-08-01 11:48:40 AM,30565.0,3,91695.0,169937005.0
2025-08-01 11:48:41 AM,30560.0,0,0.0,169937005.0
2025-08-01 11:48:43 AM,30540.0,0,0.0,169937005.0
2025-08-01 11:48:45 AM,30540.0,10,305400.0,170242405.0
2025-08-01 11:48:45 AM,30555.0,2,61110.0,170303515.0
2025-08-01 11:48:51 AM,30560.0,0,0.0,170303515.0
2025-08-01 11:48:55 AM,30560.0,1,30560.0,170334075.0
2025-08-01 11:49:23 AM,30555.0,0,0.0,170334075.0
2025-08-01 11:49:27 AM,30555.0,8,244440.0,170578515.0
2025-08-01 11:49:27 AM,30560.0,0,0.0,170578515.0
2025-08-01 11:49:29 AM,30570.0,0,0.0,170578515.0
2025-08-01 11:49:30 AM,30560.0,0,0.0,170578515.0
2025-08-01 11:49:32 AM,30560.0,14,427840.0,171006355.0
2025-08-01 11:49:32 AM,30580.0,3,91740.0,171098095.0
2025-08-01 11:49:42 AM,30580.0,1,30580.0,171128675.0
2025-08-01 11:51:02 AM,30565.0,0,0.0,171128675.0
2025-08-01 11:51:03 AM,30565.0,5,152825.0,171281500.0
2025-08-01 11:51:04 AM,30580.0,0,0.0,171281500.0
2025-08-01 11:51:08 AM,30580.0,1,30580.0,171312080.0
2025-08-01 11:51:21 AM,30585.0,0,0.0,171312080.0
2025-08-01 11:51:23 AM,30585.0,3,91755.0,171403835.0
2025-08-01 11:51:28 AM,30585.0,1,30585.0,171434420.0
2025-08-01 11:51:48 AM,30585.0,5,152925.0,171587345.0
2025-08-01 11:51:49 AM,30590.0,0,0.0,171587345.0
2025-08-01 11:51:53 AM,30590.0,1,30590.0,171617935.0
2025-08-01 11:52:23 AM,30590.0,1,30590.0,171648525.0
2025-08-01 11:52:34 AM,30585.0,0,0.0,171648525.0
2025-08-01 11:52:34 AM,30585.0,1,30585.0,171679110.0
2025-08-01 11:52:35 AM,30590.0,0,0.0,171679110.0
2025-08-01 11:52:38 AM,30590.0,1,30590.0,171709700.0
2025-08-01 11:53:23 AM,30595.0,0,0.0,171709700.0
2025-08-01 11:53:24 AM,30595.0,1,30595.0,171740295.0
2025-08-01 11:53:41 AM,30590.0,0,0.0,171740295.0
2025-08-01 11:53:45 AM,30590.0,1,30590.0,171770885.0
2025-08-01 11:53:48 AM,30595.0,0,0.0,171770885.0
2025-08-01 11:53:49 AM,30585.0,0,0.0,171770885.0
2025-08-01 11:53:49 AM,30585.0,2,61170.0,171832055.0
2025-08-01 11:53:51 AM,30595.0,0,0.0,171832055.0
2025-08-01 11:53:55 AM,30595.0,1,30595.0,171862650.0
2025-08-01 11:53:57 AM,30560.0,0,0.0,171862650.0
2025-08-01 11:54:00 AM,30560.0,40,1222400.0,173085050.0
2025-08-01 11:54:01 AM,30585.0,0,0.0,173085050.0
2025-08-01 11:54:04 AM,30585.0,8,244680.0,173329730.0
2025-08-01 11:54:05 AM,30575.0,0,0.0,173329730.0
2025-08-01 11:54:10 AM,30575.0,3,91725.0,173421455.0
2025-08-01 11:54:11 AM,30590.0,0,0.0,173421455.0
2025-08-01 11:54:15 AM,30590.0,1,30590.0,173452045.0
2025-08-01 11:54:51 AM,30590.0,1,30590.0,173482635.0
2025-08-01 11:55:15 AM,30585.0,0,0.0,173482635.0
2025-08-01 11:55:16 AM,30585.0,1,30585.0,173513220.0
2025-08-01 11:55:21 AM,30585.0,1,30585.0,173543805.0
2025-08-01 11:55:38 AM,30575.0,0,0.0,173543805.0
2025-08-01 11:55:41 AM,30575.0,1,30575.0,173574380.0
2025-08-01 11:55:42 AM,30585.0,7,214095.0,173788475.0
2025-08-01 11:55:46 AM,30585.0,1,30585.0,173819060.0
2025-08-01 11:55:51 AM,30585.0,1,30585.0,173849645.0
2025-08-01 11:57:09 AM,30580.0,0,0.0,173849645.0
2025-08-01 11:57:11 AM,30580.0,1,30580.0,173880225.0
2025-08-01 11:57:37 AM,30575.0,0,0.0,173880225.0
2025-08-01 11:57:38 AM,30585.0,18,550530.0,174430755.0
2025-08-01 11:57:39 AM,30590.0,0,0.0,174430755.0
2025-08-01 11:57:42 AM,30590.0,4,122360.0,174553115.0
2025-08-01 11:57:48 AM,30585.0,0,0.0,174553115.0
2025-08-01 11:57:48 AM,30585.0,1,30585.0,174583700.0
2025-08-01 11:57:49 AM,30590.0,0,0.0,174583700.0
2025-08-01 11:57:52 AM,30590.0,1,30590.0,174614290.0
2025-08-01 11:58:07 AM,30590.0,5,152950.0,174767240.0
2025-08-01 11:58:09 AM,30590.0,1,30590.0,174797830.0
2025-08-01 11:58:09 AM,30595.0,0,0.0,174797830.0
2025-08-01 11:58:13 AM,30595.0,1,30595.0,174828425.0
2025-08-01 11:58:15 AM,30590.0,1,30590.0,174859015.0
2025-08-01 11:58:45 AM,30590.0,1,30590.0,174889605.0
2025-08-01 11:58:48 AM,30600.0,0,0.0,174889605.0
2025-08-01 11:58:50 AM,30600.0,1,30600.0,174920205.0
2025-08-01 11:59:26 AM,30600.0,39,1193400.0,176113605.0
2025-08-01 11:59:28 AM,30610.0,0,0.0,176113605.0
2025-08-01 11:59:31 AM,30610.0,8,244880.0,176358485.0
2025-08-01 11:59:59 AM,30615.0,1,30615.0,176389100.0
2025-08-01 12:00:05 PM,30620.0,2,61240.0,176450340.0
2025-08-01 12:00:14 PM,30615.0,1,30615.0,176480955.0
2025-08-01 12:00:36 PM,30615.0,3,91845.0,176572800.0
2025-08-01 12:01:01 PM,30620.0,2,61240.0,176634040.0
2025-08-01 12:01:03 PM,30625.0,0,0.0,176634040.0
2025-08-01 12:01:06 PM,30625.0,1,30625.0,176664665.0
2025-08-01 12:01:13 PM,30625.0,1,30625.0,176695290.0
2025-08-01 12:01:46 PM,30615.0,1,30615.0,176725905.0
2025-08-01 12:02:07 PM,30615.0,4,122460.0,176848365.0
2025-08-01 12:03:00 PM,30605.0,0,0.0,176848365.0
2025-08-01 12:03:00 PM,30605.0,10,306050.0,177154415.0
2025-08-01 12:03:02 PM,30590.0,0,0.0,177154415.0
2025-08-01 12:03:02 PM,30590.0,10,305900.0,177460315.0
2025-08-01 12:03:03 PM,30600.0,0,0.0,177460315.0
2025-08-01 12:03:06 PM,30600.0,3,91800.0,177552115.0
2025-08-01 12:03:19 PM,30590.0,0,0.0,177552115.0
2025-08-01 12:03:20 PM,30590.0,10,305900.0,177858015.0
2025-08-01 12:03:23 PM,30600.0,0,0.0,177858015.0
2025-08-01 12:03:25 PM,30600.0,2,61200.0,177919215.0
2025-08-01 12:03:26 PM,30580.0,0,0.0,177919215.0
2025-08-01 12:03:27 PM,30580.0,90,2752200.0,180671415.0
2025-08-01 12:03:27 PM,30585.0,0,0.0,180671415.0
2025-08-01 12:03:30 PM,30585.0,14,428190.0,181099605.0
2025-08-01 12:03:32 PM,30590.0,0,0.0,181099605.0
2025-08-01 12:03:35 PM,30590.0,8,244720.0,181344325.0
2025-08-01 12:03:40 PM,30590.0,2,61180.0,181405505.0
2025-08-01 12:03:45 PM,30595.0,7,214165.0,181619670.0
2025-08-01 12:04:31 PM,30565.0,0,0.0,181619670.0
2025-08-01 12:04:31 PM,30565.0,99,3025935.0,184645605.0
2025-08-01 12:04:35 PM,30565.0,1,30565.0,184676170.0
2025-08-01 12:04:36 PM,30590.0,0,0.0,184676170.0
2025-08-01 12:04:37 PM,30590.0,15,458850.0,185135020.0
2025-08-01 12:04:42 PM,30600.0,8,244800.0,185379820.0
2025-08-01 12:04:45 PM,30600.0,4,122400.0,185502220.0
2025-08-01 12:04:47 PM,30600.0,2,61200.0,185563420.0
2025-08-01 12:04:50 PM,30585.0,1,30585.0,185594005.0
2025-08-01 12:04:50 PM,30600.0,0,0.0,185594005.0
2025-08-01 12:04:52 PM,30600.0,1,30600.0,185624605.0
2025-08-01 12:05:11 PM,30600.0,1,30600.0,185655205.0
2025-08-01 12:05:50 PM,30605.0,0,0.0,185655205.0
2025-08-01 12:05:51 PM,30605.0,5,153025.0,185808230.0
2025-08-01 12:06:06 PM,30590.0,0,0.0,185808230.0
2025-08-01 12:06:06 PM,30590.0,2,61180.0,185869410.0
2025-08-01 12:06:07 PM,30600.0,1,30600.0,185900010.0
2025-08-01 12:06:22 PM,30590.0,0,0.0,185900010.0
2025-08-01 12:06:25 PM,30590.0,40,1223600.0,187123610.0
2025-08-01 12:06:26 PM,30600.0,0,0.0,187123610.0
2025-08-01 12:06:26 PM,30600.0,4,122400.0,187246010.0
2025-08-01 12:07:32 PM,30605.0,0,0.0,187246010.0
2025-08-01 12:07:35 PM,30605.0,2,61210.0,187307220.0
2025-08-01 12:07:46 PM,30605.0,4,122420.0,187429640.0
2025-08-01 12:07:56 PM,30605.0,1,30605.0,187460245.0
2025-08-01 12:08:56 PM,30610.0,3,91830.0,187552075.0
2025-08-01 12:09:26 PM,30605.0,1,30605.0,187582680.0
2025-08-01 12:10:58 PM,30600.0,0,0.0,187582680.0
2025-08-01 12:11:00 PM,30600.0,1,30600.0,187613280.0
2025-08-01 12:12:10 PM,30610.0,0,0.0,187613280.0
2025-08-01 12:12:14 PM,30610.0,1,30610.0,187643890.0
2025-08-01 12:12:29 PM,30610.0,2,61220.0,187705110.0
2025-08-01 12:12:30 PM,30605.0,0,0.0,187705110.0
2025-08-01 12:12:34 PM,30605.0,1,30605.0,187735715.0
2025-08-01 12:12:36 PM,30610.0,0,0.0,187735715.0
2025-08-01 12:12:39 PM,30610.0,2,61220.0,187796935.0
2025-08-01 12:12:55 PM,30610.0,1,30610.0,187827545.0
2025-08-01 12:13:45 PM,30600.0,4,122400.0,187949945.0
2025-08-01 12:13:46 PM,30615.0,0,0.0,187949945.0
2025-08-01 12:13:50 PM,30615.0,19,581685.0,188531630.0
2025-08-01 12:14:02 PM,30605.0,0,0.0,188531630.0
2025-08-01 12:14:04 PM,30605.0,1,30605.0,188562235.0
2025-08-01 12:14:09 PM,30615.0,3,91845.0,188654080.0
2025-08-01 12:15:34 PM,30605.0,0,0.0,188654080.0
2025-08-01 12:15:36 PM,30605.0,1,30605.0,188684685.0
2025-08-01 12:17:06 PM,30600.0,0,0.0,188684685.0
2025-08-01 12:17:10 PM,30600.0,1,30600.0,188715285.0
2025-08-01 12:18:20 PM,30590.0,0,0.0,188715285.0
2025-08-01 12:18:22 PM,30590.0,6,183540.0,188898825.0
2025-08-01 12:18:38 PM,30600.0,0,0.0,188898825.0
2025-08-01 12:18:42 PM,30600.0,1,30600.0,188929425.0
2025-08-01 12:19:18 PM,30590.0,0,0.0,188929425.0
2025-08-01 12:19:22 PM,30590.0,1,30590.0,188960015.0
2025-08-01 12:19:38 PM,30590.0,6,183540.0,189143555.0
2025-08-01 12:19:38 PM,30595.0,0,0.0,189143555.0
2025-08-01 12:19:43 PM,30595.0,2,61190.0,189204745.0
2025-08-01 12:20:09 PM,30590.0,0,0.0,189204745.0
2025-08-01 12:20:14 PM,30590.0,1,30590.0,189235335.0
2025-08-01 12:20:34 PM,30595.0,0,0.0,189235335.0
2025-08-01 12:20:35 PM,30595.0,14,428330.0,189663665.0
2025-08-01 12:20:40 PM,30595.0,2,61190.0,189724855.0
2025-08-01 12:20:41 PM,30600.0,0,0.0,189724855.0
2025-08-01 12:20:45 PM,30600.0,1,30600.0,189755455.0
2025-08-01 12:20:50 PM,30600.0,1,30600.0,189786055.0
2025-08-01 12:21:42 PM,30590.0,0,0.0,189786055.0
2025-08-01 12:21:43 PM,30590.0,1,30590.0,189816645.0
2025-08-01 12:22:12 PM,30600.0,0,0.0,189816645.0
2025-08-01 12:22:14 PM,30600.0,14,428400.0,190245045.0
2025-08-01 12:23:15 PM,30600.0,1,30600.0,190275645.0
2025-08-01 12:23:25 PM,30600.0,6,183600.0,190459245.0
2025-08-01 12:24:01 PM,30615.0,0,0.0,190459245.0
2025-08-01 12:24:04 PM,30615.0,33,1010295.0,191469540.0
2025-08-01 12:24:46 PM,30610.0,0,0.0,191469540.0
2025-08-01 12:24:49 PM,30610.0,1,30610.0,191500150.0
2025-08-01 12:25:24 PM,30635.0,40,1225400.0,192725550.0
2025-08-01 12:26:09 PM,30625.0,3,91875.0,192817425.0
2025-08-01 12:26:18 PM,30620.0,0,0.0,192817425.0
2025-08-01 12:26:19 PM,30620.0,1,30620.0,192848045.0
2025-08-01 12:26:57 PM,30630.0,0,0.0,192848045.0
2025-08-01 12:26:59 PM,30630.0,27,827010.0,193675055.0
2025-08-01 12:27:40 PM,30610.0,0,0.0,193675055.0
2025-08-01 12:27:40 PM,30610.0,2,61220.0,193736275.0
2025-08-01 12:27:50 PM,30600.0,1,30600.0,193766875.0
2025-08-01 12:29:23 PM,30600.0,1,30600.0,193797475.0
2025-08-01 12:29:41 PM,30600.0,2,61200.0,193858675.0
2025-08-01 12:30:55 PM,30600.0,1,30600.0,193889275.0
2025-08-01 12:31:26 PM,30615.0,3,91845.0,193981120.0
2025-08-01 12:31:42 PM,30600.0,7,214200.0,194195320.0
2025-08-01 12:32:26 PM,30610.0,0,0.0,194195320.0
2025-08-01 12:32:30 PM,30610.0,1,30610.0,194225930.0
2025-08-01 12:32:30 PM,30655.0,140,4291700.0,198517630.0
2025-08-01 12:33:22 PM,30615.0,0,0.0,198517630.0
2025-08-01 12:33:24 PM,30615.0,1,30615.0,198548245.0
2025-08-01 12:33:42 PM,30625.0,0,0.0,198548245.0
2025-08-01 12:33:44 PM,30625.0,10,306250.0,198854495.0
2025-08-01 12:33:58 PM,30615.0,0,0.0,198854495.0
2025-08-01 12:34:00 PM,30615.0,6,183690.0,199038185.0
2025-08-01 12:34:22 PM,30630.0,0,0.0,199038185.0
2025-08-01 12:34:25 PM,30630.0,2,61260.0,199099445.0
2025-08-01 12:35:04 PM,30625.0,0,0.0,199099445.0
2025-08-01 12:35:05 PM,30625.0,4,122500.0,199221945.0
2025-08-01 12:35:06 PM,30625.0,1,30625.0,199252570.0
2025-08-01 12:35:08 PM,30615.0,0,0.0,199252570.0
2025-08-01 12:35:11 PM,30615.0,8,244920.0,199497490.0
2025-08-01 12:35:16 PM,30615.0,3,91845.0,199589335.0
2025-08-01 12:35:31 PM,30615.0,1,30615.0,199619950.0
2025-08-01 12:37:01 PM,30620.0,0,0.0,199619950.0
2025-08-01 12:37:05 PM,30620.0,1,30620.0,199650570.0
2025-08-01 12:38:23 PM,30625.0,0,0.0,199650570.0
2025-08-01 12:38:25 PM,30625.0,1,30625.0,199681195.0
2025-08-01 12:38:34 PM,30620.0,1,30620.0,199711815.0
2025-08-01 12:38:50 PM,30620.0,5,153100.0,199864915.0
2025-08-01 12:39:32 PM,30620.0,6,183720.0,200048635.0
2025-08-01 12:39:33 PM,30650.0,93,2850450.0,202899085.0
2025-08-01 12:39:35 PM,30670.0,0,0.0,202899085.0
2025-08-01 12:39:36 PM,30690.0,0,0.0,202899085.0
2025-08-01 12:39:37 PM,30690.0,300,9207000.0,212106085.0
2025-08-01 12:39:41 PM,30700.0,0,0.0,212106085.0
2025-08-01 12:39:42 PM,30700.0,1,30700.0,212136785.0
2025-08-01 12:39:47 PM,30700.0,3,92100.0,212228885.0
2025-08-01 12:40:02 PM,30715.0,0,0.0,212228885.0
2025-08-01 12:40:03 PM,30715.0,1,30715.0,212259600.0
2025-08-01 12:40:06 PM,30690.0,0,0.0,212259600.0
2025-08-01 12:40:08 PM,30685.0,0,0.0,212259600.0
2025-08-01 12:40:08 PM,30685.0,2,61370.0,212320970.0
2025-08-01 12:40:26 PM,30680.0,0,0.0,212320970.0
2025-08-01 12:40:29 PM,30680.0,5,153400.0,212474370.0
2025-08-01 12:40:48 PM,30675.0,0,0.0,212474370.0
2025-08-01 12:40:50 PM,30675.0,5,153375.0,212627745.0
2025-08-01 12:41:26 PM,30675.0,2,61350.0,212689095.0
2025-08-01 12:41:28 PM,30650.0,0,0.0,212689095.0
2025-08-01 12:41:31 PM,30650.0,151,4628150.0,217317245.0
2025-08-01 12:41:32 PM,30660.0,0,0.0,217317245.0
2025-08-01 12:41:36 PM,30685.0,0,0.0,217317245.0
2025-08-01 12:41:36 PM,30685.0,813,24946905.0,242264150.0
2025-08-01 12:41:38 PM,30660.0,0,0.0,242264150.0
2025-08-01 12:41:40 PM,30645.0,0,0.0,242264150.0
2025-08-01 12:41:42 PM,30640.0,23,704720.0,242968870.0
2025-08-01 12:41:44 PM,30650.0,0,0.0,242968870.0
2025-08-01 12:41:47 PM,30650.0,1007,30864550.0,273833420.0
2025-08-01 12:41:53 PM,30645.0,36,1103220.0,274936640.0
2025-08-01 12:41:54 PM,30630.0,0,0.0,274936640.0
2025-08-01 12:41:57 PM,30630.0,891,27291330.0,302227970.0
2025-08-01 12:41:58 PM,30605.0,26,795730.0,303023700.0
2025-08-01 12:43:09 PM,30600.0,0,0.0,303023700.0
2025-08-01 12:43:10 PM,30600.0,30,918000.0,303941700.0
2025-08-01 12:43:12 PM,30580.0,0,0.0,303941700.0
2025-08-01 12:43:16 PM,30580.0,29,886820.0,304828520.0
2025-08-01 12:43:18 PM,30600.0,0,0.0,304828520.0
2025-08-01 12:43:21 PM,30600.0,5,153000.0,304981520.0
2025-08-01 12:43:27 PM,30600.0,1,30600.0,305012120.0
2025-08-01 12:43:32 PM,30600.0,11,336600.0,305348720.0
2025-08-01 12:43:38 PM,30600.0,2,61200.0,305409920.0
2025-08-01 12:43:39 PM,30595.0,0,0.0,305409920.0
2025-08-01 12:43:43 PM,30595.0,4,122380.0,305532300.0
2025-08-01 12:43:45 PM,30600.0,0,0.0,305532300.0
2025-08-01 12:43:49 PM,30600.0,5,153000.0,305685300.0
2025-08-01 12:43:54 PM,30600.0,1,30600.0,305715900.0
2025-08-01 12:44:42 PM,30585.0,0,0.0,305715900.0
2025-08-01 12:44:43 PM,30585.0,1,30585.0,305746485.0
2025-08-01 12:45:32 PM,30600.0,0,0.0,305746485.0
2025-08-01 12:45:34 PM,30600.0,3,91800.0,305838285.0
2025-08-01 12:45:39 PM,30600.0,1,30600.0,305868885.0
2025-08-01 12:45:58 PM,30585.0,0,0.0,305868885.0
2025-08-01 12:45:59 PM,30585.0,2,61170.0,305930055.0
2025-08-01 12:46:02 PM,30600.0,0,0.0,305930055.0
2025-08-01 12:46:04 PM,30600.0,1,30600.0,305960655.0
2025-08-01 12:46:14 PM,30585.0,1,30585.0,305991240.0
2025-08-01 12:46:24 PM,30585.0,1,30585.0,306021825.0
2025-08-01 12:47:18 PM,30590.0,0,0.0,306021825.0
2025-08-01 12:47:20 PM,30590.0,16,489440.0,306511265.0
2025-08-01 12:47:24 PM,30580.0,0,0.0,306511265.0
2025-08-01 12:47:26 PM,30580.0,9,275220.0,306786485.0
2025-08-01 12:47:26 PM,30590.0,0,0.0,306786485.0
2025-08-01 12:47:31 PM,30590.0,2,61180.0,306847665.0
2025-08-01 12:47:36 PM,30590.0,1,30590.0,306878255.0
2025-08-01 12:47:46 PM,30580.0,1,30580.0,306908835.0
2025-08-01 12:49:21 PM,30580.0,1,30580.0,306939415.0
2025-08-01 12:49:22 PM,30590.0,0,0.0,306939415.0
2025-08-01 12:49:25 PM,30590.0,10,305900.0,307245315.0
2025-08-01 12:49:30 PM,30590.0,2,61180.0,307306495.0
2025-08-01 12:49:35 PM,30590.0,1,30590.0,307337085.0
2025-08-01 12:50:37 PM,30590.0,8,244720.0,307581805.0
2025-08-01 12:50:42 PM,30590.0,1,30590.0,307612395.0
2025-08-01 12:50:47 PM,30590.0,1,30590.0,307642985.0
2025-08-01 12:50:50 PM,30585.0,0,0.0,307642985.0
2025-08-01 12:50:52 PM,30585.0,1,30585.0,307673570.0
2025-08-01 12:52:22 PM,30590.0,0,0.0,307673570.0
2025-08-01 12:52:23 PM,30590.0,1,30590.0,307704160.0
2025-08-01 12:52:24 PM,30605.0,11,336655.0,308040815.0
2025-08-01 12:52:24 PM,30615.0,0,0.0,308040815.0
2025-08-01 12:52:26 PM,30620.0,0,0.0,308040815.0
2025-08-01 12:52:28 PM,30620.0,5,153100.0,308193915.0
2025-08-01 12:52:33 PM,30620.0,1,30620.0,308224535.0
2025-08-01 12:52:38 PM,30620.0,1,30620.0,308255155.0
2025-08-01 12:52:44 PM,30590.0,0,0.0,308255155.0
2025-08-01 12:52:48 PM,30590.0,1,30590.0,308285745.0
2025-08-01 12:53:53 PM,30585.0,1,30585.0,308316330.0
2025-08-01 12:54:18 PM,30610.0,0,0.0,308316330.0
2025-08-01 12:54:23 PM,30610.0,1,30610.0,308346940.0
2025-08-01 12:55:02 PM,30585.0,0,0.0,308346940.0
2025-08-01 12:55:05 PM,30585.0,2,61170.0,308408110.0
2025-08-01 12:55:06 PM,30595.0,0,0.0,308408110.0
2025-08-01 12:55:11 PM,30595.0,1,30595.0,308438705.0
2025-08-01 12:55:26 PM,30580.0,1,30580.0,308469285.0
2025-08-01 12:55:26 PM,30580.0,20,611600.0,309080885.0
2025-08-01 12:55:28 PM,30570.0,0,0.0,309080885.0
2025-08-01 12:55:31 PM,30570.0,1,30570.0,309111455.0
2025-08-01 12:55:32 PM,30580.0,4,122320.0,309233775.0
2025-08-01 12:55:36 PM,30580.0,1,30580.0,309264355.0
2025-08-01 12:56:11 PM,30580.0,1,30580.0,309294935.0
2025-08-01 12:56:17 PM,30580.0,1,30580.0,309325515.0
2025-08-01 12:56:42 PM,30575.0,0,0.0,309325515.0
2025-08-01 12:56:46 PM,30575.0,1,30575.0,309356090.0
2025-08-01 12:57:01 PM,30575.0,1,30575.0,309386665.0
2025-08-01 12:57:16 PM,30575.0,1,30575.0,309417240.0
2025-08-01 12:57:48 PM,30580.0,0,0.0,309417240.0
2025-08-01 12:57:51 PM,30580.0,4,122320.0,309539560.0
2025-08-01 12:57:51 PM,30580.0,1,30580.0,309570140.0
2025-08-01 12:57:56 PM,30570.0,10,305700.0,309875840.0
2025-08-01 12:57:56 PM,30580.0,2,61160.0,309937000.0
2025-08-01 12:58:05 PM,30580.0,2,61160.0,309998160.0
2025-08-01 12:58:24 PM,30570.0,0,0.0,309998160.0
2025-08-01 12:58:26 PM,30570.0,7,213990.0,310212150.0
2025-08-01 12:58:26 PM,30580.0,0,0.0,310212150.0
2025-08-01 12:58:30 PM,30570.0,0,0.0,310212150.0
2025-08-01 12:58:31 PM,30570.0,3,91710.0,310303860.0
2025-08-01 12:58:58 PM,30580.0,0,0.0,310303860.0
2025-08-01 12:59:01 PM,30580.0,1,30580.0,310334440.0
2025-08-01 12:59:26 PM,30580.0,6,183480.0,310517920.0
2025-08-01 12:59:31 PM,30580.0,2,61160.0,310579080.0
2025-08-01 12:59:58 PM,30580.0,1,30580.0,310609660.0
2025-08-01 01:00:02 PM,30575.0,0,0.0,310609660.0
2025-08-01 01:00:04 PM,30575.0,1,30575.0,310640235.0
2025-08-01 01:01:12 PM,30575.0,2,61150.0,310701385.0
2025-08-01 01:01:13 PM,30580.0,0,0.0,310701385.0
2025-08-01 01:01:17 PM,30580.0,1,30580.0,310731965.0
2025-08-01 01:01:32 PM,30580.0,5,152900.0,310884865.0
2025-08-01 01:01:35 PM,30575.0,0,0.0,310884865.0
2025-08-01 01:01:37 PM,30575.0,7,214025.0,311098890.0
2025-08-01 01:01:39 PM,30580.0,0,0.0,311098890.0
2025-08-01 01:01:42 PM,30580.0,3,91740.0,311190630.0
2025-08-01 01:01:47 PM,30580.0,1,30580.0,311221210.0
2025-08-01 01:01:52 PM,30580.0,3,91740.0,311312950.0
2025-08-01 01:01:53 PM,30585.0,0,0.0,311312950.0
2025-08-01 01:01:55 PM,30610.0,0,0.0,311312950.0
2025-08-01 01:01:57 PM,30610.0,12,367320.0,311680270.0
2025-08-01 01:01:59 PM,30625.0,0,0.0,311680270.0
2025-08-01 01:02:01 PM,30625.0,2,61250.0,311741520.0
2025-08-01 01:02:03 PM,30635.0,0,0.0,311741520.0
2025-08-01 01:02:06 PM,30635.0,1,30635.0,311772155.0
2025-08-01 01:02:27 PM,30635.0,2,61270.0,311833425.0
2025-08-01 01:02:43 PM,30645.0,1,30645.0,311864070.0
2025-08-01 01:03:02 PM,30640.0,1,30640.0,311894710.0
2025-08-01 01:03:03 PM,30645.0,0,0.0,311894710.0
2025-08-01 01:03:07 PM,30620.0,0,0.0,311894710.0
2025-08-01 01:03:07 PM,30620.0,4,122480.0,312017190.0
2025-08-01 01:03:12 PM,30620.0,1,30620.0,312047810.0
2025-08-01 01:03:13 PM,30640.0,0,0.0,312047810.0
2025-08-01 01:03:17 PM,30640.0,1,30640.0,312078450.0
2025-08-01 01:03:21 PM,30610.0,0,0.0,312078450.0
2025-08-01 01:03:22 PM,30610.0,15,459150.0,312537600.0
2025-08-01 01:03:23 PM,30640.0,0,0.0,312537600.0
2025-08-01 01:03:27 PM,30640.0,3,91920.0,312629520.0
2025-08-01 01:03:32 PM,30635.0,1,30635.0,312660155.0
2025-08-01 01:03:33 PM,30640.0,0,0.0,312660155.0
2025-08-01 01:03:37 PM,30640.0,1,30640.0,312690795.0
2025-08-01 01:03:42 PM,30640.0,1,30640.0,312721435.0
2025-08-01 01:04:39 PM,30625.0,0,0.0,312721435.0
2025-08-01 01:04:40 PM,30625.0,1,30625.0,312752060.0
2025-08-01 01:05:33 PM,30635.0,0,0.0,312752060.0
2025-08-01 01:05:35 PM,30635.0,1,30635.0,312782695.0
2025-08-01 01:05:50 PM,30635.0,2,61270.0,312843965.0
2025-08-01 01:05:53 PM,30640.0,0,0.0,312843965.0
2025-08-01 01:05:55 PM,30640.0,6,183840.0,313027805.0
2025-08-01 01:06:00 PM,30640.0,1,30640.0,313058445.0
2025-08-01 01:06:06 PM,30640.0,3,91920.0,313150365.0
2025-08-01 01:06:11 PM,30635.0,0,0.0,313150365.0
2025-08-01 01:06:11 PM,30635.0,2,61270.0,313211635.0
2025-08-01 01:06:39 PM,30730.0,0,0.0,313211635.0
2025-08-01 01:06:42 PM,30730.0,1179,36230670.0,349442305.0
2025-08-01 01:06:43 PM,30685.0,0,0.0,349442305.0
2025-08-01 01:06:43 PM,30685.0,13,398905.0,349841210.0
2025-08-01 01:06:43 PM,30710.0,0,0.0,349841210.0
2025-08-01 01:06:47 PM,30710.0,5,153550.0,349994760.0
2025-08-01 01:06:49 PM,30725.0,0,0.0,349994760.0
2025-08-01 01:06:52 PM,30725.0,8,245800.0,350240560.0
2025-08-01 01:06:54 PM,30715.0,0,0.0,350240560.0
2025-08-01 01:06:57 PM,30715.0,7,215005.0,350455565.0
2025-08-01 01:07:00 PM,30775.0,0,0.0,350455565.0
2025-08-01 01:07:01 PM,30775.0,84,2585100.0,353040665.0
2025-08-01 01:07:03 PM,30800.0,0,0.0,353040665.0
2025-08-01 01:07:04 PM,30800.0,5,154000.0,353194665.0
2025-08-01 01:07:09 PM,30800.0,3,92400.0,353287065.0
2025-08-01 01:07:10 PM,30800.0,53,1632400.0,354919465.0
2025-08-01 01:07:11 PM,30795.0,0,0.0,354919465.0
2025-08-01 01:07:12 PM,30795.0,19,585105.0,355504570.0
2025-08-01 01:07:26 PM,30810.0,1,30810.0,355535380.0
2025-08-01 01:07:30 PM,30780.0,17,523260.0,356058640.0
2025-08-01 01:07:35 PM,30805.0,0,0.0,356058640.0
2025-08-01 01:07:35 PM,30805.0,38,1170590.0,357229230.0
2025-08-01 01:07:42 PM,30785.0,0,0.0,357229230.0
2025-08-01 01:07:42 PM,30785.0,1,30785.0,357260015.0
2025-08-01 01:08:05 PM,30860.0,85,2623100.0,359883115.0
2025-08-01 01:08:14 PM,30885.0,0,0.0,359883115.0
2025-08-01 01:08:14 PM,30885.0,55,1698675.0,361581790.0
2025-08-01 01:08:16 PM,30915.0,0,0.0,361581790.0
2025-08-01 01:08:18 PM,30960.0,0,0.0,361581790.0
2025-08-01 01:08:19 PM,30960.0,172,5325120.0,366906910.0
2025-08-01 01:08:20 PM,30940.0,0,0.0,366906910.0
2025-08-01 01:08:21 PM,30925.0,83,2566775.0,369473685.0
2025-08-01 01:08:22 PM,30920.0,0,0.0,369473685.0
2025-08-01 01:08:25 PM,30920.0,1,30920.0,369504605.0
2025-08-01 01:08:34 PM,30950.0,0,0.0,369504605.0
2025-08-01 01:08:34 PM,30990.0,107,3315930.0,372820535.0
2025-08-01 01:08:36 PM,30960.0,0,0.0,372820535.0
2025-08-01 01:08:36 PM,30960.0,26,804960.0,373625495.0
2025-08-01 01:08:38 PM,30990.0,0,0.0,373625495.0
2025-08-01 01:08:38 PM,30950.0,0,0.0,373625495.0
2025-08-01 01:08:39 PM,30950.0,54,1671300.0,375296795.0
2025-08-01 01:08:41 PM,30945.0,1,30945.0,375327740.0
2025-08-01 01:08:42 PM,30925.0,0,0.0,375327740.0
2025-08-01 01:08:44 PM,30925.0,3,92775.0,375420515.0
2025-08-01 01:08:51 PM,30925.0,9,278325.0,375698840.0
2025-08-01 01:08:55 PM,31030.0,112,3475360.0,379174200.0
2025-08-01 01:08:56 PM,30985.0,0,0.0,379174200.0
2025-08-01 01:08:57 PM,30970.0,0,0.0,379174200.0
2025-08-01 01:08:58 PM,30950.0,14,433300.0,379607500.0
2025-08-01 01:09:00 PM,30970.0,0,0.0,379607500.0
2025-08-01 01:09:00 PM,30970.0,1,30970.0,379638470.0
2025-08-01 01:09:03 PM,30985.0,0,0.0,379638470.0
2025-08-01 01:09:03 PM,30985.0,10,309850.0,379948320.0
2025-08-01 01:09:04 PM,30975.0,0,0.0,379948320.0
2025-08-01 01:09:04 PM,30975.0,1,30975.0,379979295.0
2025-08-01 01:09:06 PM,30985.0,0,0.0,379979295.0
2025-08-01 01:09:06 PM,30985.0,1,30985.0,380010280.0
2025-08-01 01:09:08 PM,30995.0,10,309950.0,380320230.0
2025-08-01 01:09:09 PM,31015.0,0,0.0,380320230.0
2025-08-01 01:09:09 PM,30995.0,84,2603580.0,382923810.0
2025-08-01 01:09:10 PM,31000.0,3,93000.0,383016810.0
2025-08-01 01:09:11 PM,30985.0,0,0.0,383016810.0
2025-08-01 01:09:12 PM,30985.0,2,61970.0,383078780.0
2025-08-01 01:09:14 PM,30975.0,0,0.0,383078780.0
2025-08-01 01:09:14 PM,31020.0,36,1116720.0,384195500.0
2025-08-01 01:09:15 PM,30995.0,0,0.0,384195500.0
2025-08-01 01:09:16 PM,30995.0,1,30995.0,384226495.0
2025-08-01 01:09:18 PM,31005.0,0,0.0,384226495.0
2025-08-01 01:09:19 PM,31005.0,1,31005.0,384257500.0
2025-08-01 01:09:24 PM,31030.0,0,0.0,384257500.0
2025-08-01 01:09:25 PM,31030.0,57,1768710.0,386026210.0
2025-08-01 01:09:25 PM,31020.0,0,0.0,386026210.0
2025-08-01 01:09:26 PM,31020.0,1,31020.0,386057230.0
2025-08-01 01:09:26 PM,31015.0,0,0.0,386057230.0
2025-08-01 01:09:27 PM,31015.0,1,31015.0,386088245.0
2025-08-01 01:09:30 PM,31030.0,2,62060.0,386150305.0
2025-08-01 01:09:32 PM,31010.0,0,0.0,386150305.0
2025-08-01 01:09:33 PM,31010.0,34,1054340.0,387204645.0
2025-08-01 01:09:36 PM,31000.0,0,0.0,387204645.0
2025-08-01 01:09:36 PM,31000.0,1,31000.0,387235645.0
2025-08-01 01:09:38 PM,31000.0,34,1054000.0,388289645.0
2025-08-01 01:09:48 PM,31000.0,1,31000.0,388320645.0
2025-08-01 01:09:49 PM,31000.0,2,62000.0,388382645.0
2025-08-01 01:09:58 PM,31000.0,10,310000.0,388692645.0
2025-08-01 01:09:59 PM,31000.0,1,31000.0,388723645.0
2025-08-01 01:10:03 PM,31000.0,31,961000.0,389684645.0
2025-08-01 01:10:05 PM,30980.0,0,0.0,389684645.0
2025-08-01 01:10:05 PM,30980.0,5,154900.0,389839545.0
2025-08-01 01:10:07 PM,30975.0,0,0.0,389839545.0
2025-08-01 01:10:07 PM,30975.0,7,216825.0,390056370.0
2025-08-01 01:10:09 PM,30970.0,0,0.0,390056370.0
2025-08-01 01:10:09 PM,30970.0,2,61940.0,390118310.0
2025-08-01 01:10:10 PM,31000.0,0,0.0,390118310.0
2025-08-01 01:10:10 PM,31000.0,34,1054000.0,391172310.0
2025-08-01 01:10:11 PM,30975.0,0,0.0,391172310.0
2025-08-01 01:10:11 PM,30975.0,1,30975.0,391203285.0
2025-08-01 01:10:13 PM,30985.0,5,154925.0,391358210.0
2025-08-01 01:10:15 PM,30990.0,4,123960.0,391482170.0
2025-08-01 01:10:17 PM,30985.0,0,0.0,391482170.0
2025-08-01 01:10:17 PM,30985.0,2,61970.0,391544140.0
2025-08-01 01:10:39 PM,30965.0,0,0.0,391544140.0
2025-08-01 01:10:39 PM,30965.0,7,216755.0,391760895.0
2025-08-01 01:10:41 PM,30950.0,0,0.0,391760895.0
2025-08-01 01:10:42 PM,30950.0,35,1083250.0,392844145.0
2025-08-01 01:10:45 PM,30965.0,0,0.0,392844145.0
2025-08-01 01:10:46 PM,30965.0,1,30965.0,392875110.0
2025-08-01 01:11:04 PM,30930.0,35,1082550.0,393957660.0
2025-08-01 01:11:07 PM,30960.0,0,0.0,393957660.0
2025-08-01 01:11:08 PM,30960.0,25,774000.0,394731660.0
2025-08-01 01:11:11 PM,30960.0,1,30960.0,394762620.0
2025-08-01 01:11:12 PM,30965.0,0,0.0,394762620.0
2025-08-01 01:11:12 PM,30965.0,5,154825.0,394917445.0
2025-08-01 01:11:13 PM,30945.0,0,0.0,394917445.0
2025-08-01 01:11:13 PM,30945.0,1,30945.0,394948390.0
2025-08-01 01:11:16 PM,30965.0,0,0.0,394948390.0
2025-08-01 01:11:16 PM,30965.0,2,61930.0,395010320.0
2025-08-01 01:11:18 PM,30970.0,0,0.0,395010320.0
2025-08-01 01:11:18 PM,30970.0,1,30970.0,395041290.0
2025-08-01 01:11:19 PM,30970.0,2,61940.0,395103230.0
2025-08-01 01:11:21 PM,30995.0,0,0.0,395103230.0
2025-08-01 01:11:21 PM,30995.0,20,619900.0,395723130.0
2025-08-01 01:11:27 PM,30975.0,5,154875.0,395878005.0
2025-08-01 01:11:41 PM,30975.0,6,185850.0,396063855.0
2025-08-01 01:12:12 PM,30930.0,147,4546710.0,400610565.0
2025-08-01 01:12:15 PM,30920.0,0,0.0,400610565.0
2025-08-01 01:12:15 PM,30920.0,3,92760.0,400703325.0
2025-08-01 01:12:16 PM,30905.0,0,0.0,400703325.0
2025-08-01 01:12:16 PM,30905.0,5,154525.0,400857850.0
2025-08-01 01:12:18 PM,30900.0,0,0.0,400857850.0
2025-08-01 01:12:18 PM,30900.0,1,30900.0,400888750.0
2025-08-01 01:12:28 PM,30895.0,0,0.0,400888750.0
2025-08-01 01:12:28 PM,30895.0,1,30895.0,400919645.0
2025-08-01 01:12:44 PM,30900.0,35,1081500.0,402001145.0
2025-08-01 01:13:02 PM,30900.0,25,772500.0,402773645.0
2025-08-01 01:13:05 PM,30900.0,1,30900.0,402804545.0
2025-08-01 01:13:18 PM,30900.0,1,30900.0,402835445.0
2025-08-01 01:13:32 PM,30900.0,18,556200.0,403391645.0
2025-08-01 01:13:33 PM,30920.0,0,0.0,403391645.0
2025-08-01 01:13:36 PM,30920.0,5,154600.0,403546245.0
2025-08-01 01:13:46 PM,30900.0,17,525300.0,404071545.0
2025-08-01 01:13:48 PM,30895.0,1,30895.0,404102440.0
2025-08-01 01:13:51 PM,30895.0,1,30895.0,404133335.0
2025-08-01 01:13:58 PM,30900.0,0,0.0,404133335.0
2025-08-01 01:13:59 PM,30900.0,2,61800.0,404195135.0
2025-08-01 01:14:12 PM,30860.0,0,0.0,404195135.0
2025-08-01 01:14:12 PM,30860.0,81,2499660.0,406694795.0
2025-08-01 01:14:14 PM,30870.0,68,2099160.0,408793955.0
2025-08-01 01:14:22 PM,30900.0,0,0.0,408793955.0
2025-08-01 01:14:22 PM,30900.0,25,772500.0,409566455.0
2025-08-01 01:14:30 PM,30845.0,0,0.0,409566455.0
2025-08-01 01:14:32 PM,30845.0,99,3053655.0,412620110.0
2025-08-01 01:14:42 PM,30855.0,0,0.0,412620110.0
2025-08-01 01:14:42 PM,30855.0,2,61710.0,412681820.0
2025-08-01 01:14:44 PM,30875.0,0,0.0,412681820.0
2025-08-01 01:14:45 PM,30875.0,1,30875.0,412712695.0
2025-08-01 01:14:58 PM,30875.0,1,30875.0,412743570.0
2025-08-01 01:15:02 PM,30885.0,0,0.0,412743570.0
2025-08-01 01:15:03 PM,30885.0,28,864780.0,413608350.0
2025-08-01 01:15:08 PM,30840.0,0,0.0,413608350.0
2025-08-01 01:15:08 PM,30840.0,143,4410120.0,418018470.0
2025-08-01 01:15:12 PM,30865.0,0,0.0,418018470.0
2025-08-01 01:15:13 PM,30865.0,3,92595.0,418111065.0
2025-08-01 01:15:22 PM,30840.0,0,0.0,418111065.0
2025-08-01 01:15:23 PM,30840.0,1,30840.0,418141905.0
2025-08-01 01:15:28 PM,30840.0,1,30840.0,418172745.0
2025-08-01 01:15:30 PM,30845.0,0,0.0,418172745.0
2025-08-01 01:15:30 PM,30870.0,0,0.0,418172745.0
2025-08-01 01:15:31 PM,30870.0,148,4568760.0,422741505.0
2025-08-01 01:15:40 PM,30855.0,0,0.0,422741505.0
2025-08-01 01:15:41 PM,30855.0,1,30855.0,422772360.0
2025-08-01 01:15:56 PM,30860.0,0,0.0,422772360.0
2025-08-01 01:15:56 PM,30860.0,6,185160.0,422957520.0
2025-08-01 01:16:01 PM,30860.0,1,30860.0,422988380.0
2025-08-01 01:16:06 PM,30835.0,107,3299345.0,426287725.0
2025-08-01 01:16:20 PM,30855.0,0,0.0,426287725.0
2025-08-01 01:16:21 PM,30835.0,101,3114335.0,429402060.0
2025-08-01 01:16:33 PM,30845.0,41,1264645.0,430666705.0
2025-08-01 01:16:34 PM,30860.0,0,0.0,430666705.0
2025-08-01 01:16:36 PM,30860.0,48,1481280.0,432147985.0
2025-08-01 01:16:48 PM,30855.0,0,0.0,432147985.0
2025-08-01 01:16:48 PM,30865.0,36,1111140.0,433259125.0
2025-08-01 01:16:53 PM,30850.0,1,30850.0,433289975.0
2025-08-01 01:16:58 PM,30880.0,0,0.0,433289975.0
2025-08-01 01:16:58 PM,30880.0,9,277920.0,433567895.0
2025-08-01 01:17:03 PM,30870.0,15,463050.0,434030945.0
2025-08-01 01:17:08 PM,30870.0,1,30870.0,434061815.0
2025-08-01 01:17:26 PM,30870.0,1,30870.0,434092685.0
2025-08-01 01:17:28 PM,30870.0,15,463050.0,434555735.0
2025-08-01 01:17:31 PM,30870.0,10,308700.0,434864435.0
2025-08-01 01:17:40 PM,30875.0,14,432250.0,435296685.0
2025-08-01 01:17:42 PM,30880.0,0,0.0,435296685.0
2025-08-01 01:17:42 PM,30885.0,0,0.0,435296685.0
2025-08-01 01:17:43 PM,30885.0,54,1667790.0,436964475.0
2025-08-01 01:17:44 PM,30900.0,0,0.0,436964475.0
2025-08-01 01:17:45 PM,30900.0,10,309000.0,437273475.0
2025-08-01 01:17:53 PM,30885.0,2,61770.0,437335245.0
2025-08-01 01:17:54 PM,30885.0,4,123540.0,437458785.0
2025-08-01 01:17:56 PM,30855.0,0,0.0,437458785.0
2025-08-01 01:17:58 PM,30855.0,25,771375.0,438230160.0
2025-08-01 01:18:06 PM,30865.0,0,0.0,438230160.0
2025-08-01 01:18:08 PM,30865.0,10,308650.0,438538810.0
2025-08-01 01:18:14 PM,30855.0,1,30855.0,438569665.0
2025-08-01 01:18:24 PM,30875.0,0,0.0,438569665.0
2025-08-01 01:18:24 PM,30875.0,5,154375.0,438724040.0
2025-08-01 01:18:26 PM,30860.0,0,0.0,438724040.0
2025-08-01 01:18:28 PM,30860.0,1,30860.0,438754900.0
2025-08-01 01:18:30 PM,30840.0,0,0.0,438754900.0
2025-08-01 01:18:33 PM,30840.0,3,92520.0,438847420.0
2025-08-01 01:18:34 PM,30860.0,0,0.0,438847420.0
2025-08-01 01:18:36 PM,30840.0,0,0.0,438847420.0
2025-08-01 01:18:38 PM,30840.0,16,493440.0,439340860.0
2025-08-01 01:18:39 PM,30860.0,5,154300.0,439495160.0
2025-08-01 01:18:42 PM,30885.0,0,0.0,439495160.0
2025-08-01 01:18:43 PM,30875.0,28,864500.0,440359660.0
2025-08-01 01:18:56 PM,30850.0,0,0.0,440359660.0
2025-08-01 01:18:58 PM,30850.0,26,802100.0,441161760.0
2025-08-01 01:19:30 PM,30865.0,0,0.0,441161760.0
2025-08-01 01:19:33 PM,30865.0,1,30865.0,441192625.0
2025-08-01 01:19:58 PM,30850.0,0,0.0,441192625.0
2025-08-01 01:19:58 PM,30850.0,1,30850.0,441223475.0
2025-08-01 01:20:10 PM,30820.0,0,0.0,441223475.0
2025-08-01 01:20:12 PM,30820.0,100,3082000.0,444305475.0
2025-08-01 01:20:16 PM,30855.0,0,0.0,444305475.0
2025-08-01 01:20:18 PM,30855.0,1,30855.0,444336330.0
2025-08-01 01:20:22 PM,30850.0,0,0.0,444336330.0
2025-08-01 01:20:23 PM,30850.0,9,277650.0,444613980.0
2025-08-01 01:20:37 PM,30850.0,1,30850.0,444644830.0
2025-08-01 01:21:04 PM,30825.0,0,0.0,444644830.0
2025-08-01 01:21:06 PM,30815.0,0,0.0,444644830.0
2025-08-01 01:21:07 PM,30815.0,30,924450.0,445569280.0
2025-08-01 01:21:17 PM,30800.0,11,338800.0,445908080.0
2025-08-01 01:21:23 PM,30800.0,11,338800.0,446246880.0
2025-08-01 01:21:28 PM,30800.0,3,92400.0,446339280.0
2025-08-01 01:21:32 PM,30800.0,1,30800.0,446370080.0
2025-08-01 01:21:52 PM,30815.0,1,30815.0,446400895.0
2025-08-01 01:21:54 PM,30855.0,0,0.0,446400895.0
2025-08-01 01:21:54 PM,30830.0,0,0.0,446400895.0
2025-08-01 01:21:56 PM,30830.0,74,2281420.0,448682315.0
2025-08-01 01:22:02 PM,30860.0,0,0.0,448682315.0
2025-08-01 01:22:02 PM,30860.0,10,308600.0,448990915.0
2025-08-01 01:22:13 PM,30860.0,3,92580.0,449083495.0
2025-08-01 01:22:13 PM,30815.0,150,4622250.0,453705745.0
2025-08-01 01:22:14 PM,30825.0,2,61650.0,453767395.0
2025-08-01 01:22:20 PM,30830.0,3,92490.0,453859885.0
2025-08-01 01:22:25 PM,30830.0,3,92490.0,453952375.0
2025-08-01 01:22:26 PM,30830.0,1,30830.0,453983205.0
2025-08-01 01:22:32 PM,30800.0,0,0.0,453983205.0
2025-08-01 01:22:32 PM,30800.0,33,1016400.0,454999605.0
2025-08-01 01:23:05 PM,30800.0,1,30800.0,455030405.0
2025-08-01 01:23:19 PM,30800.0,47,1447600.0,456478005.0
2025-08-01 01:24:14 PM,30815.0,0,0.0,456478005.0
2025-08-01 01:24:17 PM,30815.0,2,61630.0,456539635.0
2025-08-01 01:24:18 PM,30820.0,0,0.0,456539635.0
2025-08-01 01:24:22 PM,30820.0,1,30820.0,456570455.0
2025-08-01 01:24:24 PM,30800.0,0,0.0,456570455.0
2025-08-01 01:24:26 PM,30840.0,0,0.0,456570455.0
2025-08-01 01:24:27 PM,30840.0,194,5982960.0,462553415.0
2025-08-01 01:24:34 PM,30820.0,0,0.0,462553415.0
2025-08-01 01:24:36 PM,30820.0,50,1541000.0,464094415.0
2025-08-01 01:24:46 PM,30820.0,151,4653820.0,468748235.0
2025-08-01 01:25:02 PM,30835.0,0,0.0,468748235.0
2025-08-01 01:25:03 PM,30835.0,1,30835.0,468779070.0
2025-08-01 01:25:03 PM,30820.0,0,0.0,468779070.0
2025-08-01 01:25:04 PM,30820.0,10,308200.0,469087270.0
2025-08-01 01:25:23 PM,30800.0,51,1570800.0,470658070.0
2025-08-01 01:25:24 PM,30800.0,2,61600.0,470719670.0
2025-08-01 01:25:24 PM,30800.0,18,554400.0,471274070.0
2025-08-01 01:25:27 PM,30880.0,180,5558400.0,476832470.0
2025-08-01 01:25:27 PM,30885.0,0,0.0,476832470.0
2025-08-01 01:25:28 PM,30835.0,0,0.0,476832470.0
2025-08-01 01:25:28 PM,30835.0,32,986720.0,477819190.0
2025-08-01 01:25:44 PM,30815.0,0,0.0,477819190.0
2025-08-01 01:25:45 PM,30815.0,5,154075.0,477973265.0
2025-08-01 01:25:47 PM,30815.0,3,92445.0,478065710.0
2025-08-01 01:26:07 PM,30825.0,0,0.0,478065710.0
2025-08-01 01:26:10 PM,30825.0,1,30825.0,478096535.0
2025-08-01 01:26:11 PM,30840.0,0,0.0,478096535.0
2025-08-01 01:26:15 PM,30840.0,1,30840.0,478127375.0
2025-08-01 01:26:17 PM,30850.0,0,0.0,478127375.0
2025-08-01 01:26:20 PM,30850.0,2,61700.0,478189075.0
2025-08-01 01:26:30 PM,30850.0,3,92550.0,478281625.0
2025-08-01 01:26:37 PM,30860.0,0,0.0,478281625.0
2025-08-01 01:26:39 PM,30860.0,1,30860.0,478312485.0
2025-08-01 01:27:07 PM,30890.0,0,0.0,478312485.0
2025-08-01 01:27:09 PM,30890.0,49,1513610.0,479826095.0
2025-08-01 01:27:13 PM,30875.0,0,0.0,479826095.0
2025-08-01 01:27:14 PM,30875.0,4,123500.0,479949595.0
2025-08-01 01:27:28 PM,30875.0,1,30875.0,479980470.0
2025-08-01 01:27:33 PM,30865.0,0,0.0,479980470.0
2025-08-01 01:27:33 PM,30865.0,13,401245.0,480381715.0
2025-08-01 01:27:37 PM,30785.0,0,0.0,480381715.0
2025-08-01 01:27:38 PM,30785.0,427,13145195.0,493526910.0
2025-08-01 01:27:39 PM,30810.0,0,0.0,493526910.0
2025-08-01 01:27:43 PM,30810.0,2,61620.0,493588530.0
2025-08-01 01:27:56 PM,30800.0,0,0.0,493588530.0
2025-08-01 01:27:58 PM,30800.0,18,554400.0,494142930.0
2025-08-01 01:28:03 PM,30800.0,1,30800.0,494173730.0
2025-08-01 01:28:11 PM,30800.0,31,954800.0,495128530.0
2025-08-01 01:28:12 PM,30810.0,0,0.0,495128530.0
2025-08-01 01:28:13 PM,30810.0,4,123240.0,495251770.0
2025-08-01 01:28:17 PM,30805.0,1,30805.0,495282575.0
2025-08-01 01:28:23 PM,30810.0,0,0.0,495282575.0
2025-08-01 01:28:23 PM,30810.0,10,308100.0,495590675.0
2025-08-01 01:28:24 PM,30800.0,0,0.0,495590675.0
2025-08-01 01:28:24 PM,30800.0,21,646800.0,496237475.0
2025-08-01 01:28:43 PM,30795.0,0,0.0,496237475.0
2025-08-01 01:28:43 PM,30795.0,41,1262595.0,497500070.0
2025-08-01 01:28:48 PM,30805.0,0,0.0,497500070.0
2025-08-01 01:28:48 PM,30805.0,354,10904970.0,508405040.0
2025-08-01 01:28:53 PM,30810.0,25,770250.0,509175290.0
2025-08-01 01:28:56 PM,30800.0,103,3172400.0,512347690.0
2025-08-01 01:28:57 PM,30790.0,1,30790.0,512378480.0
2025-08-01 01:29:01 PM,30790.0,24,738960.0,513117440.0
2025-08-01 01:29:10 PM,30770.0,1,30770.0,513148210.0
2025-08-01 01:29:21 PM,30775.0,0,0.0,513148210.0
2025-08-01 01:29:22 PM,30775.0,1,30775.0,513178985.0
2025-08-01 01:29:29 PM,30775.0,49,1507975.0,514686960.0
2025-08-01 01:29:29 PM,30780.0,0,0.0,514686960.0
2025-08-01 01:29:29 PM,30780.0,2,61560.0,514748520.0
2025-08-01 01:29:30 PM,30775.0,0,0.0,514748520.0
2025-08-01 01:29:31 PM,30775.0,11,338525.0,515087045.0
2025-08-01 01:29:48 PM,30775.0,1,30775.0,515117820.0
2025-08-01 01:29:53 PM,30775.0,4,123100.0,515240920.0
2025-08-01 01:29:56 PM,30775.0,1,30775.0,515271695.0
2025-08-01 01:29:57 PM,30785.0,0,0.0,515271695.0
2025-08-01 01:29:58 PM,30785.0,52,1600820.0,516872515.0
2025-08-01 01:29:58 PM,30795.0,50,1539750.0,518412265.0
2025-08-01 01:30:16 PM,30800.0,0,0.0,518412265.0
2025-08-01 01:30:16 PM,30800.0,25,770000.0,519182265.0
2025-08-01 01:30:17 PM,30805.0,0,0.0,519182265.0
2025-08-01 01:30:17 PM,30805.0,2,61610.0,519243875.0
2025-08-01 01:30:17 PM,30795.0,0,0.0,519243875.0
2025-08-01 01:30:17 PM,30795.0,35,1077825.0,520321700.0
2025-08-01 01:30:22 PM,30780.0,0,0.0,520321700.0
2025-08-01 01:30:23 PM,30780.0,25,769500.0,521091200.0
2025-08-01 01:30:24 PM,30780.0,2,61560.0,521152760.0
2025-08-01 01:30:35 PM,30790.0,1,30790.0,521183550.0
2025-08-01 01:30:41 PM,30755.0,0,0.0,521183550.0
2025-08-01 01:30:41 PM,30755.0,1,30755.0,521214305.0
2025-08-01 01:30:48 PM,30750.0,12,369000.0,521583305.0
2025-08-01 01:30:53 PM,30735.0,0,0.0,521583305.0
2025-08-01 01:30:53 PM,30735.0,5,153675.0,521736980.0
2025-08-01 01:31:01 PM,30750.0,1,30750.0,521767730.0
2025-08-01 01:31:03 PM,30750.0,10,307500.0,522075230.0
2025-08-01 01:31:23 PM,30750.0,1,30750.0,522105980.0
2025-08-01 01:31:31 PM,30735.0,0,0.0,522105980.0
2025-08-01 01:31:31 PM,30735.0,126,3872610.0,525978590.0
2025-08-01 01:31:34 PM,30715.0,0,0.0,525978590.0
2025-08-01 01:31:34 PM,30715.0,1,30715.0,526009305.0
2025-08-01 01:31:38 PM,30715.0,2,61430.0,526070735.0
2025-08-01 01:31:40 PM,30700.0,0,0.0,526070735.0
2025-08-01 01:31:40 PM,30700.0,66,2026200.0,528096935.0
2025-08-01 01:31:42 PM,30750.0,93,2859750.0,530956685.0
2025-08-01 01:31:48 PM,30745.0,0,0.0,530956685.0
2025-08-01 01:31:48 PM,30745.0,1,30745.0,530987430.0
2025-08-01 01:32:00 PM,30740.0,0,0.0,530987430.0
2025-08-01 01:32:01 PM,30740.0,13,399620.0,531387050.0
2025-08-01 01:32:11 PM,30740.0,1,30740.0,531417790.0
2025-08-01 01:32:14 PM,30720.0,0,0.0,531417790.0
2025-08-01 01:32:16 PM,30720.0,1,30720.0,531448510.0
2025-08-01 01:32:25 PM,30730.0,0,0.0,531448510.0
2025-08-01 01:32:26 PM,30730.0,104,3195920.0,534644430.0
2025-08-01 01:32:34 PM,30735.0,0,0.0,534644430.0
2025-08-01 01:32:35 PM,30735.0,53,1628955.0,536273385.0
2025-08-01 01:32:40 PM,30760.0,285,8766600.0,545039985.0
2025-08-01 01:32:46 PM,30750.0,0,0.0,545039985.0
2025-08-01 01:32:47 PM,30760.0,0,0.0,545039985.0
2025-08-01 01:32:50 PM,30785.0,30,923550.0,545963535.0
2025-08-01 01:32:56 PM,30800.0,20,616000.0,546579535.0
2025-08-01 01:32:56 PM,30790.0,0,0.0,546579535.0
2025-08-01 01:32:58 PM,30795.0,0,0.0,546579535.0
2025-08-01 01:33:00 PM,30800.0,81,2494800.0,549074335.0
2025-08-01 01:33:06 PM,30795.0,0,0.0,549074335.0
2025-08-01 01:33:10 PM,30795.0,2,61590.0,549135925.0
2025-08-01 01:33:10 PM,30780.0,0,0.0,549135925.0
2025-08-01 01:33:14 PM,30780.0,1,30780.0,549166705.0
2025-08-01 01:33:30 PM,30790.0,0,0.0,549166705.0
2025-08-01 01:33:34 PM,30790.0,25,769750.0,549936455.0
2025-08-01 01:33:40 PM,30760.0,0,0.0,549936455.0
2025-08-01 01:33:43 PM,30760.0,68,2091680.0,552028135.0
2025-08-01 01:33:46 PM,30770.0,0,0.0,552028135.0
2025-08-01 01:33:48 PM,30770.0,59,1815430.0,553843565.0
2025-08-01 01:34:32 PM,30790.0,3,92370.0,553935935.0
2025-08-01 01:35:18 PM,30765.0,0,0.0,553935935.0
2025-08-01 01:35:19 PM,30765.0,1,30765.0,553966700.0
2025-08-01 01:35:20 PM,30780.0,1,30780.0,553997480.0
2025-08-01 01:35:34 PM,30780.0,1,30780.0,554028260.0
2025-08-01 01:36:16 PM,30775.0,0,0.0,554028260.0
2025-08-01 01:36:17 PM,30775.0,1,30775.0,554059035.0
2025-08-01 01:36:22 PM,30775.0,4,123100.0,554182135.0
2025-08-01 01:36:27 PM,30775.0,1,30775.0,554212910.0
2025-08-01 01:36:50 PM,30755.0,0,0.0,554212910.0
2025-08-01 01:36:51 PM,30755.0,1,30755.0,554243665.0
2025-08-01 01:37:12 PM,30770.0,0,0.0,554243665.0
2025-08-01 01:37:16 PM,30770.0,1,30770.0,554274435.0
2025-08-01 01:37:26 PM,30770.0,1,30770.0,554305205.0
2025-08-01 01:38:00 PM,30770.0,1,30770.0,554335975.0
2025-08-01 01:38:04 PM,30755.0,0,0.0,554335975.0
2025-08-01 01:38:05 PM,30755.0,5,153775.0,554489750.0
2025-08-01 01:38:22 PM,30750.0,1,30750.0,554520500.0
2025-08-01 01:38:30 PM,30735.0,0,0.0,554520500.0
2025-08-01 01:38:33 PM,30735.0,14,430290.0,554950790.0
2025-08-01 01:38:48 PM,30745.0,0,0.0,554950790.0
2025-08-01 01:38:49 PM,30745.0,1,30745.0,554981535.0
2025-08-01 01:39:21 PM,30745.0,1,30745.0,555012280.0
2025-08-01 01:39:26 PM,30745.0,3,92235.0,555104515.0
2025-08-01 01:39:32 PM,30805.0,0,0.0,555104515.0
2025-08-01 01:39:32 PM,30770.0,194,5969380.0,561073895.0
2025-08-01 01:39:34 PM,30780.0,0,0.0,561073895.0
2025-08-01 01:39:37 PM,30780.0,1,30780.0,561104675.0
2025-08-01 01:39:54 PM,30760.0,0,0.0,561104675.0
2025-08-01 01:39:57 PM,30760.0,6,184560.0,561289235.0
2025-08-01 01:40:22 PM,30780.0,0,0.0,561289235.0
2025-08-01 01:40:23 PM,30780.0,1,30780.0,561320015.0
2025-08-01 01:41:06 PM,30770.0,0,0.0,561320015.0
2025-08-01 01:41:07 PM,30770.0,2,61540.0,561381555.0
2025-08-01 01:41:12 PM,30775.0,0,0.0,561381555.0
2025-08-01 01:41:13 PM,30775.0,1,30775.0,561412330.0
2025-08-01 01:41:14 PM,30755.0,0,0.0,561412330.0
2025-08-01 01:41:14 PM,30755.0,1,30755.0,561443085.0
2025-08-01 01:41:27 PM,30755.0,1,30755.0,561473840.0
2025-08-01 01:41:40 PM,30740.0,0,0.0,561473840.0
2025-08-01 01:41:41 PM,30740.0,1,30740.0,561504580.0
2025-08-01 01:41:58 PM,30760.0,0,0.0,561504580.0
2025-08-01 01:42:01 PM,30760.0,2,61520.0,561566100.0
2025-08-01 01:42:16 PM,30755.0,0,0.0,561566100.0
2025-08-01 01:42:16 PM,30755.0,4,123020.0,561689120.0
2025-08-01 01:42:45 PM,30770.0,2,61540.0,561750660.0
2025-08-01 01:42:45 PM,30775.0,1,30775.0,561781435.0
2025-08-01 01:42:58 PM,30760.0,0,0.0,561781435.0
2025-08-01 01:43:00 PM,30760.0,1,30760.0,561812195.0
2025-08-01 01:43:04 PM,30775.0,0,0.0,561812195.0
2025-08-01 01:43:05 PM,30775.0,1,30775.0,561842970.0
2025-08-01 01:43:34 PM,30780.0,0,0.0,561842970.0
2025-08-01 01:43:35 PM,30780.0,1,30780.0,561873750.0
2025-08-01 01:44:25 PM,30780.0,1,30780.0,561904530.0
2025-08-01 01:44:30 PM,30775.0,0,0.0,561904530.0
2025-08-01 01:44:30 PM,30775.0,1,30775.0,561935305.0
2025-08-01 01:44:45 PM,30780.0,1,30780.0,561966085.0
2025-08-01 01:44:48 PM,30770.0,0,0.0,561966085.0
2025-08-01 01:44:50 PM,30770.0,10,307700.0,562273785.0
2025-08-01 01:44:56 PM,30780.0,0,0.0,562273785.0
2025-08-01 01:45:00 PM,30780.0,1,30780.0,562304565.0
2025-08-01 01:45:09 PM,30780.0,1,30780.0,562335345.0
2025-08-01 01:45:56 PM,30785.0,0,0.0,562335345.0
2025-08-01 01:45:59 PM,30785.0,1,30785.0,562366130.0
2025-08-01 01:46:02 PM,30780.0,0,0.0,562366130.0
2025-08-01 01:46:04 PM,30780.0,1,30780.0,562396910.0
2025-08-01 01:46:14 PM,30765.0,0,0.0,562396910.0
2025-08-01 01:46:14 PM,30765.0,7,215355.0,562612265.0
2025-08-01 01:46:44 PM,30785.0,0,0.0,562612265.0
2025-08-01 01:46:45 PM,30785.0,1,30785.0,562643050.0
2025-08-01 01:46:48 PM,30700.0,0,0.0,562643050.0
2025-08-01 01:46:48 PM,30695.0,0,0.0,562643050.0
2025-08-01 01:46:49 PM,30695.0,1033,31707935.0,594350985.0
2025-08-01 01:46:50 PM,30700.0,0,0.0,594350985.0
2025-08-01 01:46:50 PM,30700.0,50,1535000.0,595885985.0
2025-08-01 01:46:54 PM,30700.0,1,30700.0,595916685.0
2025-08-01 01:47:08 PM,30685.0,0,0.0,595916685.0
2025-08-01 01:47:09 PM,30685.0,6,184110.0,596100795.0
2025-08-01 01:47:16 PM,30695.0,0,0.0,596100795.0
2025-08-01 01:47:19 PM,30695.0,20,613900.0,596714695.0
2025-08-01 01:47:34 PM,30690.0,0,0.0,596714695.0
2025-08-01 01:47:34 PM,30690.0,2,61380.0,596776075.0
2025-08-01 01:47:36 PM,30685.0,0,0.0,596776075.0
2025-08-01 01:47:39 PM,30685.0,25,767125.0,597543200.0
2025-08-01 01:47:44 PM,30685.0,10,306850.0,597850050.0
2025-08-01 01:47:59 PM,30685.0,10,306850.0,598156900.0
2025-08-01 01:48:05 PM,30680.0,0,0.0,598156900.0
2025-08-01 01:48:09 PM,30680.0,4,122720.0,598279620.0
2025-08-01 01:48:16 PM,30685.0,0,0.0,598279620.0
2025-08-01 01:48:19 PM,30685.0,10,306850.0,598586470.0
2025-08-01 01:48:20 PM,30680.0,1,30680.0,598617150.0
2025-08-01 01:48:28 PM,30660.0,0,0.0,598617150.0
2025-08-01 01:48:29 PM,30660.0,10,306600.0,598923750.0
2025-08-01 01:48:41 PM,30665.0,0,0.0,598923750.0
2025-08-01 01:48:44 PM,30665.0,2,61330.0,598985080.0
2025-08-01 01:48:50 PM,30655.0,0,0.0,598985080.0
2025-08-01 01:48:54 PM,30655.0,2,61310.0,599046390.0
2025-08-01 01:49:06 PM,30650.0,0,0.0,599046390.0
2025-08-01 01:49:08 PM,30665.0,37,1134605.0,600180995.0
2025-08-01 01:49:18 PM,30670.0,3,92010.0,600273005.0
2025-08-01 01:49:50 PM,30665.0,0,0.0,600273005.0
2025-08-01 01:49:51 PM,30665.0,1,30665.0,600303670.0
2025-08-01 01:49:56 PM,30670.0,1,30670.0,600334340.0
2025-08-01 01:50:21 PM,30670.0,2,61340.0,600395680.0
2025-08-01 01:50:26 PM,30675.0,3,92025.0,600487705.0
2025-08-01 01:50:35 PM,30675.0,1,30675.0,600518380.0
2025-08-01 01:50:38 PM,30665.0,0,0.0,600518380.0
2025-08-01 01:50:40 PM,30665.0,1,30665.0,600549045.0
2025-08-01 01:50:44 PM,30675.0,0,0.0,600549045.0
2025-08-01 01:50:45 PM,30675.0,1,30675.0,600579720.0
2025-08-01 01:51:25 PM,30675.0,1,30675.0,600610395.0
2025-08-01 01:51:32 PM,30680.0,0,0.0,600610395.0
2025-08-01 01:51:34 PM,30680.0,9,276120.0,600886515.0
2025-08-01 01:51:34 PM,30695.0,0,0.0,600886515.0
2025-08-01 01:51:35 PM,30695.0,17,521815.0,601408330.0
2025-08-01 01:52:10 PM,30665.0,0,0.0,601408330.0
2025-08-01 01:52:13 PM,30665.0,1,30665.0,601438995.0
2025-08-01 01:52:18 PM,30680.0,0,0.0,601438995.0
2025-08-01 01:52:19 PM,30680.0,1,30680.0,601469675.0
2025-08-01 01:52:27 PM,30680.0,3,92040.0,601561715.0
2025-08-01 01:52:33 PM,30685.0,1243,38141455.0,639703170.0
2025-08-01 01:52:53 PM,30685.0,10,306850.0,640010020.0
2025-08-01 01:53:02 PM,30685.0,1,30685.0,640040705.0
2025-08-01 01:53:06 PM,30690.0,0,0.0,640040705.0
2025-08-01 01:53:07 PM,30690.0,1,30690.0,640071395.0
2025-08-01 01:53:12 PM,30705.0,0,0.0,640071395.0
2025-08-01 01:53:16 PM,30705.0,14,429870.0,640501265.0
2025-08-01 01:53:42 PM,30685.0,0,0.0,640501265.0
2025-08-01 01:53:44 PM,30685.0,1,30685.0,640531950.0
2025-08-01 01:53:54 PM,30705.0,1,30705.0,640562655.0
2025-08-01 01:54:12 PM,30700.0,0,0.0,640562655.0
2025-08-01 01:54:13 PM,30700.0,1,30700.0,640593355.0
2025-08-01 01:54:19 PM,30700.0,1,30700.0,640624055.0
2025-08-01 01:54:32 PM,30695.0,0,0.0,640624055.0
2025-08-01 01:54:33 PM,30695.0,2,61390.0,640685445.0
2025-08-01 01:54:42 PM,30700.0,1,30700.0,640716145.0
2025-08-01 01:54:45 PM,30695.0,0,0.0,640716145.0
2025-08-01 01:54:45 PM,30695.0,1,30695.0,640746840.0
2025-08-01 01:55:14 PM,30665.0,0,0.0,640746840.0
2025-08-01 01:55:16 PM,30665.0,1,30665.0,640777505.0
2025-08-01 01:55:20 PM,30685.0,0,0.0,640777505.0
2025-08-01 01:55:21 PM,30685.0,2,61370.0,640838875.0
2025-08-01 01:55:30 PM,30690.0,0,0.0,640838875.0
2025-08-01 01:55:31 PM,30690.0,1,30690.0,640869565.0
2025-08-01 01:55:41 PM,30690.0,1,30690.0,640900255.0
2025-08-01 01:55:50 PM,30680.0,0,0.0,640900255.0
2025-08-01 01:55:51 PM,30680.0,2,61360.0,640961615.0
2025-08-01 01:55:52 PM,30690.0,0,0.0,640961615.0
2025-08-01 01:55:54 PM,30705.0,0,0.0,640961615.0
2025-08-01 01:55:56 PM,30705.0,40,1228200.0,642189815.0
2025-08-01 01:56:10 PM,30695.0,0,0.0,642189815.0
2025-08-01 01:56:11 PM,30695.0,1,30695.0,642220510.0
2025-08-01 01:56:20 PM,30695.0,1,30695.0,642251205.0
2025-08-01 01:56:45 PM,30690.0,1,30690.0,642281895.0
2025-08-01 01:57:05 PM,30695.0,1,30695.0,642312590.0
2025-08-01 01:57:10 PM,30695.0,1,30695.0,642343285.0
2025-08-01 01:57:24 PM,30680.0,0,0.0,642343285.0
2025-08-01 01:57:25 PM,30680.0,10,306800.0,642650085.0
2025-08-01 01:57:54 PM,30695.0,1,30695.0,642680780.0
2025-08-01 01:58:03 PM,30695.0,1,30695.0,642711475.0
2025-08-01 01:58:08 PM,30695.0,1,30695.0,642742170.0
2025-08-01 01:58:18 PM,30675.0,0,0.0,642742170.0
2025-08-01 01:58:18 PM,30675.0,1,30675.0,642772845.0
2025-08-01 01:58:40 PM,30685.0,0,0.0,642772845.0
2025-08-01 01:58:43 PM,30685.0,1,30685.0,642803530.0
2025-08-01 01:59:04 PM,30670.0,3,92010.0,642895540.0
2025-08-01 01:59:29 PM,30670.0,1,30670.0,642926210.0
2025-08-01 01:59:39 PM,30675.0,0,0.0,642926210.0
2025-08-01 01:59:40 PM,30675.0,34,1042950.0,643969160.0
2025-08-01 01:59:49 PM,30665.0,0,0.0,643969160.0
2025-08-01 01:59:50 PM,30665.0,1,30665.0,643999825.0
2025-08-01 01:59:55 PM,30680.0,0,0.0,643999825.0
2025-08-01 01:59:59 PM,30680.0,2,61360.0,644061185.0
2025-08-01 02:00:16 PM,30685.0,0,0.0,644061185.0
2025-08-01 02:00:20 PM,30685.0,1,30685.0,644091870.0
2025-08-01 02:01:04 PM,30680.0,0,0.0,644091870.0
2025-08-01 02:01:08 PM,30680.0,1,30680.0,644122550.0
2025-08-01 02:01:22 PM,30665.0,0,0.0,644122550.0
2025-08-01 02:01:23 PM,30665.0,1,30665.0,644153215.0
2025-08-01 02:01:25 PM,30680.0,0,0.0,644153215.0
2025-08-01 02:01:28 PM,30680.0,1,30680.0,644183895.0
2025-08-01 02:01:52 PM,30680.0,1,30680.0,644214575.0
2025-08-01 02:01:56 PM,30665.0,0,0.0,644214575.0
2025-08-01 02:01:57 PM,30665.0,1,30665.0,644245240.0
2025-08-01 02:02:04 PM,30660.0,0,0.0,644245240.0
2025-08-01 02:02:06 PM,30660.0,1,30660.0,644275900.0
2025-08-01 02:02:26 PM,30660.0,93,2851380.0,647127280.0
2025-08-01 02:02:30 PM,30660.0,9,275940.0,647403220.0
2025-08-01 02:02:32 PM,30690.0,0,0.0,647403220.0
2025-08-01 02:02:35 PM,30690.0,25,767250.0,648170470.0
2025-08-01 02:02:40 PM,30675.0,0,0.0,648170470.0
2025-08-01 02:02:41 PM,30675.0,1,30675.0,648201145.0
2025-08-01 02:02:54 PM,30665.0,0,0.0,648201145.0
2025-08-01 02:02:56 PM,30665.0,2,61330.0,648262475.0
2025-08-01 02:03:08 PM,30680.0,0,0.0,648262475.0
2025-08-01 02:03:11 PM,30680.0,2,61360.0,648323835.0
2025-08-01 02:03:28 PM,30675.0,0,0.0,648323835.0
2025-08-01 02:03:31 PM,30675.0,1,30675.0,648354510.0
2025-08-01 02:04:16 PM,30675.0,1,30675.0,648385185.0
2025-08-01 02:04:27 PM,30675.0,1,30675.0,648415860.0
2025-08-01 02:04:28 PM,30660.0,0,0.0,648415860.0
2025-08-01 02:04:32 PM,30660.0,1,30660.0,648446520.0
2025-08-01 02:04:45 PM,30675.0,0,0.0,648446520.0
2025-08-01 02:04:47 PM,30675.0,1,30675.0,648477195.0
2025-08-01 02:05:02 PM,30680.0,17,521560.0,648998755.0
2025-08-01 02:05:02 PM,30685.0,0,0.0,648998755.0
2025-08-01 02:05:03 PM,30685.0,1,30685.0,649029440.0
2025-08-01 02:05:04 PM,30695.0,0,0.0,649029440.0
2025-08-01 02:05:07 PM,30695.0,13,399035.0,649428475.0
2025-08-01 02:05:51 PM,30690.0,0,0.0,649428475.0
2025-08-01 02:05:52 PM,30690.0,1,30690.0,649459165.0
2025-08-01 02:05:57 PM,30675.0,0,0.0,649459165.0
2025-08-01 02:06:02 PM,30675.0,1,30675.0,649489840.0
2025-08-01 02:06:39 PM,30685.0,0,0.0,649489840.0
2025-08-01 02:06:43 PM,30685.0,1,30685.0,649520525.0
2025-08-01 02:06:59 PM,30680.0,2,61360.0,649581885.0
2025-08-01 02:07:29 PM,30680.0,1,30680.0,649612565.0
2025-08-01 02:07:31 PM,30665.0,0,0.0,649612565.0
2025-08-01 02:07:34 PM,30665.0,1,30665.0,649643230.0
2025-08-01 02:07:42 PM,30660.0,0,0.0,649643230.0
2025-08-01 02:07:45 PM,30660.0,3,91980.0,649735210.0
2025-08-01 02:08:04 PM,30670.0,0,0.0,649735210.0
2025-08-01 02:08:05 PM,30670.0,1,30670.0,649765880.0
2025-08-01 02:08:15 PM,30670.0,1,30670.0,649796550.0
2025-08-01 02:08:20 PM,30675.0,0,0.0,649796550.0
2025-08-01 02:08:20 PM,30675.0,50,1533750.0,651330300.0
2025-08-01 02:08:25 PM,30675.0,7,214725.0,651545025.0
2025-08-01 02:08:26 PM,30685.0,0,0.0,651545025.0
2025-08-01 02:08:30 PM,30685.0,18,552330.0,652097355.0
2025-08-01 02:08:34 PM,30680.0,0,0.0,652097355.0
2025-08-01 02:08:36 PM,30680.0,25,767000.0,652864355.0
2025-08-01 02:09:01 PM,30675.0,0,0.0,652864355.0
2025-08-01 02:09:02 PM,30675.0,12,368100.0,653232455.0
2025-08-01 02:09:07 PM,30695.0,22,675290.0,653907745.0
2025-08-01 02:09:07 PM,30665.0,12,367980.0,654275725.0
2025-08-01 02:09:36 PM,30660.0,0,0.0,654275725.0
2025-08-01 02:09:37 PM,30680.0,26,797680.0,655073405.0
2025-08-01 02:09:52 PM,30680.0,1,30680.0,655104085.0
2025-08-01 02:10:33 PM,30660.0,0,0.0,655104085.0
2025-08-01 02:10:37 PM,30680.0,2,61360.0,655165445.0
2025-08-01 02:11:13 PM,30730.0,0,0.0,655165445.0
2025-08-01 02:11:14 PM,30710.0,64,1965440.0,657130885.0
2025-08-01 02:11:25 PM,30715.0,0,0.0,657130885.0
2025-08-01 02:11:29 PM,30715.0,2,61430.0,657192315.0
2025-08-01 02:12:06 PM,30690.0,0,0.0,657192315.0
2025-08-01 02:12:06 PM,30690.0,1,30690.0,657223005.0
2025-08-01 02:12:13 PM,30710.0,0,0.0,657223005.0
2025-08-01 02:12:16 PM,30710.0,1,30710.0,657253715.0
2025-08-01 02:13:01 PM,30710.0,1,30710.0,657284425.0
2025-08-01 02:13:37 PM,30690.0,1,30690.0,657315115.0
2025-08-01 02:13:39 PM,30700.0,1,30700.0,657345815.0
2025-08-01 02:13:48 PM,30700.0,1,30700.0,657376515.0
2025-08-01 02:14:36 PM,30700.0,1,30700.0,657407215.0
2025-08-01 02:14:46 PM,30700.0,1,30700.0,657437915.0
2025-08-01 02:15:10 PM,30680.0,0,0.0,657437915.0
2025-08-01 02:15:12 PM,30680.0,1,30680.0,657468595.0
2025-08-01 02:15:24 PM,30695.0,0,0.0,657468595.0
2025-08-01 02:15:24 PM,30695.0,1,30695.0,657499290.0
2025-08-01 02:16:11 PM,30690.0,1,30690.0,657529980.0
2025-08-01 02:16:16 PM,30690.0,2,61380.0,657591360.0
2025-08-01 02:16:18 PM,30690.0,27,828630.0,658419990.0
2025-08-01 02:16:18 PM,30695.0,0,0.0,658419990.0
2025-08-01 02:16:20 PM,30715.0,0,0.0,658419990.0
2025-08-01 02:16:20 PM,30720.0,0,0.0,658419990.0
2025-08-01 02:16:21 PM,30715.0,93,2856495.0,661276485.0
2025-08-01 02:16:26 PM,30730.0,0,0.0,661276485.0
2025-08-01 02:16:26 PM,30730.0,1,30730.0,661307215.0
2025-08-01 02:16:37 PM,30745.0,25,768625.0,662075840.0
2025-08-01 02:16:38 PM,30750.0,0,0.0,662075840.0
2025-08-01 02:16:41 PM,30750.0,25,768750.0,662844590.0
2025-08-01 02:16:42 PM,30720.0,0,0.0,662844590.0
2025-08-01 02:16:43 PM,30720.0,1,30720.0,662875310.0
2025-08-01 02:17:00 PM,30740.0,0,0.0,662875310.0
2025-08-01 02:17:00 PM,30740.0,1,30740.0,662906050.0
2025-08-01 02:17:16 PM,30745.0,0,0.0,662906050.0
2025-08-01 02:17:16 PM,30745.0,2,61490.0,662967540.0
2025-08-01 02:17:47 PM,30740.0,1,30740.0,662998280.0
2025-08-01 02:18:14 PM,30730.0,0,0.0,662998280.0
2025-08-01 02:18:18 PM,30730.0,1,30730.0,663029010.0
2025-08-01 02:18:36 PM,30740.0,0,0.0,663029010.0
2025-08-01 02:18:38 PM,30740.0,1,30740.0,663059750.0
2025-08-01 02:19:16 PM,30730.0,0,0.0,663059750.0
2025-08-01 02:19:19 PM,30730.0,5,153650.0,663213400.0
2025-08-01 02:19:23 PM,30720.0,0,0.0,663213400.0
2025-08-01 02:19:24 PM,30720.0,5,153600.0,663367000.0
2025-08-01 02:19:45 PM,30715.0,1,30715.0,663397715.0
2025-08-01 02:20:06 PM,30710.0,11,337810.0,663735525.0
2025-08-01 02:20:27 PM,30710.0,12,368520.0,664104045.0
2025-08-01 02:20:38 PM,30705.0,0,0.0,664104045.0
2025-08-01 02:20:42 PM,30705.0,4,122820.0,664226865.0
2025-08-01 02:20:58 PM,30720.0,0,0.0,664226865.0
2025-08-01 02:21:01 PM,30720.0,1,30720.0,664257585.0
2025-08-01 02:21:18 PM,30705.0,1,30705.0,664288290.0
2025-08-01 02:21:20 PM,30685.0,0,0.0,664288290.0
2025-08-01 02:21:23 PM,30685.0,4,122740.0,664411030.0
2025-08-01 02:21:37 PM,30670.0,0,0.0,664411030.0
2025-08-01 02:21:38 PM,30690.0,0,0.0,664411030.0
2025-08-01 02:21:39 PM,30690.0,22,675180.0,665086210.0
2025-08-01 02:22:10 PM,30665.0,0,0.0,665086210.0
2025-08-01 02:22:11 PM,30665.0,6,183990.0,665270200.0
2025-08-01 02:22:27 PM,30675.0,30,920250.0,666190450.0
2025-08-01 02:22:48 PM,30675.0,9,276075.0,666466525.0
2025-08-01 02:22:53 PM,30675.0,1,30675.0,666497200.0
2025-08-01 02:23:23 PM,30680.0,0,0.0,666497200.0
2025-08-01 02:23:26 PM,30680.0,1,30680.0,666527880.0
2025-08-01 02:23:29 PM,30685.0,0,0.0,666527880.0
2025-08-01 02:23:30 PM,30710.0,0,0.0,666527880.0
2025-08-01 02:23:31 PM,30710.0,48,1474080.0,668001960.0
2025-08-01 02:24:09 PM,30695.0,0,0.0,668001960.0
2025-08-01 02:24:09 PM,30695.0,1,30695.0,668032655.0
2025-08-01 02:24:23 PM,30680.0,0,0.0,668032655.0
2025-08-01 02:24:24 PM,30680.0,1,30680.0,668063335.0
2025-08-01 02:24:57 PM,30695.0,0,0.0,668063335.0
2025-08-01 02:25:01 PM,30695.0,1,30695.0,668094030.0
2025-08-01 02:25:08 PM,30690.0,0,0.0,668094030.0
2025-08-01 02:25:12 PM,30690.0,17,521730.0,668615760.0
2025-08-01 02:25:44 PM,30695.0,1,30695.0,668646455.0
2025-08-01 02:25:54 PM,30690.0,0,0.0,668646455.0
2025-08-01 02:25:54 PM,30690.0,1,30690.0,668677145.0
2025-08-01 02:26:10 PM,30690.0,6,184140.0,668861285.0
2025-08-01 02:26:26 PM,30690.0,2,61380.0,668922665.0
2025-08-01 02:26:32 PM,30695.0,0,0.0,668922665.0
2025-08-01 02:26:36 PM,30695.0,1,30695.0,668953360.0
2025-08-01 02:26:56 PM,30690.0,0,0.0,668953360.0
2025-08-01 02:26:57 PM,30690.0,6,184140.0,669137500.0
2025-08-01 02:26:59 PM,30695.0,0,0.0,669137500.0
2025-08-01 02:27:03 PM,30695.0,2,61390.0,669198890.0
2025-08-01 02:27:09 PM,30695.0,1,30695.0,669229585.0
2025-08-01 02:27:20 PM,30695.0,1,30695.0,669260280.0
2025-08-01 02:27:26 PM,30690.0,0,0.0,669260280.0
2025-08-01 02:27:30 PM,30690.0,1,30690.0,669290970.0
2025-08-01 02:27:47 PM,30690.0,5,153450.0,669444420.0
2025-08-01 02:28:00 PM,30695.0,0,0.0,669444420.0
2025-08-01 02:28:03 PM,30695.0,2,61390.0,669505810.0
2025-08-01 02:28:04 PM,30690.0,0,0.0,669505810.0
2025-08-01 02:28:09 PM,30695.0,0,0.0,669505810.0
2025-08-01 02:28:09 PM,30695.0,2,61390.0,669567200.0
2025-08-01 02:28:19 PM,30690.0,0,0.0,669567200.0
2025-08-01 02:28:19 PM,30690.0,5,153450.0,669720650.0
2025-08-01 02:28:27 PM,30680.0,0,0.0,669720650.0
2025-08-01 02:28:30 PM,30680.0,40,1227200.0,670947850.0
2025-08-01 02:28:35 PM,30680.0,1,30680.0,670978530.0
2025-08-01 02:28:39 PM,30690.0,0,0.0,670978530.0
2025-08-01 02:28:41 PM,30690.0,1,30690.0,671009220.0
2025-08-01 02:28:57 PM,30680.0,0,0.0,671009220.0
2025-08-01 02:28:57 PM,30680.0,6,184080.0,671193300.0
2025-08-01 02:28:58 PM,30680.0,1,30680.0,671223980.0
2025-08-01 02:29:00 PM,30690.0,0,0.0,671223980.0
2025-08-01 02:29:03 PM,30695.0,0,0.0,671223980.0
2025-08-01 02:29:03 PM,30695.0,25,767375.0,671991355.0
2025-08-01 02:29:24 PM,30705.0,0,0.0,671991355.0
2025-08-01 02:29:26 PM,30705.0,69,2118645.0,674110000.0
2025-08-01 02:29:32 PM,30705.0,4,122820.0,674232820.0
2025-08-01 02:29:37 PM,30710.0,0,0.0,674232820.0
