date,price,qty,trnvr,cum_trnvr
2025-08-01 09:15:01 AM,3048.5,645,1966282.5,1966282.5
2025-08-01 09:15:03 AM,3045.0,5,15225.0,1981507.5
2025-08-01 09:15:11 AM,3025.0,0,0.0,1981507.5
2025-08-01 09:15:11 AM,3030.0,0,0.0,1981507.5
2025-08-01 09:15:13 AM,3034.9,1720,5220028.0,7201535.5
2025-08-01 09:15:15 AM,3026.9,3,9080.7,7210616.2
2025-08-01 09:15:20 AM,3034.8,0,0.0,7210616.2
2025-08-01 09:15:22 AM,3035.2,0,0.0,7210616.2
2025-08-01 09:15:24 AM,3035.2,40,121408.0,7332024.2
2025-08-01 09:15:25 AM,3032.3,91,275939.3,7607963.5
2025-08-01 09:15:28 AM,3030.8,0,0.0,7607963.5
2025-08-01 09:15:31 AM,3030.0,0,0.0,7607963.5
2025-08-01 09:15:32 AM,3030.0,403,1221090.0,8829053.5
2025-08-01 09:15:34 AM,3030.0,3,9090.0,8838143.5
2025-08-01 09:15:35 AM,3030.1,0,0.0,8838143.5
2025-08-01 09:15:40 AM,3030.0,0,0.0,8838143.5
2025-08-01 09:15:41 AM,3030.0,56,169680.0,9007823.5
2025-08-01 09:15:42 AM,3030.0,1,3030.0,9010853.5
2025-08-01 09:15:49 AM,3030.0,52,157560.0,9168413.5
2025-08-01 09:15:51 AM,3030.1,1,3030.1,9171443.6
2025-08-01 09:15:53 AM,3030.0,0,0.0,9171443.6
2025-08-01 09:15:56 AM,3031.7,0,0.0,9171443.6
2025-08-01 09:15:57 AM,3030.0,110,333300.0,9504743.6
2025-08-01 09:15:59 AM,3030.9,6,18185.4,9522929.0
2025-08-01 09:16:02 AM,3028.0,0,0.0,9522929.0
2025-08-01 09:16:05 AM,3028.5,144,436104.0,9959033.0
2025-08-01 09:16:05 AM,3028.3,0,0.0,9959033.0
2025-08-01 09:16:07 AM,3026.6,54,163436.4,10122469.4
2025-08-01 09:16:10 AM,3028.1,0,0.0,10122469.4
2025-08-01 09:16:13 AM,3028.2,27,81761.4,10204230.8
2025-08-01 09:16:16 AM,3026.1,0,0.0,10204230.8
2025-08-01 09:16:19 AM,3027.8,0,0.0,10204230.8
2025-08-01 09:16:22 AM,3029.0,54,163566.0,10367796.8
2025-08-01 09:16:23 AM,3029.3,41,124201.3,10491998.100000001
2025-08-01 09:16:31 AM,3030.7,12,36368.399999999994,10528366.500000002
2025-08-01 09:16:36 AM,3030.5,0,0.0,10528366.500000002
2025-08-01 09:16:38 AM,3030.5,193,584886.5,11113253.000000002
2025-08-01 09:16:40 AM,3031.3,1,3031.3,11116284.300000003
2025-08-01 09:16:46 AM,3031.8,63,191003.40000000002,11307287.700000003
2025-08-01 09:16:55 AM,3034.4,35,106204.0,11413491.700000003
2025-08-01 09:16:56 AM,3034.0,5,15170.0,11428661.700000003
2025-08-01 09:17:01 AM,3032.8,134,406395.2,11835056.900000002
2025-08-01 09:17:02 AM,3034.6,1,3034.6,11838091.500000002
2025-08-01 09:17:06 AM,3034.1,2,6068.2,11844159.700000001
2025-08-01 09:17:07 AM,3034.7,0,0.0,11844159.700000001
2025-08-01 09:17:07 AM,3034.4,0,0.0,11844159.700000001
2025-08-01 09:17:08 AM,3034.4,8,24275.2,11868434.9
2025-08-01 09:17:10 AM,3034.1,4,12136.4,11880571.3
2025-08-01 09:17:11 AM,3034.1,9,27306.899999999998,11907878.200000001
2025-08-01 09:17:11 AM,3034.1,4,12136.4,11920014.600000001
2025-08-01 09:17:12 AM,3034.1,1,3034.1,11923048.700000001
2025-08-01 09:17:13 AM,3037.0,71,215627.0,12138675.700000001
2025-08-01 09:17:14 AM,3035.7,4,12142.8,12150818.500000002
2025-08-01 09:17:14 AM,3035.7,11,33392.7,12184211.200000001
2025-08-01 09:17:15 AM,3036.1,0,0.0,12184211.200000001
2025-08-01 09:17:15 AM,3036.1,6,18216.6,12202427.8
2025-08-01 09:17:16 AM,3035.8,0,0.0,12202427.8
2025-08-01 09:17:16 AM,3035.8,4,12143.2,12214571.0
2025-08-01 09:17:17 AM,3035.5,3,9106.5,12223677.5
2025-08-01 09:17:18 AM,3034.6,0,0.0,12223677.5
2025-08-01 09:17:18 AM,3034.5,0,0.0,12223677.5
2025-08-01 09:17:19 AM,3034.3,32,97097.6,12320775.1
2025-08-01 09:17:20 AM,3034.1,16,48545.6,12369320.7
2025-08-01 09:17:20 AM,3034.1,4,12136.4,12381457.1
2025-08-01 09:17:22 AM,3034.1,4,12136.4,12393593.5
2025-08-01 09:17:23 AM,3036.4,0,0.0,12393593.5
2025-08-01 09:17:24 AM,3036.4,25,75910.0,12469503.5
2025-08-01 09:17:24 AM,3035.7,0,0.0,12469503.5
2025-08-01 09:17:25 AM,3035.7,4,12142.8,12481646.3
2025-08-01 09:17:25 AM,3035.7,1,3035.7,12484682.0
2025-08-01 09:17:26 AM,3037.9,0,0.0,12484682.0
2025-08-01 09:17:27 AM,3037.9,50,151895.0,12636577.0
2025-08-01 09:17:27 AM,3035.9,0,0.0,12636577.0
2025-08-01 09:17:27 AM,3035.9,6,18215.4,12654792.4
2025-08-01 09:17:29 AM,3036.0,0,0.0,12654792.4
2025-08-01 09:17:30 AM,3036.0,10,30360.0,12685152.4
2025-08-01 09:17:31 AM,3034.8,0,0.0,12685152.4
2025-08-01 09:17:31 AM,3034.7,0,0.0,12685152.4
2025-08-01 09:17:32 AM,3034.7,28,84971.59999999999,12770124.0
2025-08-01 09:17:34 AM,3034.8,15,45522.0,12815646.0
2025-08-01 09:17:36 AM,3034.1,1,3034.1,12818680.1
2025-08-01 09:17:37 AM,3034.1,9,27306.899999999998,12845987.0
2025-08-01 09:17:37 AM,3034.1,67,203284.69999999998,13049271.7
2025-08-01 09:17:38 AM,3031.8,0,0.0,13049271.7
2025-08-01 09:17:39 AM,3031.8,8,24254.4,13073526.1
2025-08-01 09:17:40 AM,3033.0,0,0.0,13073526.1
2025-08-01 09:17:40 AM,3033.0,28,84924.0,13158450.1
2025-08-01 09:17:42 AM,3032.1,10,30321.0,13188771.1
2025-08-01 09:17:42 AM,3030.1,0,0.0,13188771.1
2025-08-01 09:17:43 AM,3030.0,0,0.0,13188771.1
2025-08-01 09:17:43 AM,3031.7,36,109141.2,13297912.299999999
2025-08-01 09:17:44 AM,3030.0,0,0.0,13297912.299999999
2025-08-01 09:17:45 AM,3030.0,10,30300.0,13328212.299999999
2025-08-01 09:17:47 AM,3030.0,5,15150.0,13343362.299999999
2025-08-01 09:17:48 AM,3030.5,0,0.0,13343362.299999999
2025-08-01 09:17:49 AM,3030.5,8,24244.0,13367606.299999999
2025-08-01 09:17:50 AM,3030.5,4,12122.0,13379728.299999999
2025-08-01 09:17:50 AM,3031.8,0,0.0,13379728.299999999
2025-08-01 09:17:51 AM,3031.8,20,60636.0,13440364.299999999
2025-08-01 09:17:51 AM,3030.5,5,15152.5,13455516.799999999
2025-08-01 09:17:52 AM,3030.5,8,24244.0,13479760.799999999
2025-08-01 09:17:54 AM,3030.5,3,9091.5,13488852.299999999
2025-08-01 09:17:57 AM,3030.0,3,9090.0,13497942.299999999
2025-08-01 09:17:57 AM,3031.3,0,0.0,13497942.299999999
2025-08-01 09:17:58 AM,3030.0,13,39390.0,13537332.299999999
2025-08-01 09:17:59 AM,3030.0,4,12120.0,13549452.299999999
2025-08-01 09:18:00 AM,3028.5,0,0.0,13549452.299999999
2025-08-01 09:18:01 AM,3028.5,42,127197.0,13676649.299999999
2025-08-01 09:18:02 AM,3028.4,4,12113.6,13688762.899999999
2025-08-01 09:18:02 AM,3030.1,0,0.0,13688762.899999999
2025-08-01 09:18:03 AM,3030.1,4,12120.4,13700883.299999999
2025-08-01 09:18:03 AM,3030.2,0,0.0,13700883.299999999
2025-08-01 09:18:04 AM,3030.2,5,15151.0,13716034.299999999
2025-08-01 09:18:04 AM,3028.6,0,0.0,13716034.299999999
2025-08-01 09:18:05 AM,3028.6,5,15143.0,13731177.299999999
2025-08-01 09:18:05 AM,3030.2,6,18181.199999999997,13749358.499999998
2025-08-01 09:18:06 AM,3030.6,4,12122.4,13761480.899999999
2025-08-01 09:18:07 AM,3032.7,0,0.0,13761480.899999999
2025-08-01 09:18:07 AM,3032.7,4,12130.8,13773611.7
2025-08-01 09:18:11 AM,3030.6,0,0.0,13773611.7
2025-08-01 09:18:11 AM,3030.6,20,60612.0,13834223.7
2025-08-01 09:18:12 AM,3030.1,0,0.0,13834223.7
2025-08-01 09:18:12 AM,3030.1,4,12120.4,13846344.1
2025-08-01 09:18:13 AM,3030.1,4,12120.4,13858464.5
2025-08-01 09:18:13 AM,3029.9,0,0.0,13858464.5
2025-08-01 09:18:13 AM,3029.9,4,12119.6,13870584.1
2025-08-01 09:18:19 AM,3031.9,1,3031.9,13873616.0
2025-08-01 09:18:19 AM,3032.3,17,51549.100000000006,13925165.1
2025-08-01 09:18:19 AM,3033.0,0,0.0,13925165.1
2025-08-01 09:18:20 AM,3033.0,57,172881.0,14098046.1
2025-08-01 09:18:20 AM,3033.4,6,18200.4,14116246.5
2025-08-01 09:18:20 AM,3034.4,0,0.0,14116246.5
2025-08-01 09:18:21 AM,3034.4,7,21240.8,14137487.3
2025-08-01 09:18:22 AM,3034.2,5,15171.0,14152658.3
2025-08-01 09:18:30 AM,3034.1,91,276103.1,14428761.4
2025-08-01 09:18:31 AM,3034.0,10,30340.0,14459101.4
2025-08-01 09:18:31 AM,3033.0,0,0.0,14459101.4
2025-08-01 09:18:31 AM,3033.0,1,3033.0,14462134.4
2025-08-01 09:18:32 AM,3032.3,1,3032.3,14465166.700000001
2025-08-01 09:18:37 AM,3033.6,1,3033.6,14468200.3
2025-08-01 09:18:38 AM,3033.9,0,0.0,14468200.3
2025-08-01 09:18:38 AM,3033.9,2,6067.8,14474268.100000001
2025-08-01 09:18:40 AM,3034.0,15,45510.0,14519778.100000001
2025-08-01 09:18:41 AM,3034.0,88,266992.0,14786770.100000001
2025-08-01 09:18:41 AM,3035.1,0,0.0,14786770.100000001
2025-08-01 09:18:41 AM,3035.1,5,15175.5,14801945.600000001
2025-08-01 09:18:42 AM,3035.2,27,81950.4,14883896.000000002
2025-08-01 09:18:42 AM,3035.7,0,0.0,14883896.000000002
2025-08-01 09:18:42 AM,3035.7,1,3035.7,14886931.700000001
2025-08-01 09:18:44 AM,3036.6,10,30366.0,14917297.700000001
2025-08-01 09:18:47 AM,3038.2,0,0.0,14917297.700000001
2025-08-01 09:18:47 AM,3038.2,2,6076.4,14923374.100000001
2025-08-01 09:18:49 AM,3038.0,19,57722.0,14981096.100000001
2025-08-01 09:18:50 AM,3039.4,43,130694.2,15111790.3
2025-08-01 09:18:54 AM,3040.0,4,12160.0,15123950.3
2025-08-01 09:19:00 AM,3036.6,42,127537.2,15251487.5
2025-08-01 09:19:01 AM,3038.7,148,449727.6,15701215.1
2025-08-01 09:19:02 AM,3038.4,1,3038.4,15704253.5
2025-08-01 09:19:04 AM,3037.5,1,3037.5,15707291.0
2025-08-01 09:19:06 AM,3039.5,30,91185.0,15798476.0
2025-08-01 09:19:10 AM,3038.3,33,100263.90000000001,15898739.9
2025-08-01 09:19:13 AM,3038.2,0,0.0,15898739.9
2025-08-01 09:19:14 AM,3038.5,11,33423.5,15932163.4
2025-08-01 09:19:21 AM,3039.3,5,15196.5,15947359.9
2025-08-01 09:19:22 AM,3039.4,8,24315.2,15971675.1
2025-08-01 09:19:25 AM,3040.0,453,1377120.0,17348795.1
2025-08-01 09:19:26 AM,3038.6,2,6077.2,17354872.3
2025-08-01 09:19:29 AM,3037.5,0,0.0,17354872.3
2025-08-01 09:19:30 AM,3037.5,1,3037.5,17357909.8
2025-08-01 09:19:30 AM,3036.5,0,0.0,17357909.8
2025-08-01 09:19:31 AM,3036.5,6,18219.0,17376128.8
2025-08-01 09:19:34 AM,3034.8,0,0.0,17376128.8
2025-08-01 09:19:35 AM,3034.8,1,3034.8,17379163.6
2025-08-01 09:19:37 AM,3034.8,1,3034.8,17382198.400000002
2025-08-01 09:19:39 AM,3035.1,10,30351.0,17412549.400000002
2025-08-01 09:19:58 AM,3034.1,5,15170.5,17427719.900000002
2025-08-01 09:20:00 AM,3033.2,42,127394.4,17555114.3
2025-08-01 09:20:01 AM,3033.2,26,78863.2,17633977.5
2025-08-01 09:20:01 AM,3035.0,0,0.0,17633977.5
2025-08-01 09:20:02 AM,3035.0,20,60700.0,17694677.5
2025-08-01 09:20:07 AM,3033.1,0,0.0,17694677.5
2025-08-01 09:20:07 AM,3033.1,6,18198.6,17712876.1
2025-08-01 09:20:08 AM,3033.8,0,0.0,17712876.1
2025-08-01 09:20:09 AM,3033.8,1,3033.8,17715909.900000002
2025-08-01 09:20:10 AM,3032.9,20,60658.0,17776567.900000002
2025-08-01 09:20:14 AM,3033.6,20,60672.0,17837239.900000002
2025-08-01 09:20:27 AM,3032.1,0,0.0,17837239.900000002
2025-08-01 09:20:28 AM,3032.1,5,15160.5,17852400.400000002
2025-08-01 09:20:31 AM,3033.5,0,0.0,17852400.400000002
2025-08-01 09:20:32 AM,3033.0,201,609633.0,18462033.400000002
2025-08-01 09:20:43 AM,3033.0,20,60660.0,18522693.400000002
2025-08-01 09:20:45 AM,3033.0,50,151650.0,18674343.400000002
2025-08-01 09:20:54 AM,3033.0,78,236574.0,18910917.400000002
2025-08-01 09:20:54 AM,3034.0,0,0.0,18910917.400000002
2025-08-01 09:20:55 AM,3034.0,24,72816.0,18983733.400000002
2025-08-01 09:20:57 AM,3034.2,0,0.0,18983733.400000002
2025-08-01 09:20:58 AM,3034.2,10,30342.0,19014075.400000002
2025-08-01 09:20:59 AM,3034.0,0,0.0,19014075.400000002
2025-08-01 09:20:59 AM,3034.0,1,3034.0,19017109.400000002
2025-08-01 09:21:03 AM,3033.0,0,0.0,19017109.400000002
2025-08-01 09:21:04 AM,3033.0,5,15165.0,19032274.400000002
2025-08-01 09:21:05 AM,3034.3,0,0.0,19032274.400000002
2025-08-01 09:21:06 AM,3034.3,10,30343.0,19062617.400000002
2025-08-01 09:21:15 AM,3034.2,0,0.0,19062617.400000002
2025-08-01 09:21:16 AM,3034.2,1,3034.2,19065651.6
2025-08-01 09:21:20 AM,3034.2,15,45513.0,19111164.6
2025-08-01 09:21:25 AM,3034.2,33,100128.59999999999,19211293.200000003
2025-08-01 09:21:25 AM,3034.2,2,6068.4,19217361.6
2025-08-01 09:21:27 AM,3035.0,0,0.0,19217361.6
2025-08-01 09:21:28 AM,3035.0,1,3035.0,19220396.6
2025-08-01 09:21:32 AM,3035.1,70,212457.0,19432853.6
2025-08-01 09:21:35 AM,3035.4,1,3035.4,19435889.0
2025-08-01 09:21:40 AM,3037.2,10,30372.0,19466261.0
2025-08-01 09:21:45 AM,3037.2,5,15186.0,19481447.0
2025-08-01 09:21:45 AM,3037.6,0,0.0,19481447.0
2025-08-01 09:21:46 AM,3037.6,100,303760.0,19785207.0
2025-08-01 09:21:49 AM,3035.6,1,3035.6,19788242.6
2025-08-01 09:21:51 AM,3035.7,1,3035.7,19791278.3
2025-08-01 09:21:58 AM,3037.7,1,3037.7,19794316.0
2025-08-01 09:22:01 AM,3037.6,0,0.0,19794316.0
2025-08-01 09:22:01 AM,3037.6,18,54676.799999999996,19848992.8
2025-08-01 09:22:04 AM,3037.1,0,0.0,19848992.8
2025-08-01 09:22:05 AM,3037.1,6,18222.6,19867215.400000002
2025-08-01 09:22:08 AM,3036.8,0,0.0,19867215.400000002
2025-08-01 09:22:08 AM,3036.8,2,6073.6,19873289.000000004
2025-08-01 09:22:10 AM,3036.8,15,45552.0,19918841.000000004
2025-08-01 09:22:21 AM,3035.3,4,12141.2,19930982.200000003
2025-08-01 09:22:22 AM,3033.0,63,191079.0,20122061.200000003
2025-08-01 09:22:23 AM,3033.2,1,3033.2,20125094.400000002
2025-08-01 09:22:31 AM,3033.4,50,151670.0,20276764.400000002
2025-08-01 09:22:34 AM,3033.0,260,788580.0,21065344.400000002
2025-08-01 09:22:35 AM,3031.3,1,3031.3,21068375.700000003
2025-08-01 09:22:37 AM,3032.6,0,0.0,21068375.700000003
2025-08-01 09:22:37 AM,3032.6,2,6065.2,21074440.900000002
2025-08-01 09:22:38 AM,3031.7,0,0.0,21074440.900000002
2025-08-01 09:22:38 AM,3031.7,1,3031.7,21077472.6
2025-08-01 09:22:39 AM,3032.6,0,0.0,21077472.6
2025-08-01 09:22:40 AM,3032.6,4,12130.4,21089603.0
2025-08-01 09:22:41 AM,3032.7,10,30327.0,21119930.0
2025-08-01 09:22:46 AM,3035.9,69,209477.1,21329407.1
2025-08-01 09:22:47 AM,3034.4,1,3034.4,21332441.5
2025-08-01 09:22:51 AM,3035.8,0,0.0,21332441.5
2025-08-01 09:22:52 AM,3035.8,1,3035.8,21335477.3
2025-08-01 09:23:17 AM,3034.5,0,0.0,21335477.3
2025-08-01 09:23:18 AM,3034.5,50,151725.0,21487202.3
2025-08-01 09:23:20 AM,3033.4,10,30334.0,21517536.3
2025-08-01 09:23:24 AM,3031.1,1,3031.1,21520567.400000002
2025-08-01 09:23:28 AM,3030.9,0,0.0,21520567.400000002
2025-08-01 09:23:29 AM,3030.9,3,9092.7,21529660.1
2025-08-01 09:23:34 AM,3031.4,0,0.0,21529660.1
2025-08-01 09:23:35 AM,3031.4,1,3031.4,21532691.5
2025-08-01 09:23:41 AM,3031.4,4,12125.6,21544817.1
2025-08-01 09:23:43 AM,3030.5,0,0.0,21544817.1
2025-08-01 09:23:44 AM,3030.5,5,15152.5,21559969.6
2025-08-01 09:23:51 AM,3031.3,3,9093.900000000001,21569063.5
2025-08-01 09:23:51 AM,3030.5,15,45457.5,21614521.0
2025-08-01 09:23:59 AM,3030.5,3,9091.5,21623612.5
2025-08-01 09:24:03 AM,3030.0,87,263610.0,21887222.5
2025-08-01 09:24:11 AM,3028.9,3,9086.7,21896309.2
2025-08-01 09:24:17 AM,3028.9,1,3028.9,21899338.099999998
2025-08-01 09:24:24 AM,3028.9,1,3028.9,21902366.999999996
2025-08-01 09:24:30 AM,3028.0,0,0.0,21902366.999999996
2025-08-01 09:24:32 AM,3028.0,180,545040.0,22447406.999999996
2025-08-01 09:24:34 AM,3028.2,1,3028.2,22450435.199999996
2025-08-01 09:24:36 AM,3028.9,0,0.0,22450435.199999996
2025-08-01 09:24:40 AM,3028.9,18,54520.200000000004,22504955.399999995
2025-08-01 09:24:41 AM,3028.9,1,3028.9,22507984.299999993
2025-08-01 09:24:47 AM,3029.0,101,305929.0,22813913.299999993
2025-08-01 09:24:49 AM,3029.0,1,3029.0,22816942.299999993
2025-08-01 09:24:54 AM,3030.1,0,0.0,22816942.299999993
2025-08-01 09:24:56 AM,3030.1,30,90903.0,22907845.299999993
2025-08-01 09:25:01 AM,3029.1,0,0.0,22907845.299999993
2025-08-01 09:25:02 AM,3029.1,20,60582.0,22968427.299999993
2025-08-01 09:25:08 AM,3030.0,0,0.0,22968427.299999993
2025-08-01 09:25:09 AM,3030.0,6,18180.0,22986607.299999993
2025-08-01 09:25:15 AM,3030.2,0,0.0,22986607.299999993
2025-08-01 09:25:17 AM,3030.2,28,84845.59999999999,23071452.899999995
2025-08-01 09:25:21 AM,3030.0,0,0.0,23071452.899999995
2025-08-01 09:25:22 AM,3031.2,0,0.0,23071452.899999995
2025-08-01 09:25:25 AM,3031.2,55,166716.0,23238168.899999995
2025-08-01 09:25:27 AM,3030.1,1,3030.1,23241198.999999996
2025-08-01 09:25:32 AM,3031.3,112,339505.60000000003,23580704.599999998
2025-08-01 09:25:33 AM,3031.1,0,0.0,23580704.599999998
2025-08-01 09:25:34 AM,3031.1,8,24248.8,23604953.4
2025-08-01 09:25:42 AM,3031.0,7,21217.0,23626170.4
2025-08-01 09:25:55 AM,3031.0,74,224294.0,23850464.4
2025-08-01 09:25:57 AM,3031.0,1,3031.0,23853495.4
2025-08-01 09:26:00 AM,3030.0,0,0.0,23853495.4
2025-08-01 09:26:01 AM,3030.0,4,12120.0,23865615.4
2025-08-01 09:26:01 AM,3031.0,1,3031.0,23868646.4
2025-08-01 09:26:15 AM,3030.0,147,445410.0,24314056.4
2025-08-01 09:26:16 AM,3030.0,1,3030.0,24317086.4
2025-08-01 09:26:17 AM,3030.0,421,1275630.0,25592716.4
2025-08-01 09:26:18 AM,3030.0,161,487830.0,26080546.4
2025-08-01 09:26:19 AM,3028.9,2,6057.8,26086604.2
2025-08-01 09:26:20 AM,3028.9,2,6057.8,26092662.0
2025-08-01 09:26:22 AM,3028.9,1,3028.9,26095690.9
2025-08-01 09:26:23 AM,3028.9,1,3028.9,26098719.799999997
2025-08-01 09:26:25 AM,3028.9,1,3028.9,26101748.699999996
2025-08-01 09:26:26 AM,3029.9,3,9089.7,26110838.399999995
2025-08-01 09:26:27 AM,3028.8,1,3028.8,26113867.199999996
2025-08-01 09:26:36 AM,3029.6,5,15148.0,26129015.199999996
2025-08-01 09:26:37 AM,3029.9,9,27269.100000000002,26156284.299999997
2025-08-01 09:26:44 AM,3030.2,2,6060.4,26162344.699999996
2025-08-01 09:26:45 AM,3031.0,1,3031.0,26165375.699999996
2025-08-01 09:26:48 AM,3031.5,1,3031.5,26168407.199999996
2025-08-01 09:27:00 AM,3029.0,400,1211600.0,27380007.199999996
2025-08-01 09:27:03 AM,3030.2,2,6060.4,27386067.599999994
2025-08-01 09:27:04 AM,3031.5,103,312244.5,27698312.099999994
2025-08-01 09:27:04 AM,3032.0,2,6064.0,27704376.099999994
2025-08-01 09:27:06 AM,3031.0,2,6062.0,27710438.099999994
2025-08-01 09:27:07 AM,3032.4,3,9097.2,27719535.299999993
2025-08-01 09:27:17 AM,3032.6,15,45489.0,27765024.299999993
2025-08-01 09:27:23 AM,3032.6,5,15163.0,27780187.299999993
2025-08-01 09:27:25 AM,3032.2,100,303220.0,28083407.299999993
2025-08-01 09:27:26 AM,3031.5,2,6063.0,28089470.299999993
2025-08-01 09:27:30 AM,3031.8,3,9095.400000000001,28098565.69999999
2025-08-01 09:27:30 AM,3032.2,1,3032.2,28101597.89999999
2025-08-01 09:27:51 AM,3031.5,0,0.0,28101597.89999999
2025-08-01 09:27:52 AM,3030.0,63,190890.0,28292487.89999999
2025-08-01 09:27:55 AM,3030.0,1,3030.0,28295517.89999999
2025-08-01 09:27:57 AM,3030.0,1,3030.0,28298547.89999999
2025-08-01 09:28:01 AM,3029.3,30,90879.0,28389426.89999999
2025-08-01 09:28:12 AM,3030.0,1,3030.0,28392456.89999999
2025-08-01 09:28:29 AM,3028.8,49,148411.2,28540868.09999999
2025-08-01 09:28:32 AM,3028.0,1,3028.0,28543896.09999999
2025-08-01 09:28:34 AM,3028.0,1,3028.0,28546924.09999999
2025-08-01 09:28:35 AM,3028.0,93,281604.0,28828528.09999999
2025-08-01 09:28:36 AM,3027.0,0,0.0,28828528.09999999
2025-08-01 09:28:37 AM,3027.0,1,3027.0,28831555.09999999
2025-08-01 09:28:39 AM,3027.0,99,299673.0,29131228.09999999
2025-08-01 09:28:40 AM,3025.0,40,121000.0,29252228.09999999
2025-08-01 09:28:42 AM,3026.0,4,12104.0,29264332.09999999
2025-08-01 09:28:46 AM,3025.4,0,0.0,29264332.09999999
2025-08-01 09:28:46 AM,3025.4,26,78660.40000000001,29342992.49999999
2025-08-01 09:28:48 AM,3025.5,0,0.0,29342992.49999999
2025-08-01 09:28:49 AM,3025.5,6,18153.0,29361145.49999999
2025-08-01 09:28:49 AM,3026.4,0,0.0,29361145.49999999
2025-08-01 09:28:50 AM,3026.4,24,72633.6,29433779.09999999
2025-08-01 09:28:56 AM,3026.4,1,3026.4,29436805.49999999
2025-08-01 09:28:57 AM,3026.4,2,6052.8,29442858.29999999
2025-08-01 09:29:00 AM,3029.9,44,133315.6,29576173.89999999
2025-08-01 09:29:00 AM,3029.8,0,0.0,29576173.89999999
2025-08-01 09:29:01 AM,3029.8,15,45447.0,29621620.89999999
2025-08-01 09:29:15 AM,3028.8,0,0.0,29621620.89999999
2025-08-01 09:29:16 AM,3028.8,1,3028.8,29624649.69999999
2025-08-01 09:29:22 AM,3026.0,0,0.0,29624649.69999999
2025-08-01 09:29:23 AM,3026.0,4,12104.0,29636753.69999999
2025-08-01 09:29:32 AM,3026.2,0,0.0,29636753.69999999
2025-08-01 09:29:33 AM,3026.2,4,12104.8,29648858.499999993
2025-08-01 09:29:46 AM,3026.1,0,0.0,29648858.499999993
2025-08-01 09:29:46 AM,3026.1,1,3026.1,29651884.599999994
2025-08-01 09:29:47 AM,3026.0,0,0.0,29651884.599999994
2025-08-01 09:29:48 AM,3026.0,27,81702.0,29733586.599999994
2025-08-01 09:29:48 AM,3025.0,15,45375.0,29778961.599999994
2025-08-01 09:29:49 AM,3023.7,0,0.0,29778961.599999994
2025-08-01 09:29:50 AM,3023.7,30,90711.0,29869672.599999994
2025-08-01 09:30:00 AM,3025.6,1,3025.6,29872698.199999996
2025-08-01 09:30:01 AM,3024.0,6,18144.0,29890842.199999996
2025-08-01 09:30:01 AM,3023.8,24,72571.20000000001,29963413.399999995
2025-08-01 09:30:07 AM,3023.7,1,3023.7,29966437.099999994
2025-08-01 09:30:09 AM,3024.9,0,0.0,29966437.099999994
2025-08-01 09:30:10 AM,3024.9,1,3024.9,29969461.999999993
2025-08-01 09:30:20 AM,3025.5,0,0.0,29969461.999999993
2025-08-01 09:30:20 AM,3025.5,100,302550.0,30272011.999999993
2025-08-01 09:30:21 AM,3023.2,0,0.0,30272011.999999993
2025-08-01 09:30:22 AM,3023.2,60,181392.0,30453403.999999993
2025-08-01 09:30:31 AM,3023.0,0,0.0,30453403.999999993
2025-08-01 09:30:31 AM,3023.0,1,3023.0,30456426.999999993
2025-08-01 09:30:38 AM,3024.9,0,0.0,30456426.999999993
2025-08-01 09:30:38 AM,3024.9,60,181494.0,30637920.999999993
2025-08-01 09:30:40 AM,3024.9,35,105871.5,30743792.499999993
2025-08-01 09:30:41 AM,3024.9,3,9074.7,30752867.19999999
2025-08-01 09:30:52 AM,3024.9,1,3024.9,30755892.09999999
2025-08-01 09:30:56 AM,3024.1,0,0.0,30755892.09999999
2025-08-01 09:30:56 AM,3024.1,30,90723.0,30846615.09999999
2025-08-01 09:30:58 AM,3024.1,8,24192.8,30870807.89999999
2025-08-01 09:31:00 AM,3024.1,12,36289.2,30907097.09999999
2025-08-01 09:31:01 AM,3023.8,0,0.0,30907097.09999999
2025-08-01 09:31:02 AM,3023.8,20,60476.0,30967573.09999999
2025-08-01 09:31:02 AM,3024.1,0,0.0,30967573.09999999
2025-08-01 09:31:03 AM,3024.1,50,151205.0,31118778.09999999
2025-08-01 09:31:03 AM,3024.1,1,3024.1,31121802.19999999
2025-08-01 09:31:05 AM,3023.3,1,3023.3,31124825.499999993
2025-08-01 09:31:09 AM,3023.0,15,45345.0,31170170.499999993
2025-08-01 09:31:19 AM,3023.9,0,0.0,31170170.499999993
2025-08-01 09:31:20 AM,3023.9,1,3023.9,31173194.39999999
2025-08-01 09:31:24 AM,3023.4,1,3023.4,31176217.79999999
2025-08-01 09:31:29 AM,3023.9,9,27215.100000000002,31203432.89999999
2025-08-01 09:31:39 AM,3024.9,0,0.0,31203432.89999999
2025-08-01 09:31:40 AM,3024.9,3,9074.7,31212507.59999999
2025-08-01 09:31:46 AM,3023.4,173,523048.2,31735555.79999999
2025-08-01 09:31:48 AM,3024.4,1,3024.4,31738580.199999988
2025-08-01 09:31:50 AM,3024.4,1,3024.4,31741604.599999987
2025-08-01 09:31:52 AM,3024.9,10,30249.0,31771853.599999987
2025-08-01 09:31:53 AM,3024.4,1,3024.4,31774877.999999985
2025-08-01 09:31:54 AM,3024.4,3,9073.2,31783951.199999984
2025-08-01 09:31:55 AM,3024.9,0,0.0,31783951.199999984
2025-08-01 09:31:55 AM,3024.9,14,42348.6,31826299.799999986
2025-08-01 09:32:09 AM,3024.9,69,208718.1,32035017.899999987
2025-08-01 09:32:11 AM,3024.6,0,0.0,32035017.899999987
2025-08-01 09:32:15 AM,3024.9,8,24199.2,32059217.099999987
2025-08-01 09:32:23 AM,3024.4,0,0.0,32059217.099999987
2025-08-01 09:32:23 AM,3024.4,26,78634.40000000001,32137851.499999985
2025-08-01 09:32:23 AM,3024.9,1,3024.9,32140876.399999984
2025-08-01 09:32:50 AM,3026.5,2714,8213921.0,40354797.39999998
2025-08-01 09:32:53 AM,3026.4,0,0.0,40354797.39999998
2025-08-01 09:32:53 AM,3026.6,0,0.0,40354797.39999998
2025-08-01 09:32:57 AM,3026.6,10,30266.0,40385063.39999998
2025-08-01 09:32:59 AM,3026.4,0,0.0,40385063.39999998
2025-08-01 09:33:04 AM,3026.4,9,27237.600000000002,40412300.999999985
2025-08-01 09:33:05 AM,3027.0,0,0.0,40412300.999999985
2025-08-01 09:33:05 AM,3026.0,0,0.0,40412300.999999985
2025-08-01 09:33:10 AM,3025.9,0,0.0,40412300.999999985
2025-08-01 09:33:11 AM,3025.5,14,42357.0,40454657.999999985
2025-08-01 09:33:18 AM,3025.5,12,36306.0,40490963.999999985
2025-08-01 09:33:20 AM,3025.9,0,0.0,40490963.999999985
2025-08-01 09:33:25 AM,3026.3,0,0.0,40490963.999999985
2025-08-01 09:33:25 AM,3026.3,13,39341.9,40530305.89999998
2025-08-01 09:33:26 AM,3027.4,0,0.0,40530305.89999998
2025-08-01 09:33:32 AM,3027.4,103,311822.2,40842128.09999999
2025-08-01 09:33:35 AM,3028.2,0,0.0,40842128.09999999
2025-08-01 09:33:39 AM,3028.2,143,433032.6,41275160.69999999
2025-08-01 09:33:41 AM,3030.0,0,0.0,41275160.69999999
2025-08-01 09:33:43 AM,3028.6,0,0.0,41275160.69999999
2025-08-01 09:33:45 AM,3029.0,0,0.0,41275160.69999999
2025-08-01 09:33:45 AM,3029.0,24,72696.0,41347856.69999999
2025-08-01 09:33:49 AM,3028.5,0,0.0,41347856.69999999
2025-08-01 09:33:50 AM,3029.9,0,0.0,41347856.69999999
2025-08-01 09:33:53 AM,3029.9,12,36358.8,41384215.499999985
2025-08-01 09:33:56 AM,3030.1,0,0.0,41384215.499999985
2025-08-01 09:34:00 AM,3030.1,47,142414.69999999998,41526630.19999999
2025-08-01 09:34:02 AM,3030.0,2,6060.0,41532690.19999999
2025-08-01 09:34:03 AM,3029.2,9,27262.8,41559952.999999985
2025-08-01 09:34:03 AM,3028.4,0,0.0,41559952.999999985
2025-08-01 09:34:04 AM,3028.4,150,454260.0,42014212.999999985
2025-08-01 09:34:06 AM,3028.6,1,3028.6,42017241.59999999
2025-08-01 09:34:06 AM,3030.3,0,0.0,42017241.59999999
2025-08-01 09:34:07 AM,3030.3,2,6060.6,42023302.19999999
2025-08-01 09:34:07 AM,3029.5,1,3029.5,42026331.69999999
2025-08-01 09:34:10 AM,3029.4,0,0.0,42026331.69999999
2025-08-01 09:34:10 AM,3029.4,90,272646.0,42298977.69999999
2025-08-01 09:34:13 AM,3029.5,1,3029.5,42302007.19999999
2025-08-01 09:34:14 AM,3029.9,6,18179.4,42320186.59999999
2025-08-01 09:34:15 AM,3029.4,5,15147.0,42335333.59999999
2025-08-01 09:34:17 AM,3030.3,0,0.0,42335333.59999999
2025-08-01 09:34:17 AM,3030.3,10,30303.0,42365636.59999999
2025-08-01 09:34:24 AM,3030.4,0,0.0,42365636.59999999
2025-08-01 09:34:25 AM,3030.4,14,42425.6,42408062.19999999
2025-08-01 09:34:26 AM,3030.0,14,42420.0,42450482.19999999
2025-08-01 09:34:34 AM,3030.0,1,3030.0,42453512.19999999
2025-08-01 09:34:38 AM,3029.9,0,0.0,42453512.19999999
2025-08-01 09:34:38 AM,3029.9,51,154524.9,42608037.09999999
2025-08-01 09:34:39 AM,3029.9,3,9089.7,42617126.79999999
2025-08-01 09:34:39 AM,3029.4,0,0.0,42617126.79999999
2025-08-01 09:34:40 AM,3029.4,1,3029.4,42620156.19999999
2025-08-01 09:34:41 AM,3029.0,0,0.0,42620156.19999999
2025-08-01 09:34:42 AM,3029.0,52,157508.0,42777664.19999999
2025-08-01 09:34:43 AM,3028.1,1,3028.1,42780692.29999999
2025-08-01 09:34:48 AM,3028.0,0,0.0,42780692.29999999
2025-08-01 09:34:48 AM,3028.0,5,15140.0,42795832.29999999
2025-08-01 09:34:50 AM,3027.9,0,0.0,42795832.29999999
2025-08-01 09:34:50 AM,3027.9,1,3027.9,42798860.19999999
2025-08-01 09:34:56 AM,3027.0,3,9081.0,42807941.19999999
2025-08-01 09:35:03 AM,3027.1,3,9081.3,42817022.499999985
2025-08-01 09:35:08 AM,3026.3,1,3026.3,42820048.79999998
2025-08-01 09:35:11 AM,3027.1,11,33298.1,42853346.89999998
2025-08-01 09:35:13 AM,3026.3,0,0.0,42853346.89999998
2025-08-01 09:35:13 AM,3026.3,4,12105.2,42865452.09999999
2025-08-01 09:35:13 AM,3026.0,0,0.0,42865452.09999999
2025-08-01 09:35:14 AM,3026.0,1,3026.0,42868478.09999999
2025-08-01 09:35:19 AM,3026.0,9,27234.0,42895712.09999999
2025-08-01 09:35:27 AM,3025.1,0,0.0,42895712.09999999
2025-08-01 09:35:27 AM,3025.1,50,151255.0,43046967.09999999
2025-08-01 09:35:27 AM,3026.0,0,0.0,43046967.09999999
2025-08-01 09:35:28 AM,3026.0,27,81702.0,43128669.09999999
2025-08-01 09:35:28 AM,3025.1,0,0.0,43128669.09999999
2025-08-01 09:35:29 AM,3025.1,19,57476.9,43186145.999999985
2025-08-01 09:35:29 AM,3024.9,321,970992.9,44157138.89999998
2025-08-01 09:35:30 AM,3025.4,5,15127.0,44172265.89999998
2025-08-01 09:35:30 AM,3024.0,0,0.0,44172265.89999998
2025-08-01 09:35:31 AM,3024.0,1,3024.0,44175289.89999998
2025-08-01 09:35:32 AM,3024.1,1,3024.1,44178313.999999985
2025-08-01 09:35:38 AM,3025.2,0,0.0,44178313.999999985
2025-08-01 09:35:39 AM,3025.2,1,3025.2,44181339.19999999
2025-08-01 09:35:57 AM,3025.0,5,15125.0,44196464.19999999
2025-08-01 09:35:57 AM,3025.2,0,0.0,44196464.19999999
2025-08-01 09:35:58 AM,3025.2,10,30252.0,44226716.19999999
2025-08-01 09:35:59 AM,3025.0,1,3025.0,44229741.19999999
2025-08-01 09:36:05 AM,3025.3,0,0.0,44229741.19999999
2025-08-01 09:36:06 AM,3025.3,5,15126.5,44244867.69999999
2025-08-01 09:36:06 AM,3025.0,31,93775.0,44338642.69999999
2025-08-01 09:36:08 AM,3025.0,10,30250.0,44368892.69999999
2025-08-01 09:36:10 AM,3025.0,6,18150.0,44387042.69999999
2025-08-01 09:36:10 AM,3024.5,0,0.0,44387042.69999999
2025-08-01 09:36:11 AM,3024.5,6,18147.0,44405189.69999999
2025-08-01 09:36:11 AM,3025.2,458,1385541.5999999999,45790731.29999999
2025-08-01 09:36:13 AM,3026.0,1,3026.0,45793757.29999999
2025-08-01 09:36:14 AM,3025.7,2,6051.4,45799808.69999999
2025-08-01 09:36:16 AM,3026.0,0,0.0,45799808.69999999
2025-08-01 09:36:17 AM,3026.0,1,3026.0,45802834.69999999
2025-08-01 09:36:35 AM,3026.0,10,30260.0,45833094.69999999
2025-08-01 09:36:38 AM,3025.6,3,9076.8,45842171.499999985
2025-08-01 09:36:42 AM,3026.0,0,0.0,45842171.499999985
2025-08-01 09:36:43 AM,3026.0,13,39338.0,45881509.499999985
2025-08-01 09:36:46 AM,3026.3,1,3026.3,45884535.79999998
2025-08-01 09:36:47 AM,3026.0,0,0.0,45884535.79999998
2025-08-01 09:36:47 AM,3026.0,132,399432.0,46283967.79999998
2025-08-01 09:36:48 AM,3026.0,3,9078.0,46293045.79999998
2025-08-01 09:36:49 AM,3026.0,2,6052.0,46299097.79999998
2025-08-01 09:36:51 AM,3025.2,0,0.0,46299097.79999998
2025-08-01 09:36:52 AM,3025.2,1,3025.2,46302122.999999985
2025-08-01 09:36:54 AM,3025.2,12,36302.399999999994,46338425.39999998
2025-08-01 09:36:59 AM,3025.9,3,9077.7,46347503.09999999
2025-08-01 09:37:06 AM,3026.0,5,15130.0,46362633.09999999
2025-08-01 09:37:11 AM,3026.0,20,60520.0,46423153.09999999
2025-08-01 09:37:11 AM,3026.3,0,0.0,46423153.09999999
2025-08-01 09:37:12 AM,3026.3,1,3026.3,46426179.39999998
2025-08-01 09:37:14 AM,3026.0,0,0.0,46426179.39999998
2025-08-01 09:37:15 AM,3026.0,30,90780.0,46516959.39999998
2025-08-01 09:37:21 AM,3025.2,0,0.0,46516959.39999998
2025-08-01 09:37:22 AM,3025.2,10,30252.0,46547211.39999998
2025-08-01 09:37:22 AM,3025.0,0,0.0,46547211.39999998
2025-08-01 09:37:23 AM,3025.0,1,3025.0,46550236.39999998
2025-08-01 09:37:25 AM,3025.0,2,6050.0,46556286.39999998
2025-08-01 09:37:26 AM,3025.0,30,90750.0,46647036.39999998
2025-08-01 09:37:31 AM,3025.4,0,0.0,46647036.39999998
2025-08-01 09:37:31 AM,3025.4,5,15127.0,46662163.39999998
2025-08-01 09:37:38 AM,3025.4,1,3025.4,46665188.79999998
2025-08-01 09:37:40 AM,3025.4,5,15127.0,46680315.79999998
2025-08-01 09:38:00 AM,3025.0,0,0.0,46680315.79999998
2025-08-01 09:38:01 AM,3025.0,276,834900.0,47515215.79999998
2025-08-01 09:38:06 AM,3024.0,228,689472.0,48204687.79999998
2025-08-01 09:38:07 AM,3023.0,0,0.0,48204687.79999998
2025-08-01 09:38:07 AM,3023.0,2,6046.0,48210733.79999998
2025-08-01 09:38:21 AM,3024.4,5,15122.0,48225855.79999998
2025-08-01 09:38:23 AM,3024.4,3,9073.2,48234928.999999985
2025-08-01 09:38:23 AM,3023.0,50,151150.0,48386078.999999985
2025-08-01 09:38:25 AM,3023.0,2,6046.0,48392124.999999985
2025-08-01 09:38:25 AM,3024.6,85,257091.0,48649215.999999985
2025-08-01 09:38:30 AM,3024.0,0,0.0,48649215.999999985
2025-08-01 09:38:30 AM,3024.0,5,15120.0,48664335.999999985
2025-08-01 09:38:37 AM,3024.3,2,6048.6,48670384.59999999
2025-08-01 09:38:42 AM,3024.3,1,3024.3,48673408.89999998
2025-08-01 09:38:48 AM,3024.3,4,12097.2,48685506.09999999
2025-08-01 09:38:49 AM,3024.3,60,181458.0,48866964.09999999
2025-08-01 09:39:05 AM,3024.3,10,30243.0,48897207.09999999
2025-08-01 09:39:08 AM,3024.0,102,308448.0,49205655.09999999
2025-08-01 09:39:09 AM,3024.2,0,0.0,49205655.09999999
2025-08-01 09:39:09 AM,3024.2,1,3024.2,49208679.29999999
2025-08-01 09:39:11 AM,3023.0,0,0.0,49208679.29999999
2025-08-01 09:39:12 AM,3023.0,2,6046.0,49214725.29999999
2025-08-01 09:39:13 AM,3022.9,64,193465.6,49408190.89999999
2025-08-01 09:39:18 AM,3022.0,1,3022.0,49411212.89999999
2025-08-01 09:39:20 AM,3022.9,20,60458.0,49471670.89999999
2025-08-01 09:39:30 AM,3022.9,5,15114.5,49486785.39999999
2025-08-01 09:39:37 AM,3022.9,2,6045.8,49492831.19999999
2025-08-01 09:39:43 AM,3023.2,5,15116.0,49507947.19999999
2025-08-01 09:39:53 AM,3021.4,317,957783.8,50465730.999999985
2025-08-01 09:39:55 AM,3021.5,19,57408.5,50523139.499999985
2025-08-01 09:39:56 AM,3021.1,0,0.0,50523139.499999985
2025-08-01 09:39:56 AM,3021.1,2,6042.2,50529181.69999999
2025-08-01 09:39:57 AM,3021.0,0,0.0,50529181.69999999
2025-08-01 09:39:58 AM,3021.0,39,117819.0,50647000.69999999
2025-08-01 09:40:03 AM,3020.8,40,120832.0,50767832.69999999
2025-08-01 09:40:07 AM,3020.8,3,9062.400000000001,50776895.09999999
2025-08-01 09:40:11 AM,3020.8,1,3020.8,50779915.89999998
2025-08-01 09:40:13 AM,3020.8,2,6041.6,50785957.499999985
2025-08-01 09:40:16 AM,3020.8,68,205414.40000000002,50991371.89999998
2025-08-01 09:40:18 AM,3020.8,1,3020.8,50994392.69999998
2025-08-01 09:40:22 AM,3020.8,2,6041.6,51000434.29999998
2025-08-01 09:40:25 AM,3020.2,100,302020.0,51302454.29999998
2025-08-01 09:40:26 AM,3020.8,0,0.0,51302454.29999998
2025-08-01 09:40:26 AM,3020.8,2,6041.6,51308495.89999998
2025-08-01 09:40:27 AM,3020.8,1,3020.8,51311516.69999998
2025-08-01 09:40:28 AM,3020.6,0,0.0,51311516.69999998
2025-08-01 09:40:28 AM,3020.6,2,6041.2,51317557.89999998
2025-08-01 09:40:28 AM,3020.5,1,3020.5,51320578.39999998
2025-08-01 09:40:31 AM,3020.1,0,0.0,51320578.39999998
2025-08-01 09:40:32 AM,3020.1,19,57381.9,51377960.29999998
2025-08-01 09:40:32 AM,3021.7,0,0.0,51377960.29999998
2025-08-01 09:40:33 AM,3021.7,556,1680065.2,53058025.499999985
2025-08-01 09:40:33 AM,3023.2,33,99765.59999999999,53157791.09999999
2025-08-01 09:40:34 AM,3021.0,300,906300.0,54064091.09999999
2025-08-01 09:40:35 AM,3023.2,0,0.0,54064091.09999999
2025-08-01 09:40:36 AM,3022.4,0,0.0,54064091.09999999
2025-08-01 09:40:36 AM,3022.4,4,12089.6,54076180.69999999
2025-08-01 09:40:37 AM,3022.5,0,0.0,54076180.69999999
2025-08-01 09:40:37 AM,3022.5,3,9067.5,54085248.19999999
2025-08-01 09:40:39 AM,3022.4,2,6044.8,54091292.999999985
2025-08-01 09:40:40 AM,3023.2,0,0.0,54091292.999999985
2025-08-01 09:40:40 AM,3023.2,11,33255.2,54124548.19999999
2025-08-01 09:40:43 AM,3023.5,2,6047.0,54130595.19999999
2025-08-01 09:40:46 AM,3024.1,0,0.0,54130595.19999999
2025-08-01 09:40:47 AM,3024.1,3,9072.3,54139667.499999985
2025-08-01 09:40:49 AM,3025.4,110,332794.0,54472461.499999985
2025-08-01 09:40:50 AM,3025.1,2,6050.2,54478511.69999999
2025-08-01 09:40:50 AM,3024.8,0,0.0,54478511.69999999
2025-08-01 09:40:51 AM,3024.8,2,6049.6,54484561.29999999
2025-08-01 09:40:58 AM,3027.2,854,2585228.8,57069790.09999999
2025-08-01 09:40:59 AM,3026.8,4,12107.2,57081897.29999999
2025-08-01 09:41:01 AM,3026.9,0,0.0,57081897.29999999
2025-08-01 09:41:01 AM,3026.9,3,9080.7,57090977.99999999
2025-08-01 09:41:02 AM,3027.0,15,45405.0,57136382.99999999
2025-08-01 09:41:09 AM,3027.1,0,0.0,57136382.99999999
2025-08-01 09:41:10 AM,3027.1,12,36325.2,57172708.199999996
2025-08-01 09:41:15 AM,3026.8,26,78696.8,57251404.99999999
2025-08-01 09:41:30 AM,3027.5,0,0.0,57251404.99999999
2025-08-01 09:41:30 AM,3027.5,1,3027.5,57254432.49999999
2025-08-01 09:41:31 AM,3027.5,59,178622.5,57433054.99999999
2025-08-01 09:41:32 AM,3027.5,1,3027.5,57436082.49999999
2025-08-01 09:41:35 AM,3027.5,1,3027.5,57439109.99999999
2025-08-01 09:41:38 AM,3028.0,15,45420.0,57484529.99999999
2025-08-01 09:41:43 AM,3028.0,4,12112.0,57496641.99999999
2025-08-01 09:41:45 AM,3028.0,3,9084.0,57505725.99999999
2025-08-01 09:41:52 AM,3028.0,1,3028.0,57508753.99999999
2025-08-01 09:41:53 AM,3028.0,12,36336.0,57545089.99999999
2025-08-01 09:41:53 AM,3027.3,0,0.0,57545089.99999999
2025-08-01 09:41:54 AM,3027.3,1,3027.3,57548117.29999999
2025-08-01 09:41:59 AM,3027.3,7,21191.100000000002,57569308.39999999
2025-08-01 09:42:03 AM,3026.8,2,6053.6,57575361.99999999
2025-08-01 09:42:06 AM,3026.8,2,6053.6,57581415.599999994
2025-08-01 09:42:08 AM,3026.0,0,0.0,57581415.599999994
2025-08-01 09:42:08 AM,3027.5,22,66605.0,57648020.599999994
2025-08-01 09:42:13 AM,3027.5,1,3027.5,57651048.099999994
2025-08-01 09:42:18 AM,3026.0,4,12104.0,57663152.099999994
2025-08-01 09:42:19 AM,3027.2,2,6054.4,57669206.49999999
2025-08-01 09:42:24 AM,3027.0,32,96864.0,57766070.49999999
2025-08-01 09:42:29 AM,3027.1,0,0.0,57766070.49999999
2025-08-01 09:42:30 AM,3027.1,1,3027.1,57769097.599999994
2025-08-01 09:42:31 AM,3026.9,0,0.0,57769097.599999994
2025-08-01 09:42:32 AM,3026.9,1,3026.9,57772124.49999999
2025-08-01 09:42:38 AM,3027.1,0,0.0,57772124.49999999
2025-08-01 09:42:38 AM,3027.1,10,30271.0,57802395.49999999
2025-08-01 09:42:51 AM,3027.4,0,0.0,57802395.49999999
2025-08-01 09:42:51 AM,3027.4,1,3027.4,57805422.89999999
2025-08-01 09:42:58 AM,3027.8,0,0.0,57805422.89999999
2025-08-01 09:42:59 AM,3027.8,1,3027.8,57808450.69999999
2025-08-01 09:43:02 AM,3028.0,0,0.0,57808450.69999999
2025-08-01 09:43:02 AM,3028.0,131,396668.0,58205118.69999999
2025-08-01 09:43:05 AM,3027.8,0,0.0,58205118.69999999
2025-08-01 09:43:06 AM,3027.8,32,96889.6,58302008.29999999
2025-08-01 09:43:07 AM,3027.9,2,6055.8,58308064.09999999
2025-08-01 09:43:07 AM,3028.9,0,0.0,58308064.09999999
2025-08-01 09:43:08 AM,3028.9,1,3028.9,58311092.999999985
2025-08-01 09:43:16 AM,3028.9,1,3028.9,58314121.89999998
2025-08-01 09:43:23 AM,3027.8,0,0.0,58314121.89999998
2025-08-01 09:43:23 AM,3027.8,274,829617.2000000001,59143739.09999999
2025-08-01 09:43:27 AM,3027.0,6,18162.0,59161901.09999999
2025-08-01 09:43:32 AM,3026.8,0,0.0,59161901.09999999
2025-08-01 09:43:33 AM,3026.8,1,3026.8,59164927.89999998
2025-08-01 09:43:34 AM,3026.8,3,9080.400000000001,59174008.29999998
2025-08-01 09:43:38 AM,3026.8,52,157393.6,59331401.89999998
2025-08-01 09:43:49 AM,3029.0,20,60580.0,59391981.89999998
2025-08-01 09:43:50 AM,3028.0,30,90840.0,59482821.89999998
2025-08-01 09:44:03 AM,3028.0,16,48448.0,59531269.89999998
2025-08-01 09:44:11 AM,3027.7,5,15138.5,59546408.39999998
2025-08-01 09:44:12 AM,3027.7,1,3027.7,59549436.09999999
2025-08-01 09:44:23 AM,3026.8,0,0.0,59549436.09999999
2025-08-01 09:44:24 AM,3026.8,8,24214.4,59573650.499999985
2025-08-01 09:44:25 AM,3026.8,1,3026.8,59576677.29999998
2025-08-01 09:44:27 AM,3026.8,441,1334818.8,60911496.09999998
2025-08-01 09:45:04 AM,3025.0,0,0.0,60911496.09999998
2025-08-01 09:45:05 AM,3025.0,103,311575.0,61223071.09999998
2025-08-01 09:45:07 AM,3024.5,1,3024.5,61226095.59999998
2025-08-01 09:45:12 AM,3023.0,0,0.0,61226095.59999998
2025-08-01 09:45:13 AM,3023.0,4,12092.0,61238187.59999998
2025-08-01 09:45:21 AM,3022.5,21,63472.5,61301660.09999998
2025-08-01 09:45:24 AM,3023.7,0,0.0,61301660.09999998
2025-08-01 09:45:25 AM,3023.7,10,30237.0,61331897.09999998
2025-08-01 09:45:28 AM,3022.1,0,0.0,61331897.09999998
2025-08-01 09:45:29 AM,3022.1,1,3022.1,61334919.19999998
2025-08-01 09:45:48 AM,3023.2,10,30232.0,61365151.19999998
2025-08-01 09:46:00 AM,3024.1,49,148180.9,61513332.09999998
2025-08-01 09:46:06 AM,3020.8,0,0.0,61513332.09999998
2025-08-01 09:46:07 AM,3020.8,176,531660.8,62044992.899999976
2025-08-01 09:46:07 AM,3020.2,2,6040.4,62051033.299999975
2025-08-01 09:46:13 AM,3020.0,0,0.0,62051033.299999975
2025-08-01 09:46:14 AM,3020.0,15,45300.0,62096333.299999975
2025-08-01 09:46:19 AM,3021.1,2,6042.2,62102375.49999998
2025-08-01 09:46:23 AM,3020.0,0,0.0,62102375.49999998
2025-08-01 09:46:23 AM,3020.0,7,21140.0,62123515.49999998
2025-08-01 09:46:26 AM,3021.1,51,154076.1,62277591.59999998
2025-08-01 09:46:35 AM,3019.0,0,0.0,62277591.59999998
2025-08-01 09:46:35 AM,3019.0,496,1497424.0,63775015.59999998
2025-08-01 09:46:37 AM,3019.2,20,60384.0,63835399.59999998
2025-08-01 09:46:44 AM,3019.4,3,9058.2,63844457.79999998
2025-08-01 09:46:44 AM,3019.2,0,0.0,63844457.79999998
2025-08-01 09:46:45 AM,3019.2,3,9057.599999999999,63853515.39999998
2025-08-01 09:46:46 AM,3021.0,355,1072455.0,64925970.39999998
2025-08-01 09:46:46 AM,3020.0,0,0.0,64925970.39999998
2025-08-01 09:46:47 AM,3020.0,1,3020.0,64928990.39999998
2025-08-01 09:46:54 AM,3020.0,2,6040.0,64935030.39999998
2025-08-01 09:46:59 AM,3020.8,0,0.0,64935030.39999998
2025-08-01 09:46:59 AM,3020.8,10,30208.0,64965238.39999998
2025-08-01 09:47:00 AM,3020.9,0,0.0,64965238.39999998
2025-08-01 09:47:01 AM,3020.9,2,6041.8,64971280.19999998
2025-08-01 09:47:05 AM,3020.8,1,3020.8,64974300.99999998
2025-08-01 09:47:10 AM,3020.0,16,48320.0,65022620.99999998
2025-08-01 09:47:12 AM,3020.0,6,18120.0,65040740.99999998
2025-08-01 09:47:24 AM,3020.0,24,72480.0,65113220.99999998
2025-08-01 09:47:29 AM,3020.0,100,302000.0,65415220.99999998
2025-08-01 09:47:32 AM,3019.0,0,0.0,65415220.99999998
2025-08-01 09:47:32 AM,3019.0,215,649085.0,66064305.99999998
2025-08-01 09:47:33 AM,3018.0,37,111666.0,66175971.99999998
2025-08-01 09:47:33 AM,3018.4,0,0.0,66175971.99999998
2025-08-01 09:47:34 AM,3018.4,358,1080587.2,67256559.19999997
2025-08-01 09:47:42 AM,3018.4,3,9055.2,67265614.39999998
2025-08-01 09:47:47 AM,3018.4,9,27165.600000000002,67292779.99999997
2025-08-01 09:47:50 AM,3019.8,0,0.0,67292779.99999997
2025-08-01 09:47:51 AM,3019.8,2,6039.6,67298819.59999996
2025-08-01 09:47:55 AM,3020.0,30,90600.0,67389419.59999996
2025-08-01 09:48:00 AM,3022.0,700,2115400.0,69504819.59999996
2025-08-01 09:48:01 AM,3020.7,0,0.0,69504819.59999996
2025-08-01 09:48:02 AM,3020.7,1,3020.7,69507840.29999997
2025-08-01 09:48:09 AM,3020.7,1,3020.7,69510860.99999997
2025-08-01 09:48:10 AM,3020.7,5,15103.5,69525964.49999997
2025-08-01 09:48:13 AM,3021.0,0,0.0,69525964.49999997
2025-08-01 09:48:14 AM,3021.0,1,3021.0,69528985.49999997
2025-08-01 09:48:18 AM,3021.7,25,75542.5,69604527.99999997
2025-08-01 09:48:19 AM,3021.7,1,3021.7,69607549.69999997
2025-08-01 09:48:23 AM,3021.7,4,12086.8,69619636.49999997
2025-08-01 09:48:23 AM,3021.7,1,3021.7,69622658.19999997
2025-08-01 09:48:24 AM,3021.7,1,3021.7,69625679.89999998
2025-08-01 09:48:29 AM,3021.5,1,3021.5,69628701.39999998
2025-08-01 09:48:32 AM,3021.7,25,75542.5,69704243.89999998
2025-08-01 09:48:33 AM,3021.5,3,9064.5,69713308.39999998
2025-08-01 09:48:40 AM,3021.5,1,3021.5,69716329.89999998
2025-08-01 09:48:46 AM,3021.7,1,3021.7,69719351.59999998
2025-08-01 09:48:48 AM,3021.7,1,3021.7,69722373.29999998
2025-08-01 09:48:49 AM,3021.8,8,24174.4,69746547.69999999
2025-08-01 09:48:53 AM,3021.5,3,9064.5,69755612.19999999
2025-08-01 09:48:56 AM,3022.0,1,3022.0,69758634.19999999
2025-08-01 09:49:03 AM,3021.5,18,54387.0,69813021.19999999
2025-08-01 09:49:09 AM,3022.8,12,36273.600000000006,69849294.79999998
2025-08-01 09:49:23 AM,3024.5,38,114931.0,69964225.79999998
2025-08-01 09:49:25 AM,3025.0,1,3025.0,69967250.79999998
2025-08-01 09:49:42 AM,3025.0,20,60500.0,70027750.79999998
2025-08-01 09:49:51 AM,3024.0,0,0.0,70027750.79999998
2025-08-01 09:49:52 AM,3024.0,2,6048.0,70033798.79999998
2025-08-01 09:49:54 AM,3023.8,25,75595.0,70109393.79999998
2025-08-01 09:49:56 AM,3021.6,100,302160.0,70411553.79999998
2025-08-01 09:50:06 AM,3023.7,1,3023.7,70414577.49999999
2025-08-01 09:50:22 AM,3021.8,0,0.0,70414577.49999999
2025-08-01 09:50:23 AM,3021.8,60,181308.0,70595885.49999999
2025-08-01 09:50:24 AM,3023.5,23,69540.5,70665425.99999999
2025-08-01 09:50:26 AM,3022.3,0,0.0,70665425.99999999
2025-08-01 09:50:26 AM,3020.8,863,2606950.4000000004,73272376.39999999
2025-08-01 09:50:46 AM,3021.9,16,48350.4,73320726.8
2025-08-01 09:50:50 AM,3022.2,0,0.0,73320726.8
2025-08-01 09:50:51 AM,3022.2,8,24177.6,73344904.39999999
2025-08-01 09:50:53 AM,3021.1,0,0.0,73344904.39999999
2025-08-01 09:50:54 AM,3021.1,15,45316.5,73390220.89999999
2025-08-01 09:51:02 AM,3022.2,0,0.0,73390220.89999999
2025-08-01 09:51:03 AM,3022.2,1,3022.2,73393243.1
2025-08-01 09:51:04 AM,3022.3,5,15111.5,73408354.6
2025-08-01 09:51:04 AM,3023.1,0,0.0,73408354.6
2025-08-01 09:51:05 AM,3023.1,8,24184.8,73432539.39999999
2025-08-01 09:51:09 AM,3024.5,50,151225.0,73583764.39999999
2025-08-01 09:51:10 AM,3024.0,2,6048.0,73589812.39999999
2025-08-01 09:51:28 AM,3022.7,25,75567.5,73665379.89999999
2025-08-01 09:51:44 AM,3022.7,15,45340.5,73710720.39999999
2025-08-01 09:51:50 AM,3022.6,0,0.0,73710720.39999999
2025-08-01 09:51:51 AM,3022.6,20,60452.0,73771172.39999999
2025-08-01 09:51:59 AM,3020.8,0,0.0,73771172.39999999
2025-08-01 09:51:59 AM,3020.8,4,12083.2,73783255.6
2025-08-01 09:52:04 AM,3022.9,0,0.0,73783255.6
2025-08-01 09:52:04 AM,3022.9,250,755725.0,74538980.6
2025-08-01 09:52:12 AM,3020.3,355,1072206.5,75611187.1
2025-08-01 09:52:21 AM,3022.3,0,0.0,75611187.1
2025-08-01 09:52:21 AM,3022.3,15,45334.5,75656521.6
2025-08-01 09:52:42 AM,3022.3,2,6044.6,75662566.19999999
2025-08-01 09:52:48 AM,3022.3,5,15111.5,75677677.69999999
2025-08-01 09:52:57 AM,3022.3,10,30223.0,75707900.69999999
2025-08-01 09:53:04 AM,3021.8,0,0.0,75707900.69999999
2025-08-01 09:53:05 AM,3021.8,1,3021.8,75710922.49999999
2025-08-01 09:53:10 AM,3022.3,5,15111.5,75726033.99999999
2025-08-01 09:53:23 AM,3022.3,8,24178.4,75750212.39999999
2025-08-01 09:53:32 AM,3020.2,0,0.0,75750212.39999999
2025-08-01 09:53:33 AM,3020.2,253,764110.6,76514322.99999999
2025-08-01 09:53:37 AM,3020.2,2,6040.4,76520363.39999999
2025-08-01 09:53:41 AM,3020.0,119,359380.0,76879743.39999999
2025-08-01 09:53:42 AM,3019.9,0,0.0,76879743.39999999
2025-08-01 09:53:43 AM,3020.5,0,0.0,76879743.39999999
2025-08-01 09:53:43 AM,3020.5,10,30205.0,76909948.39999999
2025-08-01 09:53:57 AM,3019.3,1,3019.3,76912967.69999999
2025-08-01 09:53:59 AM,3021.0,0,0.0,76912967.69999999
2025-08-01 09:54:00 AM,3021.0,8,24168.0,76937135.69999999
2025-08-01 09:54:08 AM,3020.0,1,3020.0,76940155.69999999
2025-08-01 09:54:17 AM,3017.3,239,721134.7000000001,77661290.39999999
2025-08-01 09:54:20 AM,3017.2,0,0.0,77661290.39999999
2025-08-01 09:54:20 AM,3017.2,1,3017.2,77664307.6
2025-08-01 09:54:25 AM,3017.0,66,199122.0,77863429.6
2025-08-01 09:54:26 AM,3017.0,5,15085.0,77878514.6
2025-08-01 09:54:27 AM,3017.5,0,0.0,77878514.6
2025-08-01 09:54:27 AM,3017.5,100,301750.0,78180264.6
2025-08-01 09:54:27 AM,3017.2,1,3017.2,78183281.8
2025-08-01 09:54:27 AM,3017.6,0,0.0,78183281.8
2025-08-01 09:54:28 AM,3017.6,60,181056.0,78364337.8
2025-08-01 09:54:31 AM,3017.2,5,15086.0,78379423.8
2025-08-01 09:54:39 AM,3018.8,1,3018.8,78382442.6
2025-08-01 09:54:47 AM,3018.0,0,0.0,78382442.6
2025-08-01 09:54:48 AM,3018.0,37,111666.0,78494108.6
2025-08-01 09:54:52 AM,3018.8,0,0.0,78494108.6
2025-08-01 09:54:53 AM,3018.8,25,75470.0,78569578.6
2025-08-01 09:54:53 AM,3018.8,1,3018.8,78572597.39999999
2025-08-01 09:54:55 AM,3018.8,29,87545.20000000001,78660142.6
2025-08-01 09:55:01 AM,3018.8,49,147921.2,78808063.8
2025-08-01 09:55:17 AM,3019.8,2,6039.6,78814103.39999999
2025-08-01 09:55:24 AM,3016.1,248,747992.7999999999,79562096.19999999
2025-08-01 09:55:27 AM,3016.0,2,6032.0,79568128.19999999
2025-08-01 09:55:28 AM,3017.0,10,30170.0,79598298.19999999
2025-08-01 09:55:35 AM,3015.5,57,171883.5,79770181.69999999
2025-08-01 09:55:40 AM,3018.6,2,6037.2,79776218.89999999
2025-08-01 09:55:41 AM,3018.3,3,9054.900000000001,79785273.8
2025-08-01 09:55:50 AM,3017.3,27,81467.1,79866740.89999999
2025-08-01 09:56:03 AM,3015.1,0,0.0,79866740.89999999
2025-08-01 09:56:03 AM,3015.0,0,0.0,79866740.89999999
2025-08-01 09:56:03 AM,3015.0,13,39195.0,79905935.89999999
2025-08-01 09:56:03 AM,3015.8,1,3015.8,79908951.69999999
2025-08-01 09:56:04 AM,3015.8,3,9047.400000000001,79917999.1
2025-08-01 09:56:05 AM,3013.2,280,843696.0,80761695.1
2025-08-01 09:56:05 AM,3012.9,3,9038.7,80770733.8
2025-08-01 09:56:06 AM,3013.1,0,0.0,80770733.8
2025-08-01 09:56:06 AM,3013.7,0,0.0,80770733.8
2025-08-01 09:56:06 AM,3013.7,10,30137.0,80800870.8
2025-08-01 09:56:07 AM,3012.5,4,12050.0,80812920.8
2025-08-01 09:56:08 AM,3013.7,15,45205.5,80858126.3
2025-08-01 09:56:16 AM,3013.8,250,753450.0,81611576.3
2025-08-01 09:56:29 AM,3016.2,1,3016.2,81614592.5
2025-08-01 09:56:31 AM,3014.6,10,30146.0,81644738.5
2025-08-01 09:56:32 AM,3016.2,2,6032.4,81650770.9
2025-08-01 09:56:35 AM,3016.2,1,3016.2,81653787.10000001
2025-08-01 09:56:43 AM,3014.8,0,0.0,81653787.10000001
2025-08-01 09:56:43 AM,3014.8,1,3014.8,81656801.9
2025-08-01 09:56:45 AM,3015.0,5,15075.0,81671876.9
2025-08-01 09:56:46 AM,3012.4,0,0.0,81671876.9
2025-08-01 09:56:46 AM,3012.4,165,497046.0,82168922.9
2025-08-01 09:56:48 AM,3013.0,0,0.0,82168922.9
2025-08-01 09:56:48 AM,3013.0,6,18078.0,82187000.9
2025-08-01 09:56:50 AM,3013.0,5,15065.0,82202065.9
2025-08-01 09:56:51 AM,3014.0,0,0.0,82202065.9
2025-08-01 09:56:51 AM,3014.0,50,150700.0,82352765.9
2025-08-01 09:56:55 AM,3013.0,0,0.0,82352765.9
2025-08-01 09:56:55 AM,3013.0,1,3013.0,82355778.9
2025-08-01 09:56:59 AM,3012.0,51,153612.0,82509390.9
2025-08-01 09:57:04 AM,3011.3,5,15056.5,82524447.4
2025-08-01 09:57:05 AM,3011.3,35,105395.5,82629842.9
2025-08-01 09:57:06 AM,3011.0,3,9033.0,82638875.9
2025-08-01 09:57:08 AM,3011.8,1,3011.8,82641887.7
2025-08-01 09:57:13 AM,3011.9,9,27107.100000000002,82668994.8
2025-08-01 09:57:15 AM,3012.0,19,57228.0,82726222.8
2025-08-01 09:57:26 AM,3014.2,0,0.0,82726222.8
2025-08-01 09:57:26 AM,3014.2,340,1024827.9999999999,83751050.8
2025-08-01 09:57:28 AM,3012.5,0,0.0,83751050.8
2025-08-01 09:57:28 AM,3011.5,80,240920.0,83991970.8
2025-08-01 09:57:30 AM,3013.0,0,0.0,83991970.8
2025-08-01 09:57:30 AM,3013.0,1,3013.0,83994983.8
2025-08-01 09:57:33 AM,3012.5,10,30125.0,84025108.8
2025-08-01 09:57:34 AM,3011.2,1,3011.2,84028120.0
2025-08-01 09:57:36 AM,3012.7,10,30127.0,84058247.0
2025-08-01 09:57:37 AM,3012.7,1,3012.7,84061259.7
2025-08-01 09:57:41 AM,3012.7,1,3012.7,84064272.4
2025-08-01 09:57:53 AM,3012.5,0,0.0,84064272.4
2025-08-01 09:57:53 AM,3012.5,1,3012.5,84067284.9
2025-08-01 09:57:54 AM,3012.3,0,0.0,84067284.9
2025-08-01 09:57:54 AM,3012.3,1,3012.3,84070297.2
2025-08-01 09:58:01 AM,3012.6,0,0.0,84070297.2
2025-08-01 09:58:01 AM,3012.6,10,30126.0,84100423.2
2025-08-01 09:58:06 AM,3011.5,1,3011.5,84103434.7
2025-08-01 09:58:08 AM,3012.2,0,0.0,84103434.7
2025-08-01 09:58:08 AM,3012.3,0,0.0,84103434.7
2025-08-01 09:58:08 AM,3012.3,52,156639.6,84260074.3
2025-08-01 09:58:12 AM,3012.1,1,3012.1,84263086.39999999
2025-08-01 09:58:12 AM,3011.2,10,30112.0,84293198.39999999
2025-08-01 09:58:18 AM,3010.5,77,231808.5,84525006.89999999
2025-08-01 09:58:19 AM,3011.1,0,0.0,84525006.89999999
2025-08-01 09:58:19 AM,3011.1,1,3011.1,84528017.99999999
2025-08-01 09:58:20 AM,3015.7,0,0.0,84528017.99999999
2025-08-01 09:58:20 AM,3015.7,2308,6960235.6,91488253.59999998
2025-08-01 09:58:20 AM,3011.7,1,3011.7,91491265.29999998
2025-08-01 09:58:26 AM,3011.1,1,3011.1,91494276.39999998
2025-08-01 09:58:33 AM,3011.1,1,3011.1,91497287.49999997
2025-08-01 09:58:38 AM,3011.1,6,18066.6,91515354.09999996
2025-08-01 09:58:40 AM,3011.1,9,27099.899999999998,91542453.99999997
2025-08-01 09:58:41 AM,3011.6,30,90348.0,91632801.99999997
2025-08-01 09:58:42 AM,3011.1,0,0.0,91632801.99999997
2025-08-01 09:58:42 AM,3011.1,1,3011.1,91635813.09999996
2025-08-01 09:58:48 AM,3011.3,0,0.0,91635813.09999996
2025-08-01 09:58:48 AM,3011.3,5,15056.5,91650869.59999996
2025-08-01 09:58:49 AM,3011.5,8,24092.0,91674961.59999996
2025-08-01 09:58:54 AM,3011.1,1,3011.1,91677972.69999996
2025-08-01 09:58:55 AM,3010.0,0,0.0,91677972.69999996
2025-08-01 09:58:55 AM,3010.0,663,1995630.0,93673602.69999996
2025-08-01 09:58:55 AM,3009.6,1,3009.6,93676612.29999995
2025-08-01 09:58:58 AM,3008.3,0,0.0,93676612.29999995
2025-08-01 09:58:58 AM,3008.3,4,12033.2,93688645.49999996
2025-08-01 09:58:58 AM,3010.0,34,102340.0,93790985.49999996
2025-08-01 09:58:59 AM,3010.6,10,30106.0,93821091.49999996
2025-08-01 09:59:01 AM,3009.7,10,30097.0,93851188.49999996
2025-08-01 09:59:01 AM,3011.8,100,301180.0,94152368.49999996
2025-08-01 09:59:03 AM,3009.6,23,69220.8,94221589.29999995
2025-08-01 09:59:05 AM,3009.6,15,45144.0,94266733.29999995
2025-08-01 09:59:05 AM,3010.2,7,21071.399999999998,94287804.69999996
2025-08-01 09:59:06 AM,3009.7,10,30097.0,94317901.69999996
2025-08-01 09:59:09 AM,3009.0,0,0.0,94317901.69999996
2025-08-01 09:59:09 AM,3009.0,1,3009.0,94320910.69999996
2025-08-01 09:59:10 AM,3008.3,1,3008.3,94323918.99999996
2025-08-01 09:59:11 AM,3008.3,1,3008.3,94326927.29999995
2025-08-01 09:59:13 AM,3009.0,12,36108.0,94363035.29999995
2025-08-01 09:59:18 AM,3008.8,6,18052.800000000003,94381088.09999995
2025-08-01 09:59:21 AM,3011.0,0,0.0,94381088.09999995
2025-08-01 09:59:21 AM,3011.0,415,1249565.0,95630653.09999995
2025-08-01 09:59:22 AM,3011.0,84,252924.0,95883577.09999995
2025-08-01 09:59:22 AM,3010.6,11,33116.6,95916693.69999994
2025-08-01 09:59:23 AM,3010.9,10,30109.0,95946802.69999994
2025-08-01 09:59:28 AM,3011.1,2,6022.2,95952824.89999995
2025-08-01 09:59:34 AM,3011.5,0,0.0,95952824.89999995
2025-08-01 09:59:34 AM,3011.5,1,3011.5,95955836.39999995
2025-08-01 09:59:36 AM,3011.5,7,21080.5,95976916.89999995
2025-08-01 09:59:38 AM,3011.0,0,0.0,95976916.89999995
2025-08-01 09:59:38 AM,3011.0,100,301100.0,96278016.89999995
2025-08-01 09:59:39 AM,3012.1,0,0.0,96278016.89999995
2025-08-01 09:59:39 AM,3012.1,50,150605.0,96428621.89999995
2025-08-01 09:59:40 AM,3010.8,20,60216.0,96488837.89999995
2025-08-01 09:59:44 AM,3012.0,1,3012.0,96491849.89999995
2025-08-01 09:59:46 AM,3012.1,50,150605.0,96642454.89999995
2025-08-01 09:59:48 AM,3012.1,1,3012.1,96645466.99999994
2025-08-01 09:59:50 AM,3012.1,34,102411.4,96747878.39999995
2025-08-01 10:00:00 AM,3010.9,3,9032.7,96756911.09999995
2025-08-01 10:00:01 AM,3011.8,1,3011.8,96759922.89999995
2025-08-01 10:00:04 AM,3010.0,134,403340.0,97163262.89999995
2025-08-01 10:00:04 AM,3008.2,113,339926.6,97503189.49999994
2025-08-01 10:00:05 AM,3009.2,16,48147.2,97551336.69999994
2025-08-01 10:00:06 AM,3009.2,10,30092.0,97581428.69999994
2025-08-01 10:00:08 AM,3007.5,76,228570.0,97809998.69999994
2025-08-01 10:00:11 AM,3008.3,0,0.0,97809998.69999994
2025-08-01 10:00:11 AM,3008.3,1,3008.3,97813006.99999994
2025-08-01 10:00:12 AM,3007.8,1,3007.8,97816014.79999994
2025-08-01 10:00:13 AM,3007.8,69,207538.2,98023552.99999994
2025-08-01 10:00:17 AM,3009.0,0,0.0,98023552.99999994
2025-08-01 10:00:17 AM,3009.0,1,3009.0,98026561.99999994
2025-08-01 10:00:23 AM,3008.9,1,3008.9,98029570.89999995
2025-08-01 10:00:26 AM,3007.6,10,30076.0,98059646.89999995
2025-08-01 10:00:28 AM,3008.9,0,0.0,98059646.89999995
2025-08-01 10:00:28 AM,3008.9,1,3008.9,98062655.79999995
2025-08-01 10:00:34 AM,3008.1,11,33089.1,98095744.89999995
2025-08-01 10:00:36 AM,3008.8,1,3008.8,98098753.69999994
2025-08-01 10:00:37 AM,3008.2,2,6016.4,98104770.09999995
2025-08-01 10:00:45 AM,3008.5,2,6017.0,98110787.09999995
2025-08-01 10:00:48 AM,3008.5,3,9025.5,98119812.59999995
2025-08-01 10:00:49 AM,3008.5,1,3008.5,98122821.09999995
2025-08-01 10:00:57 AM,3008.9,103,309916.7,98432737.79999995
2025-08-01 10:01:01 AM,3008.7,0,0.0,98432737.79999995
2025-08-01 10:01:01 AM,3008.7,1,3008.7,98435746.49999996
2025-08-01 10:01:03 AM,3007.5,255,766912.5,99202658.99999996
2025-08-01 10:01:04 AM,3007.1,1,3007.1,99205666.09999995
2025-08-01 10:01:06 AM,3008.0,0,0.0,99205666.09999995
2025-08-01 10:01:06 AM,3008.0,38,114304.0,99319970.09999995
2025-08-01 10:01:07 AM,3008.2,0,0.0,99319970.09999995
2025-08-01 10:01:07 AM,3008.2,57,171467.4,99491437.49999996
2025-08-01 10:01:10 AM,3009.7,1,3009.7,99494447.19999996
2025-08-01 10:01:11 AM,3008.0,0,0.0,99494447.19999996
2025-08-01 10:01:11 AM,3008.0,21,63168.0,99557615.19999996
2025-08-01 10:01:17 AM,3009.6,90,270864.0,99828479.19999996
2025-08-01 10:01:26 AM,3009.5,1,3009.5,99831488.69999996
2025-08-01 10:01:27 AM,3009.5,1,3009.5,99834498.19999996
2025-08-01 10:01:30 AM,3010.1,48,144484.8,99978982.99999996
2025-08-01 10:01:36 AM,3011.0,2,6022.0,99985004.99999996
2025-08-01 10:01:37 AM,3010.8,1,3010.8,99988015.79999995
2025-08-01 10:01:39 AM,3012.0,0,0.0,99988015.79999995
2025-08-01 10:01:39 AM,3012.0,39,117468.0,100105483.79999995
2025-08-01 10:01:39 AM,3012.1,7,21084.7,100126568.49999996
2025-08-01 10:01:47 AM,3014.1,0,0.0,100126568.49999996
2025-08-01 10:01:47 AM,3014.1,26,78366.59999999999,100204935.09999995
2025-08-01 10:02:04 AM,3016.0,25,75400.0,100280335.09999995
2025-08-01 10:02:08 AM,3015.7,0,0.0,100280335.09999995
2025-08-01 10:02:08 AM,3016.0,0,0.0,100280335.09999995
2025-08-01 10:02:08 AM,3016.0,32,96512.0,100376847.09999995
2025-08-01 10:02:11 AM,3015.8,5,15079.0,100391926.09999995
2025-08-01 10:02:28 AM,3016.4,118,355935.2,100747861.29999995
2025-08-01 10:02:31 AM,3019.2,1,3019.2,100750880.49999996
2025-08-01 10:02:35 AM,3017.9,1,3017.9,100753898.39999996
2025-08-01 10:02:39 AM,3017.3,0,0.0,100753898.39999996
2025-08-01 10:02:39 AM,3017.3,3,9051.900000000001,100762950.29999997
2025-08-01 10:02:47 AM,3017.9,0,0.0,100762950.29999997
2025-08-01 10:02:47 AM,3017.9,28,84501.2,100847451.49999997
2025-08-01 10:02:50 AM,3018.7,5,15093.5,100862544.99999997
2025-08-01 10:02:51 AM,3017.3,150,452595.0,101315139.99999997
2025-08-01 10:02:54 AM,3017.3,2,6034.6,101321174.59999996
2025-08-01 10:03:02 AM,3018.8,0,0.0,101321174.59999996
2025-08-01 10:03:02 AM,3018.8,4,12075.2,101333249.79999997
2025-08-01 10:03:09 AM,3018.4,0,0.0,101333249.79999997
2025-08-01 10:03:09 AM,3018.4,5,15092.0,101348341.79999997
2025-08-01 10:03:10 AM,3018.6,0,0.0,101348341.79999997
2025-08-01 10:03:10 AM,3018.6,5,15093.0,101363434.79999997
2025-08-01 10:03:16 AM,3017.3,0,0.0,101363434.79999997
2025-08-01 10:03:16 AM,3017.3,415,1252179.5,102615614.29999997
2025-08-01 10:03:18 AM,3018.1,0,0.0,102615614.29999997
2025-08-01 10:03:18 AM,3018.1,1,3018.1,102618632.39999996
2025-08-01 10:03:23 AM,3019.5,0,0.0,102618632.39999996
2025-08-01 10:03:23 AM,3019.5,11,33214.5,102651846.89999996
2025-08-01 10:03:26 AM,3019.5,5,15097.5,102666944.39999996
2025-08-01 10:03:30 AM,3019.0,8,24152.0,102691096.39999996
2025-08-01 10:03:32 AM,3019.5,0,0.0,102691096.39999996
2025-08-01 10:03:32 AM,3019.5,2,6039.0,102697135.39999996
2025-08-01 10:03:37 AM,3020.5,263,794391.5,103491526.89999996
2025-08-01 10:03:40 AM,3022.1,11,33243.1,103524769.99999996
2025-08-01 10:03:48 AM,3022.5,0,0.0,103524769.99999996
2025-08-01 10:03:48 AM,3022.5,10,30225.0,103554994.99999996
2025-08-01 10:03:50 AM,3022.6,5,15113.0,103570107.99999996
2025-08-01 10:03:57 AM,3023.0,0,0.0,103570107.99999996
2025-08-01 10:03:57 AM,3023.0,20,60460.0,103630567.99999996
2025-08-01 10:04:01 AM,3022.0,8,24176.0,103654743.99999996
2025-08-01 10:04:08 AM,3020.3,30,90609.0,103745352.99999996
2025-08-01 10:04:13 AM,3020.6,0,0.0,103745352.99999996
2025-08-01 10:04:13 AM,3020.6,1,3020.6,103748373.59999995
2025-08-01 10:04:15 AM,3022.0,0,0.0,103748373.59999995
2025-08-01 10:04:15 AM,3022.0,10,30220.0,103778593.59999995
2025-08-01 10:04:20 AM,3020.6,17,51350.2,103829943.79999995
2025-08-01 10:04:21 AM,3022.1,1,3022.1,103832965.89999995
2025-08-01 10:04:28 AM,3022.1,11,33243.1,103866208.99999994
2025-08-01 10:04:29 AM,3022.3,0,0.0,103866208.99999994
2025-08-01 10:04:29 AM,3022.3,3,9066.900000000001,103875275.89999995
2025-08-01 10:04:30 AM,3022.1,0,0.0,103875275.89999995
2025-08-01 10:04:30 AM,3022.1,3,9066.3,103884342.19999994
2025-08-01 10:04:33 AM,3023.0,0,0.0,103884342.19999994
2025-08-01 10:04:33 AM,3023.0,19,57437.0,103941779.19999994
2025-08-01 10:04:53 AM,3022.0,0,0.0,103941779.19999994
2025-08-01 10:04:53 AM,3022.0,5,15110.0,103956889.19999994
2025-08-01 10:04:57 AM,3022.0,3,9066.0,103965955.19999994
2025-08-01 10:05:00 AM,3020.8,0,0.0,103965955.19999994
2025-08-01 10:05:00 AM,3022.9,202,610625.8,104576580.99999994
2025-08-01 10:05:01 AM,3021.0,1,3021.0,104579601.99999994
2025-08-01 10:05:10 AM,3021.3,7,21149.100000000002,104600751.09999993
2025-08-01 10:05:11 AM,3020.0,0,0.0,104600751.09999993
2025-08-01 10:05:11 AM,3020.0,36,108720.0,104709471.09999993
2025-08-01 10:05:11 AM,3018.3,2,6036.6,104715507.69999993
2025-08-01 10:05:14 AM,3017.5,6,18105.0,104733612.69999993
2025-08-01 10:05:15 AM,3017.8,1,3017.8,104736630.49999993
2025-08-01 10:05:23 AM,3017.4,0,0.0,104736630.49999993
2025-08-01 10:05:23 AM,3017.4,100,301740.0,105038370.49999993
2025-08-01 10:05:23 AM,3017.7,5,15088.5,105053458.99999993
2025-08-01 10:05:25 AM,3018.2,0,0.0,105053458.99999993
2025-08-01 10:05:25 AM,3018.2,1,3018.2,105056477.19999993
2025-08-01 10:05:30 AM,3019.4,1,3019.4,105059496.59999993
2025-08-01 10:05:34 AM,3018.7,1,3018.7,105062515.29999994
2025-08-01 10:05:35 AM,3019.4,0,0.0,105062515.29999994
2025-08-01 10:05:35 AM,3019.4,10,30194.0,105092709.29999994
2025-08-01 10:05:39 AM,3019.4,3,9058.2,105101767.49999994
2025-08-01 10:05:55 AM,3017.8,21,63373.8,105165141.29999994
2025-08-01 10:05:56 AM,3015.3,0,0.0,105165141.29999994
2025-08-01 10:05:56 AM,3015.3,31,93474.3,105258615.59999993
2025-08-01 10:05:56 AM,3015.6,2,6031.2,105264646.79999994
2025-08-01 10:06:15 AM,3015.6,1,3015.6,105267662.39999993
2025-08-01 10:06:17 AM,3015.0,0,0.0,105267662.39999993
2025-08-01 10:06:17 AM,3015.0,13,39195.0,105306857.39999993
2025-08-01 10:06:18 AM,3014.8,0,0.0,105306857.39999993
2025-08-01 10:06:18 AM,3014.8,35,105518.0,105412375.39999993
2025-08-01 10:06:19 AM,3015.5,0,0.0,105412375.39999993
2025-08-01 10:06:19 AM,3015.5,2,6031.0,105418406.39999993
2025-08-01 10:06:26 AM,3014.2,0,0.0,105418406.39999993
2025-08-01 10:06:26 AM,3014.2,3,9042.599999999999,105427448.99999993
2025-08-01 10:06:28 AM,3014.2,1,3014.2,105430463.19999993
2025-08-01 10:06:30 AM,3014.2,1,3014.2,105433477.39999993
2025-08-01 10:06:32 AM,3013.5,11,33148.5,105466625.89999993
2025-08-01 10:06:36 AM,3013.4,1,3013.4,105469639.29999994
2025-08-01 10:06:46 AM,3013.0,1,3013.0,105472652.29999994
2025-08-01 10:06:47 AM,3013.2,0,0.0,105472652.29999994
2025-08-01 10:06:47 AM,3013.2,1,3013.2,105475665.49999994
2025-08-01 10:06:47 AM,3013.0,1,3013.0,105478678.49999994
2025-08-01 10:06:52 AM,3013.1,10,30131.0,105508809.49999994
2025-08-01 10:07:02 AM,3013.1,10,30131.0,105538940.49999994
2025-08-01 10:07:12 AM,3013.0,3,9039.0,105547979.49999994
2025-08-01 10:07:27 AM,3013.9,64,192889.6,105740869.09999993
2025-08-01 10:07:31 AM,3013.5,235,708172.5,106449041.59999993
2025-08-01 10:07:36 AM,3015.3,0,0.0,106449041.59999993
2025-08-01 10:07:36 AM,3015.3,2,6030.6,106455072.19999993
2025-08-01 10:07:39 AM,3015.8,2,6031.6,106461103.79999992
2025-08-01 10:07:42 AM,3016.5,2,6033.0,106467136.79999992
2025-08-01 10:07:46 AM,3016.6,0,0.0,106467136.79999992
2025-08-01 10:07:46 AM,3016.6,9,27149.399999999998,106494286.19999993
2025-08-01 10:07:47 AM,3016.1,14,42225.4,106536511.59999993
2025-08-01 10:07:49 AM,3015.6,1,3015.6,106539527.19999993
2025-08-01 10:07:58 AM,3016.4,0,0.0,106539527.19999993
2025-08-01 10:07:58 AM,3016.4,50,150820.0,106690347.19999993
2025-08-01 10:08:01 AM,3014.6,11,33160.6,106723507.79999992
2025-08-01 10:08:02 AM,3015.0,0,0.0,106723507.79999992
2025-08-01 10:08:02 AM,3015.0,1,3015.0,106726522.79999992
2025-08-01 10:08:07 AM,3015.0,2,6030.0,106732552.79999992
2025-08-01 10:08:15 AM,3018.0,8,24144.0,106756696.79999992
2025-08-01 10:08:19 AM,3017.4,3,9052.2,106765748.99999993
2025-08-01 10:08:20 AM,3017.9,0,0.0,106765748.99999993
2025-08-01 10:08:20 AM,3017.9,19,57340.1,106823089.09999992
2025-08-01 10:08:20 AM,3017.3,1,3017.3,106826106.39999992
2025-08-01 10:08:22 AM,3017.3,2,6034.6,106832140.99999991
2025-08-01 10:08:22 AM,3017.0,1,3017.0,106835157.99999991
2025-08-01 10:08:23 AM,3017.6,1,3017.6,106838175.5999999
2025-08-01 10:08:36 AM,3017.8,0,0.0,106838175.5999999
2025-08-01 10:08:36 AM,3017.8,6,18106.800000000003,106856282.3999999
2025-08-01 10:08:36 AM,3017.8,2,6035.6,106862317.9999999
2025-08-01 10:08:37 AM,3017.8,2,6035.6,106868353.59999989
2025-08-01 10:08:38 AM,3017.8,1,3017.8,106871371.39999989
2025-08-01 10:08:38 AM,3017.9,6,18107.4,106889478.7999999
2025-08-01 10:08:39 AM,3016.1,0,0.0,106889478.7999999
2025-08-01 10:08:39 AM,3016.1,1,3016.1,106892494.89999989
2025-08-01 10:08:48 AM,3016.4,10,30164.0,106922658.89999989
2025-08-01 10:09:12 AM,3017.8,0,0.0,106922658.89999989
2025-08-01 10:09:12 AM,3017.8,2,6035.6,106928694.49999988
2025-08-01 10:09:29 AM,3017.8,3,9053.400000000001,106937747.89999989
2025-08-01 10:09:42 AM,3017.7,0,0.0,106937747.89999989
2025-08-01 10:09:42 AM,3016.2,32,96518.4,107034266.2999999
2025-08-01 10:09:43 AM,3017.3,0,0.0,107034266.2999999
2025-08-01 10:09:43 AM,3017.3,1,3017.3,107037283.59999989
2025-08-01 10:09:48 AM,3016.4,0,0.0,107037283.59999989
2025-08-01 10:09:48 AM,3015.9,0,0.0,107037283.59999989
2025-08-01 10:09:48 AM,3015.9,68,205081.2,107242364.7999999
2025-08-01 10:09:50 AM,3016.1,0,0.0,107242364.7999999
2025-08-01 10:09:50 AM,3016.1,1,3016.1,107245380.89999989
2025-08-01 10:09:57 AM,3016.3,50,150815.0,107396195.89999989
2025-08-01 10:09:58 AM,3016.6,0,0.0,107396195.89999989
2025-08-01 10:09:58 AM,3016.6,2,6033.2,107402229.09999989
2025-08-01 10:10:09 AM,3015.6,0,0.0,107402229.09999989
2025-08-01 10:10:09 AM,3015.6,5,15078.0,107417307.09999989
2025-08-01 10:10:12 AM,3015.6,8,24124.8,107441431.89999989
2025-08-01 10:10:13 AM,3015.0,0,0.0,107441431.89999989
2025-08-01 10:10:13 AM,3015.0,1,3015.0,107444446.89999989
2025-08-01 10:10:33 AM,3015.9,0,0.0,107444446.89999989
2025-08-01 10:10:33 AM,3015.9,13,39206.700000000004,107483653.59999989
2025-08-01 10:10:33 AM,3015.7,1,3015.7,107486669.2999999
2025-08-01 10:10:40 AM,3017.3,0,0.0,107486669.2999999
2025-08-01 10:10:40 AM,3017.1,39,117666.9,107604336.1999999
2025-08-01 10:10:41 AM,3017.1,1,3017.1,107607353.2999999
2025-08-01 10:10:49 AM,3017.3,0,0.0,107607353.2999999
2025-08-01 10:10:49 AM,3017.3,3,9051.900000000001,107616405.1999999
2025-08-01 10:10:54 AM,3018.2,1,3018.2,107619423.3999999
2025-08-01 10:11:05 AM,3017.1,1,3017.1,107622440.4999999
2025-08-01 10:11:07 AM,3018.4,1,3018.4,107625458.8999999
2025-08-01 10:11:16 AM,3018.8,0,0.0,107625458.8999999
2025-08-01 10:11:16 AM,3020.0,5,15100.0,107640558.8999999
2025-08-01 10:11:18 AM,3020.0,5,15100.0,107655658.8999999
2025-08-01 10:11:19 AM,3021.4,0,0.0,107655658.8999999
2025-08-01 10:11:19 AM,3021.4,1,3021.4,107658680.29999991
2025-08-01 10:11:23 AM,3022.1,5,15110.5,107673790.79999991
2025-08-01 10:11:26 AM,3019.7,512,1546086.4,109219877.19999991
2025-08-01 10:11:27 AM,3017.3,0,0.0,109219877.19999991
2025-08-01 10:11:27 AM,3017.3,5,15086.5,109234963.69999991
2025-08-01 10:11:30 AM,3017.4,0,0.0,109234963.69999991
2025-08-01 10:11:30 AM,3017.4,22,66382.8,109301346.49999991
2025-08-01 10:11:30 AM,3017.6,1,3017.6,109304364.0999999
2025-08-01 10:11:34 AM,3019.2,80,241536.0,109545900.0999999
2025-08-01 10:11:34 AM,3017.8,2,6035.6,109551935.6999999
2025-08-01 10:11:35 AM,3018.0,12,36216.0,109588151.6999999
2025-08-01 10:11:39 AM,3018.0,4,12072.0,109600223.6999999
2025-08-01 10:11:43 AM,3019.1,0,0.0,109600223.6999999
2025-08-01 10:11:43 AM,3019.1,1,3019.1,109603242.7999999
2025-08-01 10:11:45 AM,3019.4,0,0.0,109603242.7999999
2025-08-01 10:11:45 AM,3019.4,2,6038.8,109609281.59999989
2025-08-01 10:11:50 AM,3020.0,0,0.0,109609281.59999989
2025-08-01 10:11:50 AM,3020.0,2,6040.0,109615321.59999989
2025-08-01 10:11:56 AM,3020.1,0,0.0,109615321.59999989
2025-08-01 10:11:56 AM,3020.1,20,60402.0,109675723.59999989
2025-08-01 10:11:56 AM,3019.1,0,0.0,109675723.59999989
2025-08-01 10:11:56 AM,3019.1,1,3019.1,109678742.69999988
2025-08-01 10:11:59 AM,3018.4,1,3018.4,109681761.09999989
2025-08-01 10:12:01 AM,3019.7,1,3019.7,109684780.7999999
2025-08-01 10:12:17 AM,3019.4,7,21135.8,109705916.59999989
2025-08-01 10:12:19 AM,3019.4,10,30194.0,109736110.59999989
2025-08-01 10:12:20 AM,3018.0,0,0.0,109736110.59999989
2025-08-01 10:12:20 AM,3018.0,1,3018.0,109739128.59999989
2025-08-01 10:12:21 AM,3019.4,5,15097.0,109754225.59999989
2025-08-01 10:12:34 AM,3019.8,0,0.0,109754225.59999989
2025-08-01 10:12:34 AM,3019.8,21,63415.8,109817641.39999989
2025-08-01 10:12:38 AM,3020.6,0,0.0,109817641.39999989
2025-08-01 10:12:38 AM,3020.6,16,48329.6,109865970.99999988
2025-08-01 10:12:38 AM,3020.9,1,3020.9,109868991.89999989
2025-08-01 10:12:42 AM,3019.9,315,951268.5,110820260.39999989
2025-08-01 10:12:43 AM,3022.0,137,414014.0,111234274.39999989
2025-08-01 10:12:44 AM,3020.5,2,6041.0,111240315.39999989
2025-08-01 10:12:49 AM,3019.6,0,0.0,111240315.39999989
2025-08-01 10:12:50 AM,3019.6,6,18117.6,111258432.99999988
2025-08-01 10:12:52 AM,3021.2,0,0.0,111258432.99999988
2025-08-01 10:12:52 AM,3021.2,10,30212.0,111288644.99999988
2025-08-01 10:12:52 AM,3019.8,1,3019.8,111291664.79999988
2025-08-01 10:12:54 AM,3019.6,0,0.0,111291664.79999988
2025-08-01 10:12:54 AM,3019.6,4,12078.4,111303743.19999988
2025-08-01 10:12:57 AM,3020.7,3,9062.099999999999,111312805.29999988
2025-08-01 10:13:03 AM,3019.4,0,0.0,111312805.29999988
2025-08-01 10:13:03 AM,3019.4,10,30194.0,111342999.29999988
2025-08-01 10:13:03 AM,3019.0,1,3019.0,111346018.29999988
2025-08-01 10:13:04 AM,3018.0,5,15090.0,111361108.29999988
2025-08-01 10:13:05 AM,3018.0,1,3018.0,111364126.29999988
2025-08-01 10:13:06 AM,3018.8,3,9056.400000000001,111373182.69999988
2025-08-01 10:13:07 AM,3018.9,0,0.0,111373182.69999988
2025-08-01 10:13:07 AM,3018.9,1,3018.9,111376201.59999989
2025-08-01 10:13:08 AM,3019.8,0,0.0,111376201.59999989
2025-08-01 10:13:08 AM,3019.8,60,181188.0,111557389.59999989
2025-08-01 10:13:08 AM,3018.0,0,0.0,111557389.59999989
2025-08-01 10:13:08 AM,3018.0,2,6036.0,111563425.59999989
2025-08-01 10:13:10 AM,3018.0,17,51306.0,111614731.59999989
2025-08-01 10:13:10 AM,3018.0,1,3018.0,111617749.59999989
2025-08-01 10:13:12 AM,3018.0,60,181080.0,111798829.59999989
2025-08-01 10:13:12 AM,3018.0,3,9054.0,111807883.59999989
2025-08-01 10:13:13 AM,3018.0,19,57342.0,111865225.59999989
2025-08-01 10:13:13 AM,3017.8,1,3017.8,111868243.39999989
2025-08-01 10:13:23 AM,3018.4,4,12073.6,111880316.99999988
2025-08-01 10:13:28 AM,3019.2,85,256631.99999999997,112136948.99999988
2025-08-01 10:13:29 AM,3019.9,0,0.0,112136948.99999988
2025-08-01 10:13:30 AM,3019.9,5,15099.5,112152048.49999988
2025-08-01 10:13:34 AM,3020.0,0,0.0,112152048.49999988
2025-08-01 10:13:34 AM,3020.0,4,12080.0,112164128.49999988
2025-08-01 10:13:40 AM,3020.5,0,0.0,112164128.49999988
2025-08-01 10:13:40 AM,3020.5,5,15102.5,112179230.99999988
2025-08-01 10:13:44 AM,3018.8,0,0.0,112179230.99999988
2025-08-01 10:13:44 AM,3019.1,37,111706.7,112290937.69999988
2025-08-01 10:13:46 AM,3020.1,1,3020.1,112293957.79999988
2025-08-01 10:13:53 AM,3019.5,4,12078.0,112306035.79999988
2025-08-01 10:13:54 AM,3019.5,1,3019.5,112309055.29999988
2025-08-01 10:13:58 AM,3020.1,0,0.0,112309055.29999988
2025-08-01 10:13:58 AM,3020.1,1,3020.1,112312075.39999987
2025-08-01 10:13:59 AM,3021.0,8,24168.0,112336243.39999987
2025-08-01 10:14:02 AM,3020.0,5,15100.0,112351343.39999987
2025-08-01 10:14:02 AM,3021.0,10,30210.0,112381553.39999987
2025-08-01 10:14:03 AM,3020.2,0,0.0,112381553.39999987
2025-08-01 10:14:03 AM,3020.2,21,63424.2,112444977.59999987
2025-08-01 10:14:03 AM,3020.2,1,3020.2,112447997.79999988
2025-08-01 10:14:04 AM,3020.0,0,0.0,112447997.79999988
2025-08-01 10:14:04 AM,3020.0,3,9060.0,112457057.79999988
2025-08-01 10:14:05 AM,3020.2,0,0.0,112457057.79999988
2025-08-01 10:14:05 AM,3020.2,1,3020.2,112460077.99999988
2025-08-01 10:14:08 AM,3020.0,7,21140.0,112481217.99999988
2025-08-01 10:14:09 AM,3020.2,1,3020.2,112484238.19999988
2025-08-01 10:14:09 AM,3021.0,1,3021.0,112487259.19999988
2025-08-01 10:14:14 AM,3020.2,0,0.0,112487259.19999988
2025-08-01 10:14:14 AM,3020.2,5,15101.0,112502360.19999988
2025-08-01 10:14:15 AM,3019.5,692,2089494.0,114591854.19999988
2025-08-01 10:14:16 AM,3018.4,0,0.0,114591854.19999988
2025-08-01 10:14:16 AM,3018.4,35,105644.0,114697498.19999988
2025-08-01 10:14:17 AM,3018.5,0,0.0,114697498.19999988
2025-08-01 10:14:17 AM,3018.5,1,3018.5,114700516.69999988
2025-08-01 10:14:21 AM,3018.8,0,0.0,114700516.69999988
2025-08-01 10:14:21 AM,3018.8,4,12075.2,114712591.89999989
2025-08-01 10:14:22 AM,3017.7,0,0.0,114712591.89999989
2025-08-01 10:14:22 AM,3017.7,1,3017.7,114715609.59999989
2025-08-01 10:14:23 AM,3017.1,5,15085.5,114730695.09999989
2025-08-01 10:14:24 AM,3018.0,1,3018.0,114733713.09999989
2025-08-01 10:14:27 AM,3017.1,0,0.0,114733713.09999989
2025-08-01 10:14:27 AM,3017.1,5,15085.5,114748798.59999989
2025-08-01 10:14:28 AM,3018.4,5,15092.0,114763890.59999989
2025-08-01 10:14:33 AM,3017.1,4,12068.4,114775958.9999999
2025-08-01 10:14:34 AM,3017.1,1,3017.1,114778976.09999989
2025-08-01 10:14:39 AM,3017.1,26,78444.59999999999,114857420.69999988
2025-08-01 10:14:40 AM,3017.1,51,153872.1,115011292.79999988
2025-08-01 10:14:41 AM,3017.1,3,9051.3,115020344.09999987
2025-08-01 10:14:44 AM,3017.1,1,3017.1,115023361.19999987
2025-08-01 10:14:45 AM,3016.0,4,12064.0,115035425.19999987
2025-08-01 10:14:48 AM,3016.0,2,6032.0,115041457.19999987
2025-08-01 10:14:52 AM,3018.2,38,114691.59999999999,115156148.79999986
2025-08-01 10:14:54 AM,3018.2,5,15091.0,115171239.79999986
2025-08-01 10:14:56 AM,3019.5,0,0.0,115171239.79999986
2025-08-01 10:14:56 AM,3019.5,1,3019.5,115174259.29999986
2025-08-01 10:14:56 AM,3018.8,4,12075.2,115186334.49999987
2025-08-01 10:14:58 AM,3017.2,269,811626.7999999999,115997961.29999986
2025-08-01 10:14:59 AM,3017.7,0,0.0,115997961.29999986
2025-08-01 10:14:59 AM,3017.7,14,42247.799999999996,116040209.09999986
2025-08-01 10:14:59 AM,3018.2,0,0.0,116040209.09999986
2025-08-01 10:14:59 AM,3018.2,1,3018.2,116043227.29999986
2025-08-01 10:15:04 AM,3019.0,0,0.0,116043227.29999986
2025-08-01 10:15:04 AM,3018.2,4,12072.8,116055300.09999986
2025-08-01 10:15:08 AM,3019.9,0,0.0,116055300.09999986
2025-08-01 10:15:08 AM,3019.9,50,150995.0,116206295.09999986
2025-08-01 10:15:09 AM,3018.3,0,0.0,116206295.09999986
2025-08-01 10:15:09 AM,3018.3,2,6036.6,116212331.69999985
2025-08-01 10:15:10 AM,3018.6,1,3018.6,116215350.29999985
2025-08-01 10:15:11 AM,3018.6,30,90558.0,116305908.29999985
2025-08-01 10:15:14 AM,3018.4,0,0.0,116305908.29999985
2025-08-01 10:15:14 AM,3018.4,1,3018.4,116308926.69999985
2025-08-01 10:15:15 AM,3018.4,1,3018.4,116311945.09999986
2025-08-01 10:15:17 AM,3018.2,0,0.0,116311945.09999986
2025-08-01 10:15:17 AM,3018.2,3,9054.599999999999,116320999.69999985
2025-08-01 10:15:18 AM,3018.2,1,3018.2,116324017.89999986
2025-08-01 10:15:22 AM,3019.7,5,15098.5,116339116.39999986
2025-08-01 10:15:23 AM,3018.5,0,0.0,116339116.39999986
2025-08-01 10:15:23 AM,3018.3,5,15091.5,116354207.89999986
2025-08-01 10:15:33 AM,3018.3,4,12073.2,116366281.09999986
2025-08-01 10:15:44 AM,3018.7,0,0.0,116366281.09999986
2025-08-01 10:15:44 AM,3018.7,7,21130.899999999998,116387411.99999987
2025-08-01 10:15:53 AM,3019.0,298,899662.0,117287073.99999987
2025-08-01 10:15:54 AM,3018.6,0,0.0,117287073.99999987
2025-08-01 10:15:54 AM,3018.6,1,3018.6,117290092.59999986
2025-08-01 10:15:56 AM,3018.5,1,3018.5,117293111.09999986
2025-08-01 10:15:59 AM,3018.4,51,153938.4,117447049.49999987
2025-08-01 10:15:59 AM,3018.3,0,0.0,117447049.49999987
2025-08-01 10:15:59 AM,3018.3,2,6036.6,117453086.09999986
2025-08-01 10:16:02 AM,3018.3,10,30183.0,117483269.09999986
2025-08-01 10:16:03 AM,3018.3,1,3018.3,117486287.39999986
2025-08-01 10:16:04 AM,3018.3,4,12073.2,117498360.59999986
2025-08-01 10:16:05 AM,3018.4,0,0.0,117498360.59999986
2025-08-01 10:16:05 AM,3018.4,1,3018.4,117501378.99999987
2025-08-01 10:16:10 AM,3018.4,6,18110.4,117519489.39999987
2025-08-01 10:16:14 AM,3018.3,0,0.0,117519489.39999987
2025-08-01 10:16:14 AM,3018.4,0,0.0,117519489.39999987
2025-08-01 10:16:14 AM,3018.4,6,18110.4,117537599.79999988
2025-08-01 10:16:15 AM,3018.3,0,0.0,117537599.79999988
2025-08-01 10:16:15 AM,3018.3,1,3018.3,117540618.09999987
2025-08-01 10:16:22 AM,3018.4,0,0.0,117540618.09999987
2025-08-01 10:16:22 AM,3018.4,25,75460.0,117616078.09999987
2025-08-01 10:16:22 AM,3018.3,0,0.0,117616078.09999987
2025-08-01 10:16:22 AM,3018.3,1,3018.3,117619096.39999987
2025-08-01 10:16:23 AM,3018.3,4,12073.2,117631169.59999987
2025-08-01 10:16:30 AM,3018.4,0,0.0,117631169.59999987
2025-08-01 10:16:30 AM,3018.3,6,18109.800000000003,117649279.39999987
2025-08-01 10:16:31 AM,3018.3,1,3018.3,117652297.69999987
2025-08-01 10:16:33 AM,3018.3,4,12073.2,117664370.89999987
2025-08-01 10:16:40 AM,3018.4,0,0.0,117664370.89999987
2025-08-01 10:16:40 AM,3018.4,1,3018.4,117667389.29999988
2025-08-01 10:16:43 AM,3018.4,2,6036.8,117673426.09999987
2025-08-01 10:16:43 AM,3018.3,5,15091.5,117688517.59999987
2025-08-01 10:16:47 AM,3017.2,0,0.0,117688517.59999987
2025-08-01 10:16:47 AM,3017.2,51,153877.19999999998,117842394.79999988
2025-08-01 10:16:48 AM,3017.3,3,9051.900000000001,117851446.69999988
2025-08-01 10:16:51 AM,3018.4,8,24147.2,117875593.89999989
2025-08-01 10:16:54 AM,3018.0,0,0.0,117875593.89999989
2025-08-01 10:16:54 AM,3017.4,0,0.0,117875593.89999989
2025-08-01 10:16:54 AM,3017.4,4,12069.6,117887663.49999988
2025-08-01 10:16:54 AM,3017.4,1,3017.4,117890680.89999989
2025-08-01 10:16:55 AM,3018.4,1,3018.4,117893699.2999999
2025-08-01 10:16:59 AM,3019.0,36,108684.0,118002383.2999999
2025-08-01 10:16:59 AM,3017.5,1,3017.5,118005400.7999999
2025-08-01 10:17:00 AM,3017.4,0,0.0,118005400.7999999
2025-08-01 10:17:00 AM,3017.4,1,3017.4,118008418.1999999
2025-08-01 10:17:01 AM,3017.3,0,0.0,118008418.1999999
2025-08-01 10:17:01 AM,3017.3,1,3017.3,118011435.4999999
2025-08-01 10:17:03 AM,3017.0,2,6034.0,118017469.4999999
2025-08-01 10:17:05 AM,3016.7,0,0.0,118017469.4999999
2025-08-01 10:17:05 AM,3016.7,3,9050.099999999999,118026519.59999989
2025-08-01 10:17:06 AM,3016.7,47,141784.9,118168304.4999999
2025-08-01 10:17:07 AM,3016.0,0,0.0,118168304.4999999
2025-08-01 10:17:07 AM,3016.0,2,6032.0,118174336.4999999
2025-08-01 10:17:11 AM,3017.0,0,0.0,118174336.4999999
2025-08-01 10:17:11 AM,3016.0,11,33176.0,118207512.4999999
2025-08-01 10:17:13 AM,3016.0,5,15080.0,118222592.4999999
2025-08-01 10:17:15 AM,3016.2,0,0.0,118222592.4999999
2025-08-01 10:17:15 AM,3016.2,1,3016.2,118225608.6999999
2025-08-01 10:17:17 AM,3015.5,0,0.0,118225608.6999999
2025-08-01 10:17:17 AM,3015.5,40,120620.0,118346228.6999999
2025-08-01 10:17:17 AM,3015.1,2,6030.2,118352258.8999999
2025-08-01 10:17:23 AM,3015.0,4,12060.0,118364318.8999999
2025-08-01 10:17:29 AM,3014.5,458,1380641.0,119744959.8999999
2025-08-01 10:17:29 AM,3014.7,0,0.0,119744959.8999999
2025-08-01 10:17:29 AM,3014.7,1,3014.7,119747974.5999999
2025-08-01 10:17:30 AM,3014.5,0,0.0,119747974.5999999
2025-08-01 10:17:30 AM,3014.5,2,6029.0,119754003.5999999
2025-08-01 10:17:33 AM,3014.6,13,39189.799999999996,119793193.3999999
2025-08-01 10:17:37 AM,3015.0,68,205020.0,119998213.3999999
2025-08-01 10:17:38 AM,3015.3,0,0.0,119998213.3999999
2025-08-01 10:17:38 AM,3015.3,4,12061.2,120010274.5999999
2025-08-01 10:17:39 AM,3016.0,1,3016.0,120013290.5999999
2025-08-01 10:17:44 AM,3015.9,0,0.0,120013290.5999999
2025-08-01 10:17:44 AM,3015.9,9,27143.100000000002,120040433.6999999
2025-08-01 10:17:46 AM,3015.0,0,0.0,120040433.6999999
2025-08-01 10:17:46 AM,3015.0,1,3015.0,120043448.6999999
2025-08-01 10:17:54 AM,3015.5,5,15077.5,120058526.1999999
2025-08-01 10:18:01 AM,3015.8,1,3015.8,120061541.9999999
2025-08-01 10:18:04 AM,3015.0,4,12060.0,120073601.9999999
2025-08-01 10:18:23 AM,3014.6,2,6029.2,120079631.1999999
2025-08-01 10:18:35 AM,3014.5,0,0.0,120079631.1999999
2025-08-01 10:18:35 AM,3014.5,1,3014.5,120082645.6999999
2025-08-01 10:18:57 AM,3015.0,21,63315.0,120145960.6999999
2025-08-01 10:18:58 AM,3015.0,22,66330.0,120212290.6999999
2025-08-01 10:18:58 AM,3015.0,1,3015.0,120215305.6999999
2025-08-01 10:19:03 AM,3015.0,3,9045.0,120224350.6999999
2025-08-01 10:19:04 AM,3015.0,1,3015.0,120227365.6999999
2025-08-01 10:19:05 AM,3015.0,1,3015.0,120230380.6999999
2025-08-01 10:19:07 AM,3015.9,0,0.0,120230380.6999999
2025-08-01 10:19:07 AM,3015.9,19,57302.1,120287682.7999999
2025-08-01 10:19:07 AM,3015.3,1,3015.3,120290698.09999989
2025-08-01 10:19:08 AM,3015.9,0,0.0,120290698.09999989
2025-08-01 10:19:08 AM,3015.9,81,244287.9,120534985.9999999
2025-08-01 10:19:11 AM,3015.0,0,0.0,120534985.9999999
2025-08-01 10:19:11 AM,3015.0,2,6030.0,120541015.9999999
2025-08-01 10:19:12 AM,3014.5,10,30145.0,120571160.9999999
2025-08-01 10:19:14 AM,3014.5,40,120580.0,120691740.9999999
2025-08-01 10:19:16 AM,3015.0,0,0.0,120691740.9999999
2025-08-01 10:19:16 AM,3015.0,1,3015.0,120694755.9999999
2025-08-01 10:19:17 AM,3015.0,1,3015.0,120697770.9999999
2025-08-01 10:19:18 AM,3015.0,1,3015.0,120700785.9999999
2025-08-01 10:19:19 AM,3014.0,0,0.0,120700785.9999999
2025-08-01 10:19:19 AM,3014.0,11,33154.0,120733939.9999999
2025-08-01 10:19:19 AM,3015.0,0,0.0,120733939.9999999
2025-08-01 10:19:20 AM,3015.0,1,3015.0,120736954.9999999
2025-08-01 10:19:20 AM,3015.0,1,3015.0,120739969.9999999
2025-08-01 10:19:21 AM,3015.0,1,3015.0,120742984.9999999
2025-08-01 10:19:47 AM,3015.0,1,3015.0,120745999.9999999
2025-08-01 10:19:51 AM,3014.1,0,0.0,120745999.9999999
2025-08-01 10:19:51 AM,3014.1,2,6028.2,120752028.1999999
2025-08-01 10:19:51 AM,3015.0,10,30150.0,120782178.1999999
2025-08-01 10:19:52 AM,3015.0,28,84420.0,120866598.1999999
2025-08-01 10:19:56 AM,3015.0,1,3015.0,120869613.1999999
2025-08-01 10:20:03 AM,3015.0,5,15075.0,120884688.1999999
2025-08-01 10:20:04 AM,3015.0,1,3015.0,120887703.1999999
2025-08-01 10:20:05 AM,3015.0,1,3015.0,120890718.1999999
2025-08-01 10:20:21 AM,3014.6,0,0.0,120890718.1999999
2025-08-01 10:20:21 AM,3014.6,2,6029.2,120896747.3999999
2025-08-01 10:20:40 AM,3014.9,10,30149.0,120926896.3999999
2025-08-01 10:20:41 AM,3015.0,0,0.0,120926896.3999999
2025-08-01 10:20:41 AM,3015.0,4,12060.0,120938956.3999999
2025-08-01 10:20:47 AM,3015.0,3,9045.0,120948001.3999999
2025-08-01 10:20:50 AM,3015.0,2,6030.0,120954031.3999999
2025-08-01 10:20:51 AM,3015.5,0,0.0,120954031.3999999
2025-08-01 10:20:51 AM,3015.5,70,211085.0,121165116.3999999
2025-08-01 10:20:53 AM,3015.0,0,0.0,121165116.3999999
2025-08-01 10:20:53 AM,3015.0,5,15075.0,121180191.3999999
2025-08-01 10:20:56 AM,3014.9,13,39193.700000000004,121219385.0999999
2025-08-01 10:21:09 AM,3014.9,2,6029.8,121225414.8999999
2025-08-01 10:21:19 AM,3015.0,0,0.0,121225414.8999999
2025-08-01 10:21:20 AM,3015.0,7,21105.0,121246519.8999999
2025-08-01 10:21:27 AM,3015.5,0,0.0,121246519.8999999
2025-08-01 10:21:28 AM,3015.5,284,856402.0,122102921.8999999
2025-08-01 10:21:31 AM,3015.1,24,72362.4,122175284.29999991
2025-08-01 10:21:32 AM,3015.7,0,0.0,122175284.29999991
2025-08-01 10:21:33 AM,3015.7,1,3015.7,122178299.99999991
2025-08-01 10:21:35 AM,3016.0,0,0.0,122178299.99999991
2025-08-01 10:21:36 AM,3016.1,25,75402.5,122253702.49999991
2025-08-01 10:21:38 AM,3017.4,30,90522.0,122344224.49999991
2025-08-01 10:21:41 AM,3017.5,0,0.0,122344224.49999991
2025-08-01 10:21:42 AM,3017.5,16,48280.0,122392504.49999991
2025-08-01 10:21:44 AM,3016.2,0,0.0,122392504.49999991
2025-08-01 10:21:44 AM,3016.2,45,135729.0,122528233.49999991
2025-08-01 10:21:45 AM,3016.1,0,0.0,122528233.49999991
2025-08-01 10:21:48 AM,3015.9,0,0.0,122528233.49999991
2025-08-01 10:21:48 AM,3015.9,6,18095.4,122546328.89999992
2025-08-01 10:21:53 AM,3017.9,0,0.0,122546328.89999992
2025-08-01 10:21:54 AM,3016.8,5,15084.0,122561412.89999992
2025-08-01 10:21:56 AM,3018.0,0,0.0,122561412.89999992
2025-08-01 10:21:59 AM,3018.0,2,6036.0,122567448.89999992
2025-08-01 10:22:04 AM,3017.2,0,0.0,122567448.89999992
2025-08-01 10:22:04 AM,3017.2,4,12068.8,122579517.69999991
2025-08-01 10:22:12 AM,3018.0,1,3018.0,122582535.69999991
2025-08-01 10:22:14 AM,3016.9,5,15084.5,122597620.19999991
2025-08-01 10:22:14 AM,3016.9,1,3016.9,122600637.09999992
2025-08-01 10:22:18 AM,3016.7,0,0.0,122600637.09999992
2025-08-01 10:22:18 AM,3016.7,1,3016.7,122603653.79999992
2025-08-01 10:22:22 AM,3018.0,3,9054.0,122612707.79999992
2025-08-01 10:22:23 AM,3018.0,5,15090.0,122627797.79999992
2025-08-01 10:22:29 AM,3017.0,44,132748.0,122760545.79999992
2025-08-01 10:22:34 AM,3016.0,0,0.0,122760545.79999992
2025-08-01 10:22:34 AM,3016.0,4,12064.0,122772609.79999992
2025-08-01 10:22:35 AM,3016.0,1,3016.0,122775625.79999992
2025-08-01 10:22:43 AM,3017.3,20,60346.0,122835971.79999992
2025-08-01 10:22:43 AM,3016.1,1,3016.1,122838987.89999992
2025-08-01 10:22:44 AM,3016.0,0,0.0,122838987.89999992
2025-08-01 10:22:44 AM,3016.0,5,15080.0,122854067.89999992
2025-08-01 10:22:54 AM,3015.4,4,12061.6,122866129.49999991
2025-08-01 10:22:56 AM,3016.5,0,0.0,122866129.49999991
2025-08-01 10:22:56 AM,3016.5,5,15082.5,122881211.99999991
2025-08-01 10:23:03 AM,3016.0,1,3016.0,122884227.99999991
2025-08-01 10:23:04 AM,3015.4,3,9046.2,122893274.19999991
2025-08-01 10:23:05 AM,3015.4,1,3015.4,122896289.59999992
2025-08-01 10:23:09 AM,3016.2,6,18097.199999999997,122914386.79999992
2025-08-01 10:23:11 AM,3015.9,3,9047.7,122923434.49999993
2025-08-01 10:23:13 AM,3015.9,5,15079.5,122938513.99999993
2025-08-01 10:23:17 AM,3016.7,0,0.0,122938513.99999993
2025-08-01 10:23:17 AM,3016.7,3,9050.099999999999,122947564.09999992
2025-08-01 10:23:23 AM,3015.1,5,15075.5,122962639.59999992
2025-08-01 10:23:24 AM,3015.1,1,3015.1,122965654.69999991
2025-08-01 10:23:33 AM,3015.1,4,12060.4,122977715.09999992
2025-08-01 10:23:36 AM,3016.3,0,0.0,122977715.09999992
2025-08-01 10:23:36 AM,3016.3,5,15081.5,122992796.59999992
2025-08-01 10:23:43 AM,3015.1,2,6030.2,122998826.79999992
2025-08-01 10:23:44 AM,3015.0,0,0.0,122998826.79999992
2025-08-01 10:23:44 AM,3015.0,4,12060.0,123010886.79999992
2025-08-01 10:23:44 AM,3015.0,1,3015.0,123013901.79999992
2025-08-01 10:23:53 AM,3015.1,4,12060.4,123025962.19999993
2025-08-01 10:24:03 AM,3015.6,4,12062.4,123038024.59999993
2025-08-01 10:24:04 AM,3016.3,0,0.0,123038024.59999993
2025-08-01 10:24:04 AM,3016.3,1,3016.3,123041040.89999993
2025-08-01 10:24:14 AM,3016.0,0,0.0,123041040.89999993
2025-08-01 10:24:14 AM,3016.0,6,18096.0,123059136.89999993
2025-08-01 10:24:19 AM,3015.9,3,9047.7,123068184.59999993
2025-08-01 10:24:22 AM,3015.9,21,63333.9,123131518.49999994
2025-08-01 10:24:23 AM,3015.9,1,3015.9,123134534.39999995
2025-08-01 10:24:23 AM,3015.9,4,12063.6,123146597.99999994
2025-08-01 10:24:26 AM,3015.9,1,3015.9,123149613.89999995
2025-08-01 10:24:30 AM,3015.9,3,9047.7,123158661.59999995
2025-08-01 10:24:33 AM,3015.9,4,12063.6,123170725.19999994
2025-08-01 10:24:35 AM,3015.9,34,102540.6,123273265.79999994
2025-08-01 10:24:35 AM,3015.9,2,6031.8,123279297.59999993
2025-08-01 10:24:44 AM,3015.9,5,15079.5,123294377.09999993
2025-08-01 10:24:54 AM,3015.9,4,12063.6,123306440.69999993
2025-08-01 10:24:59 AM,3016.4,0,0.0,123306440.69999993
2025-08-01 10:24:59 AM,3016.4,20,60328.0,123366768.69999993
2025-08-01 10:24:59 AM,3015.9,1,3015.9,123369784.59999993
2025-08-01 10:25:01 AM,3016.4,0,0.0,123369784.59999993
2025-08-01 10:25:01 AM,3016.4,30,90492.0,123460276.59999993
2025-08-01 10:25:02 AM,3015.8,0,0.0,123460276.59999993
2025-08-01 10:25:02 AM,3015.8,1,3015.8,123463292.39999993
2025-08-01 10:25:03 AM,3015.7,1,3015.7,123466308.09999993
2025-08-01 10:25:04 AM,3015.6,1,3015.6,123469323.69999993
2025-08-01 10:25:05 AM,3015.5,4,12062.0,123481385.69999993
2025-08-01 10:25:07 AM,3016.7,15,45250.5,123526636.19999993
2025-08-01 10:25:08 AM,3015.5,0,0.0,123526636.19999993
2025-08-01 10:25:08 AM,3015.5,1,3015.5,123529651.69999993
2025-08-01 10:25:14 AM,3016.0,0,0.0,123529651.69999993
2025-08-01 10:25:14 AM,3016.0,3,9048.0,123538699.69999993
2025-08-01 10:25:15 AM,3015.5,0,0.0,123538699.69999993
2025-08-01 10:25:15 AM,3015.5,2,6031.0,123544730.69999993
2025-08-01 10:25:22 AM,3016.8,0,0.0,123544730.69999993
2025-08-01 10:25:22 AM,3016.8,1,3016.8,123547747.49999993
2025-08-01 10:25:23 AM,3015.5,4,12062.0,123559809.49999993
2025-08-01 10:25:23 AM,3015.5,1,3015.5,123562824.99999993
2025-08-01 10:25:33 AM,3015.8,4,12063.2,123574888.19999993
2025-08-01 10:25:40 AM,3018.4,100,301840.0,123876728.19999993
2025-08-01 10:25:40 AM,3016.5,0,0.0,123876728.19999993
2025-08-01 10:25:40 AM,3016.5,5,15082.5,123891810.69999993
2025-08-01 10:25:43 AM,3016.6,3,9049.8,123900860.49999993
2025-08-01 10:25:44 AM,3016.2,0,0.0,123900860.49999993
2025-08-01 10:25:44 AM,3016.2,2,6032.4,123906892.89999993
2025-08-01 10:25:45 AM,3016.0,5,15080.0,123921972.89999993
2025-08-01 10:25:45 AM,3016.1,1,3016.1,123924988.99999993
2025-08-01 10:25:52 AM,3018.1,0,0.0,123924988.99999993
2025-08-01 10:25:52 AM,3018.1,20,60362.0,123985350.99999993
2025-08-01 10:25:52 AM,3016.9,1,3016.9,123988367.89999993
2025-08-01 10:25:53 AM,3016.8,4,12067.2,124000435.09999993
2025-08-01 10:25:55 AM,3018.2,2,6036.4,124006471.49999994
2025-08-01 10:25:58 AM,3018.5,55,166017.5,124172488.99999994
2025-08-01 10:25:59 AM,3016.9,0,0.0,124172488.99999994
2025-08-01 10:25:59 AM,3016.9,3,9050.7,124181539.69999994
2025-08-01 10:26:03 AM,3016.5,3,9049.5,124190589.19999994
2025-08-01 10:26:04 AM,3016.5,1,3016.5,124193605.69999994
2025-08-01 10:26:05 AM,3016.9,0,0.0,124193605.69999994
2025-08-01 10:26:05 AM,3016.9,2,6033.8,124199639.49999994
2025-08-01 10:26:14 AM,3016.0,0,0.0,124199639.49999994
2025-08-01 10:26:14 AM,3016.0,5,15080.0,124214719.49999994
2025-08-01 10:26:16 AM,3016.0,37,111592.0,124326311.49999994
2025-08-01 10:26:19 AM,3016.0,50,150800.0,124477111.49999994
2025-08-01 10:26:20 AM,3016.0,3,9048.0,124486159.49999994
2025-08-01 10:26:24 AM,3016.6,5,15083.0,124501242.49999994
2025-08-01 10:26:24 AM,3018.1,0,0.0,124501242.49999994
2025-08-01 10:26:24 AM,3018.1,4,12072.4,124513314.89999995
2025-08-01 10:26:30 AM,3018.5,0,0.0,124513314.89999995
2025-08-01 10:26:30 AM,3016.9,0,0.0,124513314.89999995
2025-08-01 10:26:30 AM,3016.9,3,9050.7,124522365.59999995
2025-08-01 10:26:33 AM,3016.5,1,3016.5,124525382.09999995
2025-08-01 10:26:34 AM,3016.4,3,9049.2,124534431.29999995
2025-08-01 10:26:43 AM,3016.5,2,6033.0,124540464.29999995
2025-08-01 10:26:44 AM,3016.1,4,12064.4,124552528.69999996
2025-08-01 10:26:45 AM,3016.1,1,3016.1,124555544.79999995
2025-08-01 10:26:49 AM,3016.0,0,0.0,124555544.79999995
2025-08-01 10:26:49 AM,3016.0,53,159848.0,124715392.79999995
2025-08-01 10:26:53 AM,3016.0,4,12064.0,124727456.79999995
2025-08-01 10:27:04 AM,3016.0,4,12064.0,124739520.79999995
2025-08-01 10:27:13 AM,3016.0,5,15080.0,124754600.79999995
2025-08-01 10:27:23 AM,3016.0,4,12064.0,124766664.79999995
2025-08-01 10:27:23 AM,3016.7,10,30167.0,124796831.79999995
2025-08-01 10:27:24 AM,3016.0,0,0.0,124796831.79999995
2025-08-01 10:27:24 AM,3016.0,1,3016.0,124799847.79999995
2025-08-01 10:27:30 AM,3016.7,1,3016.7,124802864.49999996
2025-08-01 10:27:34 AM,3016.0,0,0.0,124802864.49999996
2025-08-01 10:27:34 AM,3016.0,4,12064.0,124814928.49999996
2025-08-01 10:27:40 AM,3017.5,0,0.0,124814928.49999996
2025-08-01 10:27:40 AM,3017.5,87,262522.5,125077450.99999996
2025-08-01 10:27:41 AM,3016.0,0,0.0,125077450.99999996
2025-08-01 10:27:41 AM,3016.0,5,15080.0,125092530.99999996
2025-08-01 10:27:43 AM,3016.0,53,159848.0,125252378.99999996
2025-08-01 10:27:43 AM,3016.0,6,18096.0,125270474.99999996
2025-08-01 10:27:51 AM,3017.1,0,0.0,125270474.99999996
2025-08-01 10:27:51 AM,3017.1,1,3017.1,125273492.09999995
2025-08-01 10:27:54 AM,3016.1,4,12064.4,125285556.49999996
2025-08-01 10:27:58 AM,3018.0,0,0.0,125285556.49999996
2025-08-01 10:27:58 AM,3018.0,74,223332.0,125508888.49999996
2025-08-01 10:27:58 AM,3016.0,4,12064.0,125520952.49999996
2025-08-01 10:28:04 AM,3017.1,0,0.0,125520952.49999996
2025-08-01 10:28:04 AM,3017.1,4,12068.4,125533020.89999996
2025-08-01 10:28:13 AM,3017.1,5,15085.5,125548106.39999996
2025-08-01 10:28:13 AM,3017.1,1,3017.1,125551123.49999996
2025-08-01 10:28:15 AM,3017.9,0,0.0,125551123.49999996
2025-08-01 10:28:15 AM,3017.1,31,93530.09999999999,125644653.59999995
2025-08-01 10:28:22 AM,3016.5,0,0.0,125644653.59999995
2025-08-01 10:28:22 AM,3016.5,74,223221.0,125867874.59999995
2025-08-01 10:28:23 AM,3016.1,4,12064.4,125879938.99999996
2025-08-01 10:28:24 AM,3016.1,3,9048.3,125888987.29999995
2025-08-01 10:28:29 AM,3015.4,376,1133790.4000000001,127022777.69999996
2025-08-01 10:28:30 AM,3015.3,0,0.0,127022777.69999996
2025-08-01 10:28:30 AM,3015.3,1,3015.3,127025792.99999996
2025-08-01 10:28:32 AM,3015.2,0,0.0,127025792.99999996
2025-08-01 10:28:32 AM,3015.2,1,3015.2,127028808.19999996
2025-08-01 10:28:33 AM,3015.1,1,3015.1,127031823.29999995
2025-08-01 10:28:34 AM,3015.1,4,12060.4,127043883.69999996
2025-08-01 10:28:35 AM,3015.1,6,18090.6,127061974.29999995
2025-08-01 10:28:35 AM,3015.0,1,3015.0,127064989.29999995
2025-08-01 10:28:38 AM,3015.0,11,33165.0,127098154.29999995
2025-08-01 10:28:39 AM,3014.5,0,0.0,127098154.29999995
2025-08-01 10:28:39 AM,3014.5,141,425044.5,127523198.79999995
2025-08-01 10:28:49 AM,3014.7,0,0.0,127523198.79999995
2025-08-01 10:28:49 AM,3014.7,1,3014.7,127526213.49999996
2025-08-01 10:28:55 AM,3014.7,30,90441.0,127616654.49999996
2025-08-01 10:28:56 AM,3014.7,1,3014.7,127619669.19999996
2025-08-01 10:29:07 AM,3014.5,29,87420.5,127707089.69999996
2025-08-01 10:29:12 AM,3014.7,0,0.0,127707089.69999996
2025-08-01 10:29:12 AM,3014.7,1,3014.7,127710104.39999996
2025-08-01 10:29:18 AM,3014.7,9,27132.3,127737236.69999996
2025-08-01 10:29:21 AM,3015.0,9,27135.0,127764371.69999996
2025-08-01 10:29:25 AM,3015.0,5,15075.0,127779446.69999996
2025-08-01 10:29:27 AM,3015.0,10,30150.0,127809596.69999996
2025-08-01 10:29:32 AM,3015.0,9,27135.0,127836731.69999996
2025-08-01 10:29:34 AM,3015.2,0,0.0,127836731.69999996
2025-08-01 10:29:34 AM,3015.2,4,12060.8,127848792.49999996
2025-08-01 10:29:39 AM,3015.0,2,6030.0,127854822.49999996
2025-08-01 10:29:43 AM,3016.1,5,15080.5,127869902.99999996
2025-08-01 10:29:44 AM,3015.0,0,0.0,127869902.99999996
2025-08-01 10:29:44 AM,3015.0,12,36180.0,127906082.99999996
2025-08-01 10:29:46 AM,3016.8,0,0.0,127906082.99999996
2025-08-01 10:29:46 AM,3015.1,0,0.0,127906082.99999996
2025-08-01 10:29:46 AM,3015.1,349,1052269.9,128958352.89999996
2025-08-01 10:29:46 AM,3015.3,4,12061.2,128970414.09999996
2025-08-01 10:29:49 AM,3015.0,0,0.0,128970414.09999996
2025-08-01 10:29:49 AM,3015.0,15,45225.0,129015639.09999996
2025-08-01 10:29:54 AM,3015.0,4,12060.0,129027699.09999996
2025-08-01 10:30:04 AM,3015.0,4,12060.0,129039759.09999996
2025-08-01 10:30:07 AM,3015.3,0,0.0,129039759.09999996
2025-08-01 10:30:07 AM,3015.3,1,3015.3,129042774.39999996
2025-08-01 10:30:13 AM,3015.0,5,15075.0,129057849.39999996
2025-08-01 10:30:16 AM,3017.0,0,0.0,129057849.39999996
2025-08-01 10:30:16 AM,3017.0,1,3017.0,129060866.39999996
2025-08-01 10:30:23 AM,3015.9,5,15079.5,129075945.89999996
2025-08-01 10:30:23 AM,3015.3,1,3015.3,129078961.19999996
2025-08-01 10:30:25 AM,3015.6,2,6031.2,129084992.39999996
2025-08-01 10:30:34 AM,3015.1,0,0.0,129084992.39999996
2025-08-01 10:30:34 AM,3015.1,4,12060.4,129097052.79999997
2025-08-01 10:30:43 AM,3015.0,5,15075.0,129112127.79999997
2025-08-01 10:30:54 AM,3015.0,5,15075.0,129127202.79999997
2025-08-01 10:31:04 AM,3015.0,4,12060.0,129139262.79999997
2025-08-01 10:31:09 AM,3015.1,0,0.0,129139262.79999997
2025-08-01 10:31:09 AM,3015.1,5,15075.5,129154338.29999997
2025-08-01 10:31:13 AM,3015.3,6,18091.800000000003,129172430.09999996
2025-08-01 10:31:24 AM,3015.3,14,42214.200000000004,129214644.29999997
2025-08-01 10:31:24 AM,3015.3,1,3015.3,129217659.59999996
2025-08-01 10:31:26 AM,3015.6,9,27140.399999999998,129244799.99999997
2025-08-01 10:31:27 AM,3015.9,0,0.0,129244799.99999997
2025-08-01 10:31:27 AM,3015.9,1,3015.9,129247815.89999998
2025-08-01 10:31:30 AM,3015.6,0,0.0,129247815.89999998
2025-08-01 10:31:30 AM,3015.6,30,90468.0,129338283.89999998
2025-08-01 10:31:31 AM,3015.6,1,3015.6,129341299.49999997
2025-08-01 10:31:33 AM,3016.8,8,24134.4,129365433.89999998
2025-08-01 10:31:33 AM,3015.9,0,0.0,129365433.89999998
2025-08-01 10:31:33 AM,3015.9,1,3015.9,129368449.79999998
2025-08-01 10:31:34 AM,3015.9,4,12063.6,129380513.39999998
2025-08-01 10:31:43 AM,3016.0,6,18096.0,129398609.39999998
2025-08-01 10:31:50 AM,3016.8,0,0.0,129398609.39999998
2025-08-01 10:31:50 AM,3016.8,5,15084.0,129413693.39999998
2025-08-01 10:31:51 AM,3016.0,1,3016.0,129416709.39999998
2025-08-01 10:31:54 AM,3016.0,4,12064.0,129428773.39999998
2025-08-01 10:32:01 AM,3016.0,3,9048.0,129437821.39999998
2025-08-01 10:32:03 AM,3016.2,0,0.0,129437821.39999998
2025-08-01 10:32:04 AM,3016.2,1056,3185107.1999999997,132622928.59999998
2025-08-01 10:32:11 AM,3017.0,2,6034.0,132628962.59999998
2025-08-01 10:32:14 AM,3017.0,5,15085.0,132644047.59999998
2025-08-01 10:32:20 AM,3017.8,0,0.0,132644047.59999998
2025-08-01 10:32:20 AM,3017.7,0,0.0,132644047.59999998
2025-08-01 10:32:20 AM,3017.7,20,60354.0,132704401.59999998
2025-08-01 10:32:24 AM,3018.3,0,0.0,132704401.59999998
2025-08-01 10:32:24 AM,3018.3,20,60366.0,132764767.59999998
2025-08-01 10:32:29 AM,3020.0,0,0.0,132764767.59999998
2025-08-01 10:32:30 AM,3020.0,110,332200.0,133096967.59999998
2025-08-01 10:32:33 AM,3019.9,0,0.0,133096967.59999998
2025-08-01 10:32:33 AM,3018.7,13,39243.1,133136210.69999997
2025-08-01 10:32:40 AM,3017.1,806,2431782.6,135567993.29999998
2025-08-01 10:32:41 AM,3018.0,0,0.0,135567993.29999998
2025-08-01 10:32:42 AM,3017.4,0,0.0,135567993.29999998
2025-08-01 10:32:43 AM,3018.0,138,416484.0,135984477.29999998
2025-08-01 10:32:45 AM,3017.0,0,0.0,135984477.29999998
2025-08-01 10:32:45 AM,3017.0,7,21119.0,136005596.29999998
2025-08-01 10:32:51 AM,3017.0,1,3017.0,136008613.29999998
2025-08-01 10:32:54 AM,3017.8,5,15089.0,136023702.29999998
2025-08-01 10:33:00 AM,3017.1,5,15085.5,136038787.79999998
2025-08-01 10:33:03 AM,3017.0,5,15085.0,136053872.79999998
2025-08-01 10:33:14 AM,3017.0,6,18102.0,136071974.79999998
2025-08-01 10:33:14 AM,3017.0,1,3017.0,136074991.79999998
2025-08-01 10:33:23 AM,3017.0,4,12068.0,136087059.79999998
2025-08-01 10:33:33 AM,3017.0,4,12068.0,136099127.79999998
2025-08-01 10:33:43 AM,3016.5,0,0.0,136099127.79999998
2025-08-01 10:33:43 AM,3016.5,157,473590.5,136572718.29999998
2025-08-01 10:33:44 AM,3016.0,0,0.0,136572718.29999998
2025-08-01 10:33:44 AM,3016.0,5,15080.0,136587798.29999998
2025-08-01 10:33:46 AM,3016.0,7,21112.0,136608910.29999998
2025-08-01 10:33:49 AM,3016.0,1,3016.0,136611926.29999998
2025-08-01 10:33:52 AM,3015.9,117,352860.3,136964786.6
2025-08-01 10:33:53 AM,3015.8,0,0.0,136964786.6
2025-08-01 10:33:53 AM,3016.1,10,30161.0,136994947.6
2025-08-01 10:33:55 AM,3017.1,3,9051.3,137003998.9
2025-08-01 10:34:03 AM,3016.5,4,12066.0,137016064.9
2025-08-01 10:34:04 AM,3018.4,0,0.0,137016064.9
2025-08-01 10:34:04 AM,3017.5,52,156910.0,137172974.9
2025-08-01 10:34:05 AM,3017.6,0,0.0,137172974.9
2025-08-01 10:34:05 AM,3017.6,2,6035.2,137179010.1
2025-08-01 10:34:13 AM,3018.0,6,18108.0,137197118.1
2025-08-01 10:34:15 AM,3018.8,7,21131.600000000002,137218249.7
2025-08-01 10:34:18 AM,3018.0,6,18108.0,137236357.7
2025-08-01 10:34:23 AM,3018.1,5,15090.5,137251448.2
2025-08-01 10:34:24 AM,3018.1,1,3018.1,137254466.29999998
2025-08-01 10:34:32 AM,3018.2,2,6036.4,137260502.7
2025-08-01 10:34:33 AM,3018.1,4,12072.4,137272575.1
2025-08-01 10:34:38 AM,3018.8,1,3018.8,137275593.9
2025-08-01 10:34:39 AM,3019.0,10,30190.0,137305783.9
2025-08-01 10:34:40 AM,3019.7,0,0.0,137305783.9
2025-08-01 10:34:40 AM,3018.7,2,6037.4,137311821.3
2025-08-01 10:34:43 AM,3018.7,5,15093.5,137326914.8
2025-08-01 10:34:48 AM,3019.7,0,0.0,137326914.8
2025-08-01 10:34:48 AM,3019.7,2,6039.4,137332954.20000002
2025-08-01 10:34:53 AM,3018.8,4,12075.2,137345029.4
2025-08-01 10:34:57 AM,3018.8,4,12075.2,137357104.6
2025-08-01 10:34:58 AM,3018.8,6,18112.800000000003,137375217.4
2025-08-01 10:34:58 AM,3018.8,1,3018.8,137378236.20000002
2025-08-01 10:35:03 AM,3019.0,0,0.0,137378236.20000002
2025-08-01 10:35:04 AM,3018.8,3,9056.400000000001,137387292.60000002
2025-08-01 10:35:06 AM,3018.7,0,0.0,137387292.60000002
2025-08-01 10:35:06 AM,3018.7,2,6037.4,137393330.00000003
2025-08-01 10:35:15 AM,3018.8,0,0.0,137393330.00000003
2025-08-01 10:35:15 AM,3018.8,25,75470.0,137468800.00000003
2025-08-01 10:35:16 AM,3018.7,0,0.0,137468800.00000003
2025-08-01 10:35:20 AM,3018.6,0,0.0,137468800.00000003
2025-08-01 10:35:21 AM,3018.5,789,2381596.5,139850396.50000003
2025-08-01 10:35:24 AM,3018.3,0,0.0,139850396.50000003
2025-08-01 10:35:26 AM,3018.2,0,0.0,139850396.50000003
2025-08-01 10:35:26 AM,3018.1,92,277665.2,140128061.70000002
2025-08-01 10:35:27 AM,3017.0,0,0.0,140128061.70000002
2025-08-01 10:35:28 AM,3015.6,135,407106.0,140535167.70000002
2025-08-01 10:35:30 AM,3017.7,0,0.0,140535167.70000002
2025-08-01 10:35:32 AM,3017.2,0,0.0,140535167.70000002
2025-08-01 10:35:32 AM,3017.2,222,669818.3999999999,141204986.10000002
2025-08-01 10:35:33 AM,3017.0,0,0.0,141204986.10000002
2025-08-01 10:35:34 AM,3017.2,14,42240.799999999996,141247226.90000004
2025-08-01 10:35:38 AM,3017.2,6,18103.199999999997,141265330.10000002
2025-08-01 10:35:43 AM,3017.1,3,9051.3,141274381.40000004
2025-08-01 10:35:44 AM,3017.2,0,0.0,141274381.40000004
2025-08-01 10:35:45 AM,3017.0,0,0.0,141274381.40000004
2025-08-01 10:35:46 AM,3017.0,86,259462.0,141533843.40000004
2025-08-01 10:35:48 AM,3016.4,0,0.0,141533843.40000004
2025-08-01 10:35:49 AM,3016.4,5,15082.0,141548925.40000004
2025-08-01 10:35:51 AM,3017.0,0,0.0,141548925.40000004
2025-08-01 10:35:51 AM,3017.0,1,3017.0,141551942.40000004
2025-08-01 10:35:53 AM,3017.1,0,0.0,141551942.40000004
2025-08-01 10:35:54 AM,3017.1,9,27153.899999999998,141579096.30000004
2025-08-01 10:35:57 AM,3015.9,0,0.0,141579096.30000004
2025-08-01 10:35:57 AM,3015.9,4,12063.6,141591159.90000004
2025-08-01 10:36:02 AM,3016.2,0,0.0,141591159.90000004
2025-08-01 10:36:02 AM,3016.2,1,3016.2,141594176.10000002
2025-08-01 10:36:04 AM,3016.6,0,0.0,141594176.10000002
2025-08-01 10:36:04 AM,3016.6,4,12066.4,141606242.50000003
2025-08-01 10:36:06 AM,3016.1,0,0.0,141606242.50000003
2025-08-01 10:36:06 AM,3016.1,7,21112.7,141627355.20000002
2025-08-01 10:36:13 AM,3016.2,86,259393.19999999998,141886748.4
2025-08-01 10:36:13 AM,3016.1,5,15080.5,141901828.9
2025-08-01 10:36:15 AM,3016.0,0,0.0,141901828.9
