date,price,qty,trnvr,cum_trnvr
2025-08-01 09:15:05 AM,4919.9,79,388672.1,388672.1
2025-08-01 09:15:13 AM,4911.2,0,0.0,388672.1
2025-08-01 09:15:16 AM,4911.2,1,4911.2,393583.3
2025-08-01 09:15:18 AM,4902.3,1,4902.3,398485.6
2025-08-01 09:15:22 AM,4900.0,0,0.0,398485.6
2025-08-01 09:15:26 AM,4900.0,47,230300.0,628785.6
2025-08-01 09:15:55 AM,4895.2,0,0.0,628785.6
2025-08-01 09:15:59 AM,4895.2,3,14685.599999999999,643471.2
2025-08-01 09:16:07 AM,4891.8,0,0.0,643471.2
2025-08-01 09:16:07 AM,4891.8,2,9783.6,653254.7999999999
2025-08-01 09:16:09 AM,4882.8,3,14648.400000000001,667903.2
2025-08-01 09:17:25 AM,4887.9,0,0.0,667903.2
2025-08-01 09:17:30 AM,4887.9,2,9775.8,677679.0
2025-08-01 09:17:35 AM,4890.2,0,0.0,677679.0
2025-08-01 09:17:38 AM,4890.2,5,24451.0,702130.0
2025-08-01 09:18:01 AM,4895.3,0,0.0,702130.0
2025-08-01 09:18:03 AM,4895.3,1,4895.3,707025.3
2025-08-01 09:18:21 AM,4890.0,4,19560.0,726585.3
2025-08-01 09:19:50 AM,4896.2,0,0.0,726585.3
2025-08-01 09:19:51 AM,4896.2,11,53858.2,780443.5
2025-08-01 09:19:56 AM,4890.0,0,0.0,780443.5
2025-08-01 09:19:57 AM,4890.0,25,122250.0,902693.5
2025-08-01 09:19:57 AM,4890.1,0,0.0,902693.5
2025-08-01 09:19:59 AM,4890.1,4,19560.4,922253.9
2025-08-01 09:20:32 AM,4898.2,0,0.0,922253.9
2025-08-01 09:20:36 AM,4898.2,10,48982.0,971235.9
2025-08-01 09:20:39 AM,4899.2,0,0.0,971235.9
2025-08-01 09:20:44 AM,4899.2,6,29395.199999999997,1000631.1
2025-08-01 09:21:13 AM,4903.4,0,0.0,1000631.1
2025-08-01 09:21:15 AM,4903.4,50,245169.99999999997,1245801.0999999999
2025-08-01 09:21:20 AM,4906.1,0,0.0,1245801.0999999999
2025-08-01 09:21:23 AM,4906.1,8,39248.8,1285049.9
2025-08-01 09:22:10 AM,4903.8,3,14711.400000000001,1299761.2999999998
2025-08-01 09:23:10 AM,4903.8,5,24519.0,1324280.2999999998
2025-08-01 09:23:33 AM,4902.7,8,39221.6,1363501.9
2025-08-01 09:23:35 AM,4894.0,4,19576.0,1383077.9
2025-08-01 09:23:40 AM,4901.9,0,0.0,1383077.9
2025-08-01 09:23:41 AM,4901.9,20,98038.0,1481115.9
2025-08-01 09:24:05 AM,4896.4,3,14689.199999999999,1495805.0999999999
2025-08-01 09:24:28 AM,4896.7,1,4896.7,1500701.7999999998
2025-08-01 09:25:14 AM,4902.1,10,49021.0,1549722.7999999998
2025-08-01 09:25:19 AM,4896.2,10,48962.0,1598684.7999999998
2025-08-01 09:26:11 AM,4895.9,0,0.0,1598684.7999999998
2025-08-01 09:26:12 AM,4895.9,3,14687.699999999999,1613372.4999999998
2025-08-01 09:29:12 AM,4902.8,0,0.0,1613372.4999999998
2025-08-01 09:29:14 AM,4902.8,3,14708.400000000001,1628080.8999999997
2025-08-01 09:29:27 AM,4905.0,0,0.0,1628080.8999999997
2025-08-01 09:29:29 AM,4905.0,20,98100.0,1726180.8999999997
2025-08-01 09:29:44 AM,4905.3,10,49053.0,1775233.8999999997
2025-08-01 09:30:15 AM,4905.3,2,9810.6,1785044.4999999998
2025-08-01 09:31:22 AM,4899.6,0,0.0,1785044.4999999998
2025-08-01 09:31:28 AM,4899.6,41,200883.6,1985928.0999999999
2025-08-01 09:31:55 AM,4904.9,0,0.0,1985928.0999999999
2025-08-01 09:31:56 AM,4904.9,91,446345.89999999997,2432274.0
2025-08-01 09:32:30 AM,4898.6,0,0.0,2432274.0
2025-08-01 09:32:31 AM,4898.6,1,4898.6,2437172.6
2025-08-01 09:32:59 AM,4900.9,1,4900.9,2442073.5
2025-08-01 09:33:40 AM,4902.0,1,4902.0,2446975.5
2025-08-01 09:33:47 AM,4900.1,0,0.0,2446975.5
2025-08-01 09:33:47 AM,4900.1,92,450809.2,2897784.7
2025-08-01 09:33:54 AM,4900.0,67,328300.0,3226084.7
2025-08-01 09:34:14 AM,4905.1,0,0.0,3226084.7
2025-08-01 09:34:16 AM,4905.1,30,147153.0,3373237.7
2025-08-01 09:35:12 AM,4904.5,0,0.0,3373237.7
2025-08-01 09:35:12 AM,4904.5,1,4904.5,3378142.2
2025-08-01 09:35:46 AM,4902.9,1,4902.9,3383045.1
2025-08-01 09:36:52 AM,4901.7,1,4901.7,3387946.8000000003
2025-08-01 09:37:09 AM,4900.1,0,0.0,3387946.8000000003
2025-08-01 09:37:13 AM,4900.1,1,4900.1,3392846.9000000004
2025-08-01 09:37:16 AM,4905.7,0,0.0,3392846.9000000004
2025-08-01 09:37:20 AM,4905.7,1,4905.7,3397752.6000000006
2025-08-01 09:37:25 AM,4905.5,0,0.0,3397752.6000000006
2025-08-01 09:37:26 AM,4905.5,1,4905.5,3402658.1000000006
2025-08-01 09:38:53 AM,4907.9,0,0.0,3402658.1000000006
2025-08-01 09:38:54 AM,4907.9,50,245394.99999999997,3648053.1000000006
2025-08-01 09:39:07 AM,4901.1,9,44109.9,3692163.0000000005
2025-08-01 09:40:06 AM,4898.2,0,0.0,3692163.0000000005
2025-08-01 09:40:07 AM,4898.2,15,73473.0,3765636.0000000005
2025-08-01 09:40:54 AM,4903.0,4,19612.0,3785248.0000000005
2025-08-01 09:41:37 AM,4904.9,0,0.0,3785248.0000000005
2025-08-01 09:41:39 AM,4904.9,6,29429.399999999998,3814677.4000000004
2025-08-01 09:41:50 AM,4905.0,0,0.0,3814677.4000000004
2025-08-01 09:41:53 AM,4905.0,9,44145.0,3858822.4000000004
2025-08-01 09:41:57 AM,4906.0,0,0.0,3858822.4000000004
2025-08-01 09:41:59 AM,4906.0,1,4906.0,3863728.4000000004
2025-08-01 09:42:44 AM,4905.0,0,0.0,3863728.4000000004
2025-08-01 09:42:44 AM,4905.0,13,63765.0,3927493.4000000004
2025-08-01 09:43:11 AM,4905.0,18,88290.0,4015783.4000000004
2025-08-01 09:43:44 AM,4905.0,4,19620.0,4035403.4000000004
2025-08-01 09:45:35 AM,4905.0,21,103005.0,4138408.4000000004
2025-08-01 09:46:12 AM,4895.4,0,0.0,4138408.4000000004
2025-08-01 09:46:14 AM,4895.4,10,48954.0,4187362.4000000004
2025-08-01 09:46:38 AM,4899.9,0,0.0,4187362.4000000004
2025-08-01 09:46:39 AM,4899.9,4,19599.6,4206962.0
2025-08-01 09:46:45 AM,4900.0,0,0.0,4206962.0
2025-08-01 09:46:46 AM,4900.0,1,4900.0,4211862.0
2025-08-01 09:47:41 AM,4897.5,0,0.0,4211862.0
2025-08-01 09:47:43 AM,4897.5,1,4897.5,4216759.5
2025-08-01 09:48:31 AM,4892.0,5,24460.0,4241219.5
2025-08-01 09:50:15 AM,4893.0,0,0.0,4241219.5
2025-08-01 09:50:16 AM,4893.0,4,19572.0,4260791.5
2025-08-01 09:51:10 AM,4897.0,0,0.0,4260791.5
2025-08-01 09:51:13 AM,4897.0,3,14691.0,4275482.5
2025-08-01 09:53:05 AM,4897.7,0,0.0,4275482.5
2025-08-01 09:53:05 AM,4897.7,5,24488.5,4299971.0
2025-08-01 09:54:09 AM,4899.4,0,0.0,4299971.0
2025-08-01 09:54:11 AM,4899.4,10,48994.0,4348965.0
2025-08-01 09:55:46 AM,4893.6,0,0.0,4348965.0
2025-08-01 09:55:48 AM,4893.6,1,4893.6,4353858.6
2025-08-01 09:56:22 AM,4893.0,0,0.0,4353858.6
2025-08-01 09:56:24 AM,4893.0,3,14679.0,4368537.6
2025-08-01 09:56:48 AM,4893.0,2,9786.0,4378323.6
2025-08-01 09:57:18 AM,4893.0,1,4893.0,4383216.6
2025-08-01 09:58:51 AM,4892.3,0,0.0,4383216.6
2025-08-01 09:58:51 AM,4892.3,5,24461.5,4407678.1
2025-08-01 09:58:56 AM,4889.0,41,200449.0,4608127.1
2025-08-01 09:59:03 AM,4885.0,0,0.0,4608127.1
2025-08-01 09:59:03 AM,4885.0,2,9770.0,4617897.1
2025-08-01 10:00:02 AM,4885.0,2,9770.0,4627667.1
2025-08-01 10:00:46 AM,4885.0,1,4885.0,4632552.1
2025-08-01 10:00:52 AM,4885.0,6,29310.0,4661862.1
2025-08-01 10:01:02 AM,4886.8,5,24434.0,4686296.1
2025-08-01 10:02:42 AM,4887.3,4,19549.2,4705845.3
2025-08-01 10:03:14 AM,4887.6,4,19550.4,4725395.7
2025-08-01 10:03:16 AM,4887.6,5,24438.0,4749833.7
2025-08-01 10:03:31 AM,4887.8,0,0.0,4749833.7
2025-08-01 10:03:34 AM,4887.8,100,488780.0,5238613.7
2025-08-01 10:03:39 AM,4892.0,0,0.0,5238613.7
2025-08-01 10:03:40 AM,4892.0,7,34244.0,5272857.7
2025-08-01 10:03:59 AM,4888.5,0,0.0,5272857.7
2025-08-01 10:03:59 AM,4888.5,3,14665.5,5287523.2
2025-08-01 10:04:23 AM,4892.9,0,0.0,5287523.2
2025-08-01 10:04:24 AM,4892.9,1,4892.9,5292416.100000001
2025-08-01 10:06:25 AM,4888.2,11,53770.2,5346186.300000001
2025-08-01 10:06:56 AM,4886.8,1,4886.8,5351073.100000001
2025-08-01 10:07:02 AM,4882.8,0,0.0,5351073.100000001
2025-08-01 10:07:02 AM,4882.8,6,29296.800000000003,5380369.9
2025-08-01 10:08:03 AM,4881.3,0,0.0,5380369.9
2025-08-01 10:08:04 AM,4881.3,4,19525.2,5399895.100000001
2025-08-01 10:09:09 AM,4881.8,0,0.0,5399895.100000001
2025-08-01 10:09:10 AM,4881.8,1,4881.8,5404776.9
2025-08-01 10:10:44 AM,4881.8,2,9763.6,5414540.5
2025-08-01 10:10:50 AM,4882.7,2,9765.4,5424305.9
2025-08-01 10:11:09 AM,4881.9,0,0.0,5424305.9
2025-08-01 10:11:09 AM,4881.9,4,19527.6,5443833.5
2025-08-01 10:11:36 AM,4881.9,4,19527.6,5463361.1
2025-08-01 10:11:38 AM,4882.0,1,4882.0,5468243.1
2025-08-01 10:12:45 AM,4881.9,0,0.0,5468243.1
2025-08-01 10:12:46 AM,4881.9,1,4881.9,5473125.0
2025-08-01 10:13:06 AM,4885.8,0,0.0,5473125.0
2025-08-01 10:13:10 AM,4885.8,1,4885.8,5478010.8
2025-08-01 10:13:21 AM,4889.1,0,0.0,5478010.8
2025-08-01 10:13:21 AM,4889.1,18,88003.8,5566014.6
2025-08-01 10:13:30 AM,4887.7,0,0.0,5566014.6
2025-08-01 10:13:33 AM,4887.7,1,4887.7,5570902.3
2025-08-01 10:16:32 AM,4889.9,0,0.0,5570902.3
2025-08-01 10:16:35 AM,4889.9,9,44009.1,5614911.399999999
2025-08-01 10:16:41 AM,4889.9,4,19559.6,5634470.999999999
2025-08-01 10:17:29 AM,4891.9,0,0.0,5634470.999999999
2025-08-01 10:17:32 AM,4891.9,3,14675.699999999999,5649146.699999999
2025-08-01 10:19:07 AM,4892.9,0,0.0,5649146.699999999
2025-08-01 10:19:10 AM,4892.9,1,4892.9,5654039.6
2025-08-01 10:21:29 AM,4892.9,5,24464.5,5678504.1
2025-08-01 10:23:09 AM,4897.4,0,0.0,5678504.1
2025-08-01 10:23:11 AM,4897.4,4,19589.6,5698093.699999999
2025-08-01 10:27:43 AM,4896.9,2,9793.8,5707887.499999999
2025-08-01 10:30:17 AM,4892.6,0,0.0,5707887.499999999
2025-08-01 10:30:19 AM,4892.6,2,9785.2,5717672.699999999
2025-08-01 10:32:52 AM,4892.6,10,48926.0,5766598.699999999
2025-08-01 10:32:57 AM,4893.2,0,0.0,5766598.699999999
2025-08-01 10:32:58 AM,4893.2,6,29359.199999999997,5795957.899999999
2025-08-01 10:34:19 AM,4896.6,0,0.0,5795957.899999999
2025-08-01 10:34:20 AM,4896.6,3,14689.800000000001,5810647.699999999
2025-08-01 10:34:27 AM,4896.8,1,4896.8,5815544.499999999
2025-08-01 10:35:19 AM,4896.8,1,4896.8,5820441.299999999
2025-08-01 10:35:54 AM,4896.0,0,0.0,5820441.299999999
2025-08-01 10:35:56 AM,4896.0,7,34272.0,5854713.299999999
2025-08-01 10:36:03 AM,4898.9,0,0.0,5854713.299999999
2025-08-01 10:36:04 AM,4898.9,101,494788.89999999997,6349502.199999999
2025-08-01 10:36:23 AM,4898.1,0,0.0,6349502.199999999
2025-08-01 10:36:24 AM,4898.1,1,4898.1,6354400.299999999
2025-08-01 10:41:12 AM,4896.0,0,0.0,6354400.299999999
2025-08-01 10:41:13 AM,4896.0,24,117504.0,6471904.299999999
2025-08-01 10:42:47 AM,4896.0,2,9792.0,6481696.299999999
2025-08-01 10:42:48 AM,4898.1,0,0.0,6481696.299999999
2025-08-01 10:42:50 AM,4898.1,5,24490.5,6506186.799999999
2025-08-01 10:43:16 AM,4899.6,0,0.0,6506186.799999999
2025-08-01 10:43:18 AM,4899.6,2,9799.2,6515985.999999999
2025-08-01 10:46:22 AM,4896.0,16,78336.0,6594321.999999999
2025-08-01 10:49:03 AM,4896.7,0,0.0,6594321.999999999
2025-08-01 10:49:06 AM,4896.7,2,9793.4,6604115.399999999
2025-08-01 10:49:34 AM,4896.0,5,24480.0,6628595.399999999
2025-08-01 10:50:17 AM,4896.0,10,48960.0,6677555.399999999
2025-08-01 10:57:00 AM,4892.5,3,14677.5,6692232.899999999
2025-08-01 10:57:23 AM,4895.5,0,0.0,6692232.899999999
2025-08-01 10:57:26 AM,4895.5,1,4895.5,6697128.399999999
2025-08-01 10:59:58 AM,4890.1,0,0.0,6697128.399999999
2025-08-01 11:00:00 AM,4890.1,28,136922.80000000002,6834051.199999999
2025-08-01 11:02:52 AM,4887.7,0,0.0,6834051.199999999
2025-08-01 11:02:53 AM,4887.7,21,102641.7,6936692.899999999
2025-08-01 11:03:01 AM,4885.0,0,0.0,6936692.899999999
2025-08-01 11:03:03 AM,4885.0,5,24425.0,6961117.899999999
2025-08-01 11:03:30 AM,4889.2,0,0.0,6961117.899999999
2025-08-01 11:03:30 AM,4889.2,2,9778.4,6970896.3
2025-08-01 11:03:33 AM,4893.4,0,0.0,6970896.3
2025-08-01 11:03:33 AM,4893.4,1,4893.4,6975789.7
2025-08-01 11:04:18 AM,4890.5,6,29343.0,7005132.7
2025-08-01 11:04:38 AM,4896.0,6,29376.0,7034508.7
2025-08-01 11:04:54 AM,4896.0,52,254592.0,7289100.7
2025-08-01 11:05:44 AM,4895.6,0,0.0,7289100.7
2025-08-01 11:05:46 AM,4895.6,1,4895.6,7293996.3
2025-08-01 11:06:23 AM,4891.0,0,0.0,7293996.3
2025-08-01 11:06:23 AM,4891.0,16,78256.0,7372252.3
2025-08-01 11:09:21 AM,4884.2,0,0.0,7372252.3
2025-08-01 11:09:23 AM,4884.2,20,97684.0,7469936.3
2025-08-01 11:11:38 AM,4891.1,0,0.0,7469936.3
2025-08-01 11:11:41 AM,4885.0,0,0.0,7469936.3
2025-08-01 11:11:41 AM,4885.0,22,107470.0,7577406.3
2025-08-01 11:11:45 AM,4884.5,0,0.0,7577406.3
2025-08-01 11:11:47 AM,4884.5,5,24422.5,7601828.8
2025-08-01 11:12:29 AM,4885.6,0,0.0,7601828.8
2025-08-01 11:12:29 AM,4885.6,1,4885.6,7606714.399999999
2025-08-01 11:12:58 AM,4884.3,0,0.0,7606714.399999999
2025-08-01 11:13:00 AM,4884.3,20,97686.0,7704400.399999999
2025-08-01 11:14:11 AM,4884.2,20,97684.0,7802084.399999999
2025-08-01 11:17:35 AM,4884.0,5,24420.0,7826504.399999999
2025-08-01 11:17:38 AM,4886.9,59,288327.1,8114831.499999999
2025-08-01 11:17:42 AM,4900.4,0,0.0,8114831.499999999
2025-08-01 11:17:43 AM,4902.6,0,0.0,8114831.499999999
2025-08-01 11:17:43 AM,4902.6,33,161785.80000000002,8276617.299999999
2025-08-01 11:17:58 AM,4909.0,0,0.0,8276617.299999999
2025-08-01 11:17:59 AM,4909.0,1,4909.0,8281526.299999999
2025-08-01 11:18:06 AM,4903.3,0,0.0,8281526.299999999
2025-08-01 11:18:06 AM,4903.3,20,98066.0,8379592.299999999
2025-08-01 11:18:38 AM,4904.5,0,0.0,8379592.299999999
2025-08-01 11:18:38 AM,4904.5,1,4904.5,8384496.799999999
2025-08-01 11:19:13 AM,4904.5,29,142230.5,8526727.299999999
2025-08-01 11:19:53 AM,4909.0,0,0.0,8526727.299999999
2025-08-01 11:19:56 AM,4909.0,2,9818.0,8536545.299999999
2025-08-01 11:20:58 AM,4906.8,0,0.0,8536545.299999999
2025-08-01 11:20:59 AM,4906.8,4,19627.2,8556172.499999998
2025-08-01 11:22:43 AM,4908.9,0,0.0,8556172.499999998
2025-08-01 11:22:44 AM,4908.9,6,29453.399999999998,8585625.899999999
2025-08-01 11:23:35 AM,4901.0,0,0.0,8585625.899999999
2025-08-01 11:23:37 AM,4901.0,3,14703.0,8600328.899999999
2025-08-01 11:24:06 AM,4901.0,11,53911.0,8654239.899999999
2025-08-01 11:25:36 AM,4900.9,0,0.0,8654239.899999999
2025-08-01 11:25:36 AM,4900.9,15,73513.5,8727753.399999999
2025-08-01 11:26:53 AM,4903.0,1,4903.0,8732656.399999999
2025-08-01 11:27:57 AM,4901.4,0,0.0,8732656.399999999
2025-08-01 11:28:00 AM,4901.4,18,88225.2,8820881.599999998
2025-08-01 11:28:29 AM,4901.5,0,0.0,8820881.599999998
2025-08-01 11:28:31 AM,4901.5,2,9803.0,8830684.599999998
2025-08-01 11:29:08 AM,4902.0,1,4902.0,8835586.599999998
2025-08-01 11:34:25 AM,4900.3,0,0.0,8835586.599999998
2025-08-01 11:34:28 AM,4900.3,5,24501.5,8860088.099999998
2025-08-01 11:35:06 AM,4902.0,0,0.0,8860088.099999998
2025-08-01 11:35:10 AM,4902.0,1,4902.0,8864990.099999998
2025-08-01 11:35:29 AM,4906.2,0,0.0,8864990.099999998
2025-08-01 11:35:32 AM,4906.2,2,9812.4,8874802.499999998
2025-08-01 11:35:36 AM,4900.3,0,0.0,8874802.499999998
2025-08-01 11:35:37 AM,4900.3,4,19601.2,8894403.699999997
2025-08-01 11:35:53 AM,4905.3,0,0.0,8894403.699999997
2025-08-01 11:35:55 AM,4905.4,0,0.0,8894403.699999997
2025-08-01 11:35:57 AM,4905.4,2,9810.8,8904214.499999998
2025-08-01 11:37:06 AM,4908.7,0,0.0,8904214.499999998
2025-08-01 11:37:10 AM,4908.7,34,166895.8,9071110.299999999
2025-08-01 11:37:26 AM,4901.6,0,0.0,9071110.299999999
2025-08-01 11:37:26 AM,4901.6,7,34311.200000000004,9105421.499999998
2025-08-01 11:37:35 AM,4900.0,0,0.0,9105421.499999998
2025-08-01 11:37:36 AM,4900.0,40,196000.0,9301421.499999998
2025-08-01 11:37:57 AM,4900.0,1,4900.0,9306321.499999998
2025-08-01 11:38:32 AM,4900.0,26,127400.0,9433721.499999998
2025-08-01 11:40:00 AM,4900.0,23,112700.0,9546421.499999998
2025-08-01 11:40:11 AM,4900.0,112,548800.0,10095221.499999998
2025-08-01 11:40:25 AM,4900.0,16,78400.0,10173621.499999998
2025-08-01 11:40:26 AM,4900.0,12,58800.0,10232421.499999998
2025-08-01 11:40:51 AM,4900.0,1,4900.0,10237321.499999998
2025-08-01 11:40:56 AM,4902.6,1,4902.6,10242224.099999998
2025-08-01 11:40:59 AM,4900.0,0,0.0,10242224.099999998
2025-08-01 11:41:01 AM,4900.0,2,9800.0,10252024.099999998
2025-08-01 11:41:16 AM,4900.0,140,686000.0,10938024.099999998
2025-08-01 11:41:41 AM,4900.0,10,49000.0,10987024.099999998
2025-08-01 11:41:57 AM,4900.0,50,245000.0,11232024.099999998
2025-08-01 11:42:14 AM,4900.5,0,0.0,11232024.099999998
2025-08-01 11:42:15 AM,4904.9,0,0.0,11232024.099999998
2025-08-01 11:42:17 AM,4904.9,3,14714.699999999999,11246738.799999997
2025-08-01 11:43:31 AM,4900.0,2,9800.0,11256538.799999997
2025-08-01 11:44:19 AM,4903.7,0,0.0,11256538.799999997
2025-08-01 11:44:20 AM,4903.6,3,14710.800000000001,11271249.599999998
2025-08-01 11:44:25 AM,4900.0,0,0.0,11271249.599999998
2025-08-01 11:44:26 AM,4900.0,29,142100.0,11413349.599999998
2025-08-01 11:45:15 AM,4900.0,15,73500.0,11486849.599999998
2025-08-01 11:46:12 AM,4903.3,0,0.0,11486849.599999998
2025-08-01 11:46:13 AM,4903.3,1,4903.3,11491752.899999999
2025-08-01 11:46:58 AM,4903.1,0,0.0,11491752.899999999
2025-08-01 11:47:01 AM,4903.1,17,83352.70000000001,11575105.599999998
2025-08-01 11:47:16 AM,4903.1,1,4903.1,11580008.699999997
2025-08-01 11:48:23 AM,4903.1,1,4903.1,11584911.799999997
2025-08-01 11:48:43 AM,4903.1,4,19612.4,11604524.199999997
2025-08-01 11:49:36 AM,4904.9,0,0.0,11604524.199999997
2025-08-01 11:49:40 AM,4904.9,4,19619.6,11624143.799999997
2025-08-01 11:49:48 AM,4904.8,0,0.0,11624143.799999997
2025-08-01 11:49:50 AM,4904.8,1,4904.8,11629048.599999998
2025-08-01 11:50:35 AM,4904.5,0,0.0,11629048.599999998
2025-08-01 11:50:37 AM,4904.5,1,4904.5,11633953.099999998
2025-08-01 11:50:38 AM,4905.0,0,0.0,11633953.099999998
2025-08-01 11:50:42 AM,4905.0,4,19620.0,11653573.099999998
2025-08-01 11:51:06 AM,4905.0,10,49050.0,11702623.099999998
2025-08-01 11:51:46 AM,4898.4,2068,10129891.2,21832514.299999997
2025-08-01 11:52:01 AM,4900.0,0,0.0,21832514.299999997
2025-08-01 11:52:01 AM,4900.0,156,764400.0,22596914.299999997
2025-08-01 11:52:16 AM,4904.6,1,4904.6,22601818.9
2025-08-01 11:54:27 AM,4904.1,0,0.0,22601818.9
2025-08-01 11:54:28 AM,4904.1,7,34328.700000000004,22636147.599999998
2025-08-01 11:54:33 AM,4904.1,1,4904.1,22641051.7
2025-08-01 11:55:03 AM,4904.1,10,49041.0,22690092.7
2025-08-01 11:56:14 AM,4900.1,1,4900.1,22694992.8
2025-08-01 11:56:20 AM,4903.8,0,0.0,22694992.8
2025-08-01 11:56:20 AM,4903.8,1,4903.8,22699896.6
2025-08-01 11:56:54 AM,4903.7,0,0.0,22699896.6
2025-08-01 11:56:54 AM,4903.7,8,39229.6,22739126.200000003
2025-08-01 11:58:04 AM,4903.6,0,0.0,22739126.200000003
2025-08-01 11:58:04 AM,4903.6,5,24518.0,22763644.200000003
2025-08-01 11:58:21 AM,4903.6,1,4903.6,22768547.800000004
2025-08-01 11:58:24 AM,4900.1,0,0.0,22768547.800000004
2025-08-01 11:58:27 AM,4900.1,5,24500.5,22793048.300000004
2025-08-01 11:58:53 AM,4905.0,70,343350.0,23136398.300000004
2025-08-01 11:59:19 AM,4905.7,3,14717.099999999999,23151115.400000006
2025-08-01 11:59:24 AM,4909.0,17,83453.0,23234568.400000006
2025-08-01 12:00:16 PM,4907.8,1,4907.8,23239476.200000007
2025-08-01 12:00:30 PM,4907.9,0,0.0,23239476.200000007
2025-08-01 12:00:32 PM,4907.9,10,49079.0,23288555.200000007
2025-08-01 12:01:13 PM,4908.3,2,9816.6,23298371.80000001
2025-08-01 12:02:23 PM,4908.2,1,4908.2,23303280.000000007
2025-08-01 12:02:28 PM,4904.4,3,14713.199999999999,23317993.200000007
2025-08-01 12:03:43 PM,4885.2,0,0.0,23317993.200000007
2025-08-01 12:03:45 PM,4885.2,1353,6609675.6,29927668.800000004
2025-08-01 12:03:47 PM,4879.2,0,0.0,29927668.800000004
2025-08-01 12:03:48 PM,4881.6,135,659016.0,30586684.800000004
2025-08-01 12:03:52 PM,4879.2,0,0.0,30586684.800000004
2025-08-01 12:03:53 PM,4879.9,113,551428.7,31138113.500000004
2025-08-01 12:04:20 PM,4878.0,0,0.0,31138113.500000004
2025-08-01 12:04:22 PM,4878.0,1,4878.0,31142991.500000004
2025-08-01 12:04:24 PM,4872.8,0,0.0,31142991.500000004
2025-08-01 12:04:24 PM,4872.8,43,209530.4,31352521.900000002
2025-08-01 12:04:29 PM,4896.7,868,4250335.6,35602857.5
2025-08-01 12:04:33 PM,4893.2,0,0.0,35602857.5
2025-08-01 12:04:34 PM,4893.2,9,44038.799999999996,35646896.3
2025-08-01 12:04:37 PM,4904.3,0,0.0,35646896.3
2025-08-01 12:04:38 PM,4904.3,115,563994.5,36210890.8
2025-08-01 12:04:42 PM,4902.9,0,0.0,36210890.8
2025-08-01 12:04:43 PM,4902.9,5,24514.5,36235405.3
2025-08-01 12:05:02 PM,4903.0,0,0.0,36235405.3
2025-08-01 12:05:02 PM,4903.0,60,294180.0,36529585.3
2025-08-01 12:05:27 PM,4902.0,9,44118.0,36573703.3
2025-08-01 12:05:54 PM,4905.8,1,4905.8,36578609.099999994
2025-08-01 12:06:27 PM,4901.9,0,0.0,36578609.099999994
2025-08-01 12:06:28 PM,4901.9,11,53920.899999999994,36632529.99999999
2025-08-01 12:07:26 PM,4908.3,0,0.0,36632529.99999999
2025-08-01 12:07:28 PM,4908.3,10,49083.0,36681612.99999999
2025-08-01 12:08:14 PM,4905.8,1,4905.8,36686518.79999999
2025-08-01 12:08:43 PM,4905.8,1,4905.8,36691424.59999999
2025-08-01 12:09:33 PM,4905.8,1,4905.8,36696330.39999998
2025-08-01 12:10:15 PM,4908.4,0,0.0,36696330.39999998
2025-08-01 12:10:19 PM,4908.4,1,4908.4,36701238.79999998
2025-08-01 12:11:32 PM,4905.8,0,0.0,36701238.79999998
2025-08-01 12:11:33 PM,4905.8,1,4905.8,36706144.59999998
2025-08-01 12:12:12 PM,4905.8,7,34340.6,36740485.19999998
2025-08-01 12:12:12 PM,4905.8,1,4905.8,36745390.99999998
2025-08-01 12:12:37 PM,4901.3,2,9802.6,36755193.59999998
2025-08-01 12:13:25 PM,4905.1,0,0.0,36755193.59999998
2025-08-01 12:13:27 PM,4905.1,19,93196.90000000001,36848390.49999998
2025-08-01 12:14:17 PM,4908.6,0,0.0,36848390.49999998
2025-08-01 12:14:17 PM,4908.6,1,4908.6,36853299.09999998
2025-08-01 12:15:31 PM,4908.9,0,0.0,36853299.09999998
2025-08-01 12:15:33 PM,4908.9,8,39271.2,36892570.29999998
2025-08-01 12:16:16 PM,4907.6,0,0.0,36892570.29999998
2025-08-01 12:16:19 PM,4907.6,1,4907.6,36897477.89999998
2025-08-01 12:16:57 PM,4907.6,50,245380.00000000003,37142857.89999998
2025-08-01 12:17:32 PM,4906.0,1,4906.0,37147763.89999998
2025-08-01 12:18:21 PM,4900.0,0,0.0,37147763.89999998
2025-08-01 12:18:24 PM,4900.0,38,186200.0,37333963.89999998
2025-08-01 12:18:29 PM,4901.0,0,0.0,37333963.89999998
2025-08-01 12:18:29 PM,4901.0,3,14703.0,37348666.89999998
2025-08-01 12:18:32 PM,4904.8,0,0.0,37348666.89999998
2025-08-01 12:18:34 PM,4904.8,1,4904.8,37353571.69999998
2025-08-01 12:19:37 PM,4900.0,0,0.0,37353571.69999998
2025-08-01 12:19:40 PM,4900.0,52,254800.0,37608371.69999998
2025-08-01 12:19:47 PM,4901.8,0,0.0,37608371.69999998
2025-08-01 12:19:50 PM,4901.8,20,98036.0,37706407.69999998
2025-08-01 12:20:19 PM,4900.0,0,0.0,37706407.69999998
2025-08-01 12:20:22 PM,4900.0,5,24500.0,37730907.69999998
2025-08-01 12:20:27 PM,4901.8,1,4901.8,37735809.49999998
2025-08-01 12:22:18 PM,4902.6,20,98052.0,37833861.49999998
2025-08-01 12:24:05 PM,4906.5,0,0.0,37833861.49999998
2025-08-01 12:24:07 PM,4906.5,5,24532.5,37858393.99999998
2025-08-01 12:24:20 PM,4906.7,0,0.0,37858393.99999998
2025-08-01 12:24:22 PM,4901.2,0,0.0,37858393.99999998
2025-08-01 12:24:22 PM,4901.2,6,29407.199999999997,37887801.19999998
2025-08-01 12:24:31 PM,4901.4,0,0.0,37887801.19999998
2025-08-01 12:24:32 PM,4901.4,1,4901.4,37892702.59999998
2025-08-01 12:26:24 PM,4904.4,0,0.0,37892702.59999998
2025-08-01 12:26:25 PM,4900.0,0,0.0,37892702.59999998
2025-08-01 12:26:27 PM,4900.0,11,53900.0,37946602.59999998
2025-08-01 12:28:28 PM,4902.3,1,4902.3,37951504.899999976
2025-08-01 12:29:13 PM,4902.1,0,0.0,37951504.899999976
2025-08-01 12:29:16 PM,4902.1,10,49021.0,38000525.899999976
2025-08-01 12:29:20 PM,4900.0,0,0.0,38000525.899999976
2025-08-01 12:29:21 PM,4900.0,54,264600.0,38265125.899999976
2025-08-01 12:30:27 PM,4901.7,1,4901.7,38270027.59999998
2025-08-01 12:31:12 PM,4899.0,0,0.0,38270027.59999998
2025-08-01 12:31:13 PM,4899.0,17,83283.0,38353310.59999998
2025-08-01 12:31:24 PM,4899.0,69,338031.0,38691341.59999998
2025-08-01 12:31:25 PM,4899.0,10,48990.0,38740331.59999998
2025-08-01 12:32:20 PM,4899.5,0,0.0,38740331.59999998
2025-08-01 12:32:22 PM,4899.5,1,4899.5,38745231.09999998
2025-08-01 12:32:28 PM,4901.0,87,426387.0,39171618.09999998
2025-08-01 12:34:22 PM,4902.6,0,0.0,39171618.09999998
2025-08-01 12:34:22 PM,4902.6,1,4902.6,39176520.69999998
2025-08-01 12:36:17 PM,4902.4,1,4902.4,39181423.09999998
2025-08-01 12:37:25 PM,4900.0,0,0.0,39181423.09999998
2025-08-01 12:37:27 PM,4900.0,1,4900.0,39186323.09999998
2025-08-01 12:38:20 PM,4902.5,0,0.0,39186323.09999998
2025-08-01 12:38:22 PM,4902.5,1,4902.5,39191225.59999998
2025-08-01 12:39:32 PM,4900.0,0,0.0,39191225.59999998
2025-08-01 12:39:35 PM,4900.0,5,24500.0,39215725.59999998
2025-08-01 12:40:21 PM,4902.0,0,0.0,39215725.59999998
2025-08-01 12:40:21 PM,4902.0,1,4902.0,39220627.59999998
2025-08-01 12:40:30 PM,4900.0,0,0.0,39220627.59999998
2025-08-01 12:40:32 PM,4900.0,1,4900.0,39225527.59999998
2025-08-01 12:41:16 PM,4899.0,0,0.0,39225527.59999998
2025-08-01 12:41:16 PM,4899.0,15,73485.0,39299012.59999998
2025-08-01 12:42:16 PM,4901.5,1,4901.5,39303914.09999998
2025-08-01 12:43:13 PM,4898.0,62,303676.0,39607590.09999998
2025-08-01 12:43:30 PM,4898.0,1,4898.0,39612488.09999998
2025-08-01 12:43:35 PM,4900.0,29,142100.0,39754588.09999998
2025-08-01 12:44:25 PM,4901.4,0,0.0,39754588.09999998
2025-08-01 12:44:29 PM,4901.4,1,4901.4,39759489.49999998
2025-08-01 12:45:16 PM,4903.8,15,73557.0,39833046.49999998
2025-08-01 12:46:18 PM,4902.5,0,0.0,39833046.49999998
2025-08-01 12:46:22 PM,4902.5,1,4902.5,39837948.99999998
2025-08-01 12:46:41 PM,4900.0,0,0.0,39837948.99999998
2025-08-01 12:46:42 PM,4900.0,74,362600.0,40200548.99999998
2025-08-01 12:47:29 PM,4903.1,0,0.0,40200548.99999998
2025-08-01 12:47:33 PM,4903.1,100,490310.00000000006,40690858.99999998
2025-08-01 12:47:56 PM,4901.4,0,0.0,40690858.99999998
2025-08-01 12:47:58 PM,4901.4,1,4901.4,40695760.399999976
2025-08-01 12:48:14 PM,4902.1,1,4902.1,40700662.49999998
2025-08-01 12:50:19 PM,4902.1,1,4902.1,40705564.59999998
2025-08-01 12:50:38 PM,4897.0,0,0.0,40705564.59999998
2025-08-01 12:50:40 PM,4897.0,193,945121.0,41650685.59999998
2025-08-01 12:50:45 PM,4897.0,14,68558.0,41719243.59999998
2025-08-01 12:50:45 PM,4900.0,0,0.0,41719243.59999998
2025-08-01 12:50:46 PM,4900.0,31,151900.0,41871143.59999998
2025-08-01 12:51:11 PM,4900.0,1,4900.0,41876043.59999998
2025-08-01 12:52:16 PM,4900.2,0,0.0,41876043.59999998
2025-08-01 12:52:17 PM,4900.2,1,4900.2,41880943.79999998
2025-08-01 12:53:39 PM,4900.0,0,0.0,41880943.79999998
2025-08-01 12:53:40 PM,4900.0,2,9800.0,41890743.79999998
2025-08-01 12:54:16 PM,4900.2,1,4900.2,41895643.999999985
2025-08-01 12:55:03 PM,4900.0,0,0.0,41895643.999999985
2025-08-01 12:55:08 PM,4900.0,1,4900.0,41900543.999999985
2025-08-01 12:56:03 PM,4900.0,66,323400.0,42223943.999999985
2025-08-01 12:56:09 PM,4899.0,1,4899.0,42228842.999999985
2025-08-01 12:56:14 PM,4899.0,22,107778.0,42336620.999999985
2025-08-01 12:56:22 PM,4899.1,0,0.0,42336620.999999985
2025-08-01 12:56:23 PM,4899.1,1,4899.1,42341520.09999999
2025-08-01 12:56:58 PM,4899.0,1,4899.0,42346419.09999999
2025-08-01 12:57:04 PM,4900.0,0,0.0,42346419.09999999
2025-08-01 12:57:08 PM,4900.0,58,284200.0,42630619.09999999
2025-08-01 12:57:31 PM,4902.1,0,0.0,42630619.09999999
2025-08-01 12:57:33 PM,4902.1,11,53923.100000000006,42684542.19999999
2025-08-01 12:57:36 PM,4898.0,0,0.0,42684542.19999999
2025-08-01 12:57:38 PM,4898.0,120,587760.0,43272302.19999999
2025-08-01 12:58:03 PM,4900.0,75,367500.0,43639802.19999999
2025-08-01 12:58:04 PM,4896.0,0,0.0,43639802.19999999
2025-08-01 12:58:08 PM,4896.0,100,489600.0,44129402.19999999
2025-08-01 12:58:09 PM,4885.7,0,0.0,44129402.19999999
2025-08-01 12:58:13 PM,4885.7,11,53742.7,44183144.89999999
2025-08-01 12:58:21 PM,4885.2,0,0.0,44183144.89999999
2025-08-01 12:58:23 PM,4885.2,14,68392.8,44251537.69999999
2025-08-01 12:58:25 PM,4884.6,0,0.0,44251537.69999999
2025-08-01 12:58:29 PM,4884.6,1,4884.6,44256422.29999999
2025-08-01 12:59:29 PM,4884.6,6,29307.600000000002,44285729.89999999
2025-08-01 12:59:50 PM,4880.0,0,0.0,44285729.89999999
2025-08-01 12:59:56 PM,4880.0,2,9760.0,44295489.89999999
2025-08-01 01:00:20 PM,4876.5,0,0.0,44295489.89999999
2025-08-01 01:00:22 PM,4876.5,1,4876.5,44300366.39999999
2025-08-01 01:01:16 PM,4873.9,0,0.0,44300366.39999999
2025-08-01 01:01:16 PM,4873.9,1,4873.9,44305240.29999999
2025-08-01 01:01:43 PM,4877.7,0,0.0,44305240.29999999
2025-08-01 01:01:45 PM,4877.7,112,546302.4,44851542.69999999
2025-08-01 01:01:48 PM,4880.7,0,0.0,44851542.69999999
2025-08-01 01:01:50 PM,4880.7,2,9761.4,44861304.09999999
2025-08-01 01:02:04 PM,4873.8,0,0.0,44861304.09999999
2025-08-01 01:02:04 PM,4873.8,10,48738.0,44910042.09999999
2025-08-01 01:02:16 PM,4880.1,0,0.0,44910042.09999999
2025-08-01 01:02:19 PM,4880.1,48,234244.80000000002,45144286.89999998
2025-08-01 01:04:13 PM,4882.4,0,0.0,45144286.89999998
2025-08-01 01:04:13 PM,4882.4,10,48824.0,45193110.89999998
2025-08-01 01:04:36 PM,4879.4,0,0.0,45193110.89999998
2025-08-01 01:04:37 PM,4879.4,1,4879.4,45197990.29999998
2025-08-01 01:06:18 PM,4879.1,0,0.0,45197990.29999998
2025-08-01 01:06:19 PM,4879.1,1,4879.1,45202869.39999998
2025-08-01 01:06:59 PM,4874.8,0,0.0,45202869.39999998
2025-08-01 01:07:00 PM,4874.8,1,4874.8,45207744.19999998
2025-08-01 01:07:13 PM,4872.7,0,0.0,45207744.19999998
2025-08-01 01:07:15 PM,4872.7,9,43854.299999999996,45251598.49999998
2025-08-01 01:08:06 PM,4879.0,0,0.0,45251598.49999998
2025-08-01 01:08:06 PM,4879.0,1,4879.0,45256477.49999998
2025-08-01 01:08:51 PM,4879.0,1,4879.0,45261356.49999998
2025-08-01 01:09:28 PM,4862.0,0,0.0,45261356.49999998
2025-08-01 01:09:29 PM,4862.0,232,1127984.0,46389340.49999998
2025-08-01 01:09:31 PM,4855.9,0,0.0,46389340.49999998
2025-08-01 01:09:31 PM,4855.9,10,48559.0,46437899.49999998
2025-08-01 01:09:38 PM,4858.2,0,0.0,46437899.49999998
2025-08-01 01:09:39 PM,4858.2,5,24291.0,46462190.49999998
2025-08-01 01:09:44 PM,4861.0,18,87498.0,46549688.49999998
2025-08-01 01:09:47 PM,4853.1,0,0.0,46549688.49999998
2025-08-01 01:09:47 PM,4853.1,11,53384.100000000006,46603072.59999998
2025-08-01 01:09:47 PM,4858.2,0,0.0,46603072.59999998
2025-08-01 01:09:49 PM,4858.2,1,4858.2,46607930.79999998
2025-08-01 01:09:52 PM,4852.8,1,4852.8,46612783.59999998
2025-08-01 01:10:04 PM,4855.4,17,82541.79999999999,46695325.399999976
2025-08-01 01:10:10 PM,4855.8,0,0.0,46695325.399999976
2025-08-01 01:10:12 PM,4855.8,1,4855.8,46700181.19999997
2025-08-01 01:10:43 PM,4855.8,1,4855.8,46705036.99999997
2025-08-01 01:10:53 PM,4855.8,9,43702.200000000004,46748739.19999997
2025-08-01 01:10:56 PM,4857.7,0,0.0,46748739.19999997
2025-08-01 01:10:58 PM,4857.7,20,97154.0,46845893.19999997
2025-08-01 01:11:28 PM,4857.2,0,0.0,46845893.19999997
2025-08-01 01:11:29 PM,4857.2,10,48572.0,46894465.19999997
2025-08-01 01:11:37 PM,4859.9,55,267294.5,47161759.69999997
2025-08-01 01:11:49 PM,4860.8,0,0.0,47161759.69999997
2025-08-01 01:11:49 PM,4860.8,100,486080.0,47647839.69999997
2025-08-01 01:12:12 PM,4856.2,1,4856.2,47652695.899999976
2025-08-01 01:12:32 PM,4852.2,6,29113.199999999997,47681809.09999998
2025-08-01 01:12:33 PM,4856.3,0,0.0,47681809.09999998
2025-08-01 01:12:34 PM,4856.3,1,4856.3,47686665.399999976
2025-08-01 01:12:44 PM,4855.2,0,0.0,47686665.399999976
2025-08-01 01:12:44 PM,4855.2,50,242760.0,47929425.399999976
2025-08-01 01:12:45 PM,4853.8,0,0.0,47929425.399999976
2025-08-01 01:12:48 PM,4853.8,13,63099.4,47992524.799999975
2025-08-01 01:13:05 PM,4851.0,16,77616.0,48070140.799999975
2025-08-01 01:13:20 PM,4854.8,1,4854.8,48074995.59999997
2025-08-01 01:13:25 PM,4854.8,1,4854.8,48079850.39999997
2025-08-01 01:13:59 PM,4854.8,150,728220.0,48808070.39999997
2025-08-01 01:15:23 PM,4859.0,1,4859.0,48812929.39999997
2025-08-01 01:15:54 PM,4860.1,15,72901.5,48885830.89999997
2025-08-01 01:17:40 PM,4860.3,0,0.0,48885830.89999997
2025-08-01 01:17:41 PM,4860.3,1,4860.3,48890691.199999966
2025-08-01 01:18:15 PM,4860.0,0,0.0,48890691.199999966
2025-08-01 01:18:16 PM,4860.0,1,4860.0,48895551.199999966
2025-08-01 01:18:46 PM,4860.0,5,24300.0,48919851.199999966
2025-08-01 01:18:54 PM,4860.1,0,0.0,48919851.199999966
2025-08-01 01:18:56 PM,4860.1,1,4860.1,48924711.29999997
2025-08-01 01:19:32 PM,4860.8,0,0.0,48924711.29999997
2025-08-01 01:19:35 PM,4860.8,5,24304.0,48949015.29999997
2025-08-01 01:19:46 PM,4849.6,0,0.0,48949015.29999997
2025-08-01 01:19:47 PM,4848.0,0,0.0,48949015.29999997
2025-08-01 01:19:48 PM,4850.0,0,0.0,48949015.29999997
2025-08-01 01:19:50 PM,4850.0,634,3074900.0,52023915.29999997
2025-08-01 01:20:06 PM,4844.8,0,0.0,52023915.29999997
2025-08-01 01:20:06 PM,4844.8,50,242240.0,52266155.29999997
2025-08-01 01:20:06 PM,4849.7,0,0.0,52266155.29999997
2025-08-01 01:20:10 PM,4849.7,1,4849.7,52271004.99999997
2025-08-01 01:20:25 PM,4849.5,0,0.0,52271004.99999997
2025-08-01 01:20:25 PM,4849.5,9,43645.5,52314650.49999997
2025-08-01 01:20:35 PM,4849.8,0,0.0,52314650.49999997
2025-08-01 01:20:35 PM,4849.8,3,14549.400000000001,52329199.89999997
2025-08-01 01:20:53 PM,4845.0,0,0.0,52329199.89999997
2025-08-01 01:20:55 PM,4845.0,496,2403120.0,54732319.89999997
2025-08-01 01:21:09 PM,4850.7,0,0.0,54732319.89999997
2025-08-01 01:21:10 PM,4850.7,1,4850.7,54737170.59999997
2025-08-01 01:22:05 PM,4845.6,0,0.0,54737170.59999997
2025-08-01 01:22:09 PM,4845.6,1,4845.6,54742016.19999997
2025-08-01 01:23:37 PM,4846.0,50,242300.0,54984316.19999997
2025-08-01 01:24:12 PM,4848.7,0,0.0,54984316.19999997
2025-08-01 01:24:15 PM,4848.7,1,4848.7,54989164.899999976
2025-08-01 01:24:52 PM,4841.3,0,0.0,54989164.899999976
2025-08-01 01:24:53 PM,4841.3,20,96826.0,55085990.899999976
2025-08-01 01:25:17 PM,4844.8,0,0.0,55085990.899999976
2025-08-01 01:25:19 PM,4844.8,18,87206.40000000001,55173197.299999975
2025-08-01 01:25:47 PM,4844.3,18,87197.40000000001,55260394.69999997
2025-08-01 01:25:53 PM,4840.0,2,9680.0,55270074.69999997
2025-08-01 01:25:58 PM,4841.0,0,0.0,55270074.69999997
2025-08-01 01:25:58 PM,4841.0,35,169435.0,55439509.69999997
2025-08-01 01:26:05 PM,4846.2,0,0.0,55439509.69999997
2025-08-01 01:26:07 PM,4846.2,1,4846.2,55444355.899999976
2025-08-01 01:26:13 PM,4842.1,0,0.0,55444355.899999976
2025-08-01 01:26:17 PM,4841.2,0,0.0,55444355.899999976
2025-08-01 01:26:18 PM,4841.2,5,24206.0,55468561.899999976
2025-08-01 01:27:25 PM,4840.1,0,0.0,55468561.899999976
2025-08-01 01:27:26 PM,4840.1,1,4840.1,55473401.99999998
2025-08-01 01:27:29 PM,4840.3,0,0.0,55473401.99999998
2025-08-01 01:27:31 PM,4840.3,10,48403.0,55521804.99999998
2025-08-01 01:28:04 PM,4843.0,0,0.0,55521804.99999998
2025-08-01 01:28:05 PM,4843.0,1,4843.0,55526647.99999998
2025-08-01 01:29:40 PM,4843.7,0,0.0,55526647.99999998
2025-08-01 01:29:41 PM,4843.7,30,145311.0,55671958.99999998
2025-08-01 01:30:08 PM,4843.0,0,0.0,55671958.99999998
2025-08-01 01:30:10 PM,4843.0,1,4843.0,55676801.99999998
2025-08-01 01:30:44 PM,4843.0,3,14529.0,55691330.99999998
2025-08-01 01:31:49 PM,4843.5,0,0.0,55691330.99999998
2025-08-01 01:31:49 PM,4843.5,10,48435.0,55739765.99999998
2025-08-01 01:32:19 PM,4843.5,1,4843.5,55744609.49999998
2025-08-01 01:32:34 PM,4843.7,5,24218.5,55768827.99999998
2025-08-01 01:34:24 PM,4843.1,0,0.0,55768827.99999998
2025-08-01 01:34:24 PM,4843.1,1,4843.1,55773671.09999998
2025-08-01 01:36:12 PM,4843.7,0,0.0,55773671.09999998
2025-08-01 01:36:15 PM,4843.7,1,4843.7,55778514.79999998
2025-08-01 01:36:46 PM,4841.0,0,0.0,55778514.79999998
2025-08-01 01:36:49 PM,4841.0,1,4841.0,55783355.79999998
2025-08-01 01:37:44 PM,4835.0,3,14505.0,55797860.79999998
2025-08-01 01:38:01 PM,4833.9,0,0.0,55797860.79999998
2025-08-01 01:38:02 PM,4834.0,0,0.0,55797860.79999998
2025-08-01 01:38:02 PM,4834.0,3,14502.0,55812362.79999998
2025-08-01 01:38:05 PM,4833.9,0,0.0,55812362.79999998
2025-08-01 01:38:08 PM,4833.9,8,38671.2,55851033.999999985
2025-08-01 01:38:34 PM,4830.0,0,0.0,55851033.999999985
2025-08-01 01:38:36 PM,4830.0,61,294630.0,56145663.999999985
2025-08-01 01:38:40 PM,4829.5,0,0.0,56145663.999999985
2025-08-01 01:38:40 PM,4825.0,0,0.0,56145663.999999985
2025-08-01 01:38:41 PM,4826.9,103,497170.69999999995,56642834.69999999
2025-08-01 01:38:45 PM,4825.0,0,0.0,56642834.69999999
2025-08-01 01:38:46 PM,4825.0,25,120625.0,56763459.69999999
2025-08-01 01:38:48 PM,4821.8,0,0.0,56763459.69999999
2025-08-01 01:38:49 PM,4824.4,0,0.0,56763459.69999999
2025-08-01 01:38:52 PM,4824.4,15,72366.0,56835825.69999999
2025-08-01 01:38:55 PM,4825.4,0,0.0,56835825.69999999
2025-08-01 01:38:57 PM,4825.4,13,62730.2,56898555.89999999
2025-08-01 01:39:08 PM,4825.4,4,19301.6,56917857.49999999
2025-08-01 01:39:11 PM,4825.7,0,0.0,56917857.49999999
2025-08-01 01:39:14 PM,4825.7,1,4825.7,56922683.199999996
2025-08-01 01:39:33 PM,4825.4,0,0.0,56922683.199999996
2025-08-01 01:39:34 PM,4825.4,10,48254.0,56970937.199999996
2025-08-01 01:40:03 PM,4824.2,0,0.0,56970937.199999996
2025-08-01 01:40:05 PM,4824.2,2,9648.4,56980585.599999994
2025-08-01 01:40:25 PM,4824.8,0,0.0,56980585.599999994
2025-08-01 01:40:25 PM,4824.8,5,24124.0,57004709.599999994
2025-08-01 01:41:39 PM,4824.7,9,43422.299999999996,57048131.89999999
2025-08-01 01:42:04 PM,4824.7,1,4824.7,57052956.599999994
2025-08-01 01:42:32 PM,4825.0,0,0.0,57052956.599999994
2025-08-01 01:42:33 PM,4825.0,10,48250.0,57101206.599999994
2025-08-01 01:43:03 PM,4828.1,0,0.0,57101206.599999994
2025-08-01 01:43:03 PM,4828.1,1,4828.1,57106034.699999996
2025-08-01 01:43:16 PM,4828.6,0,0.0,57106034.699999996
2025-08-01 01:43:18 PM,4828.6,5,24143.0,57130177.699999996
2025-08-01 01:44:07 PM,4825.1,0,0.0,57130177.699999996
2025-08-01 01:44:07 PM,4825.1,15,72376.5,57202554.199999996
2025-08-01 01:44:15 PM,4828.6,0,0.0,57202554.199999996
2025-08-01 01:44:17 PM,4828.6,1,4828.6,57207382.8
2025-08-01 01:46:09 PM,4829.7,0,0.0,57207382.8
2025-08-01 01:46:11 PM,4829.7,1,4829.7,57212212.5
2025-08-01 01:46:15 PM,4829.9,0,0.0,57212212.5
2025-08-01 01:46:16 PM,4829.9,1,4829.9,57217042.4
2025-08-01 01:46:35 PM,4827.1,0,0.0,57217042.4
2025-08-01 01:46:36 PM,4827.1,10,48271.0,57265313.4
2025-08-01 01:47:01 PM,4830.4,0,0.0,57265313.4
2025-08-01 01:47:01 PM,4830.4,1,4830.4,57270143.8
2025-08-01 01:47:07 PM,4828.1,0,0.0,57270143.8
2025-08-01 01:47:08 PM,4828.1,10,48281.0,57318424.8
2025-08-01 01:47:36 PM,4831.2,1,4831.2,57323256.0
2025-08-01 01:48:07 PM,4832.7,10,48327.0,57371583.0
2025-08-01 01:48:12 PM,4831.8,1,4831.8,57376414.8
2025-08-01 01:48:35 PM,4827.1,0,0.0,57376414.8
2025-08-01 01:48:37 PM,4827.1,138,666139.8,58042554.599999994
2025-08-01 01:49:02 PM,4823.6,0,0.0,58042554.599999994
2025-08-01 01:49:06 PM,4823.6,1,4823.6,58047378.199999996
2025-08-01 01:50:08 PM,4824.6,0,0.0,58047378.199999996
2025-08-01 01:50:09 PM,4824.6,4,19298.4,58066676.599999994
2025-08-01 01:51:46 PM,4825.0,1,4825.0,58071501.599999994
2025-08-01 01:52:07 PM,4828.9,0,0.0,58071501.599999994
2025-08-01 01:52:11 PM,4828.9,1,4828.9,58076330.49999999
2025-08-01 01:52:30 PM,4828.9,10,48289.0,58124619.49999999
2025-08-01 01:52:34 PM,4828.4,0,0.0,58124619.49999999
2025-08-01 01:52:35 PM,4828.4,1,4828.4,58129447.89999999
2025-08-01 01:52:39 PM,4825.2,0,0.0,58129447.89999999
2025-08-01 01:52:40 PM,4825.2,10,48252.0,58177699.89999999
2025-08-01 01:53:11 PM,4825.8,0,0.0,58177699.89999999
2025-08-01 01:53:14 PM,4825.8,1,4825.8,58182525.69999999
2025-08-01 01:53:46 PM,4828.5,0,0.0,58182525.69999999
2025-08-01 01:53:47 PM,4828.5,1,4828.5,58187354.19999999
2025-08-01 01:54:10 PM,4828.6,1,4828.6,58192182.79999999
2025-08-01 01:54:12 PM,4828.5,1,4828.5,58197011.29999999
2025-08-01 01:55:16 PM,4828.6,0,0.0,58197011.29999999
2025-08-01 01:55:19 PM,4828.6,2,9657.2,58206668.49999999
2025-08-01 01:55:33 PM,4828.6,1,4828.6,58211497.099999994
2025-08-01 01:55:58 PM,4828.6,38,183486.80000000002,58394983.89999999
2025-08-01 01:56:13 PM,4832.0,1,4832.0,58399815.89999999
2025-08-01 01:56:15 PM,4832.3,0,0.0,58399815.89999999
2025-08-01 01:56:18 PM,4832.3,1,4832.3,58404648.19999999
2025-08-01 01:57:05 PM,4831.4,0,0.0,58404648.19999999
2025-08-01 01:57:08 PM,4831.4,1,4831.4,58409479.59999999
2025-08-01 01:57:27 PM,4828.6,0,0.0,58409479.59999999
2025-08-01 01:57:28 PM,4828.6,3,14485.800000000001,58423965.39999998
2025-08-01 01:57:56 PM,4827.1,17,82060.70000000001,58506026.09999999
2025-08-01 01:57:59 PM,4827.7,0,0.0,58506026.09999999
2025-08-01 01:58:01 PM,4827.7,1,4827.7,58510853.79999999
2025-08-01 01:58:11 PM,4828.1,0,0.0,58510853.79999999
2025-08-01 01:58:11 PM,4828.1,1,4828.1,58515681.89999999
2025-08-01 01:58:45 PM,4827.7,0,0.0,58515681.89999999
2025-08-01 01:58:46 PM,4827.7,10,48277.0,58563958.89999999
2025-08-01 01:59:25 PM,4823.7,0,0.0,58563958.89999999
2025-08-01 01:59:27 PM,4823.7,36,173653.19999999998,58737612.099999994
2025-08-01 02:00:07 PM,4822.5,1,4822.5,58742434.599999994
2025-08-01 02:00:13 PM,4822.5,1,4822.5,58747257.099999994
2025-08-01 02:00:23 PM,4822.5,4,19290.0,58766547.099999994
2025-08-01 02:01:11 PM,4821.0,0,0.0,58766547.099999994
2025-08-01 02:01:16 PM,4821.0,1,4821.0,58771368.099999994
2025-08-01 02:01:59 PM,4820.0,0,0.0,58771368.099999994
2025-08-01 02:01:59 PM,4820.0,20,96400.0,58867768.099999994
2025-08-01 02:02:04 PM,4820.0,14,67480.0,58935248.099999994
2025-08-01 02:02:11 PM,4822.2,0,0.0,58935248.099999994
2025-08-01 02:02:14 PM,4822.2,1,4822.2,58940070.3
2025-08-01 02:02:18 PM,4820.0,0,0.0,58940070.3
2025-08-01 02:02:19 PM,4820.0,4,19280.0,58959350.3
2025-08-01 02:02:33 PM,4816.5,0,0.0,58959350.3
2025-08-01 02:02:38 PM,4816.5,83,399769.5,59359119.8
2025-08-01 02:02:39 PM,4817.9,0,0.0,59359119.8
2025-08-01 02:02:40 PM,4813.6,0,0.0,59359119.8
2025-08-01 02:02:43 PM,4813.6,72,346579.2,59705699.0
2025-08-01 02:03:51 PM,4815.5,0,0.0,59705699.0
2025-08-01 02:03:54 PM,4815.5,20,96310.0,59802009.0
2025-08-01 02:04:01 PM,4816.5,0,0.0,59802009.0
2025-08-01 02:04:04 PM,4816.5,1,4816.5,59806825.5
2025-08-01 02:04:06 PM,4818.5,0,0.0,59806825.5
2025-08-01 02:04:09 PM,4818.5,1,4818.5,59811644.0
2025-08-01 02:04:17 PM,4818.7,0,0.0,59811644.0
2025-08-01 02:04:19 PM,4818.7,5,24093.5,59835737.5
2025-08-01 02:04:21 PM,4818.3,0,0.0,59835737.5
2025-08-01 02:04:24 PM,4818.3,1,4818.3,59840555.8
2025-08-01 02:04:45 PM,4815.3,40,192612.0,60033167.8
2025-08-01 02:05:04 PM,4815.5,0,0.0,60033167.8
2025-08-01 02:05:05 PM,4815.5,4,19262.0,60052429.8
2025-08-01 02:05:14 PM,4814.1,0,0.0,60052429.8
2025-08-01 02:05:15 PM,4814.1,1,4814.1,60057243.9
2025-08-01 02:05:53 PM,4812.6,0,0.0,60057243.9
2025-08-01 02:05:55 PM,4812.6,6,28875.600000000002,60086119.5
2025-08-01 02:06:03 PM,4817.7,0,0.0,60086119.5
2025-08-01 02:06:04 PM,4817.7,1,4817.7,60090937.2
2025-08-01 02:06:16 PM,4818.0,0,0.0,60090937.2
2025-08-01 02:06:20 PM,4818.0,5,24090.0,60115027.2
2025-08-01 02:06:25 PM,4814.5,17,81846.5,60196873.7
2025-08-01 02:08:07 PM,4817.2,0,0.0,60196873.7
2025-08-01 02:08:08 PM,4817.2,1,4817.2,60201690.900000006
2025-08-01 02:08:17 PM,4824.0,0,0.0,60201690.900000006
2025-08-01 02:08:18 PM,4824.0,86,414864.0,60616554.900000006
2025-08-01 02:08:28 PM,4825.4,3,14476.199999999999,60631031.10000001
2025-08-01 02:08:33 PM,4824.8,1,4824.8,60635855.900000006
2025-08-01 02:09:04 PM,4820.1,0,0.0,60635855.900000006
2025-08-01 02:09:04 PM,4820.1,4,19280.4,60655136.300000004
2025-08-01 02:09:14 PM,4820.0,0,0.0,60655136.300000004
2025-08-01 02:09:14 PM,4820.0,10,48200.0,60703336.300000004
2025-08-01 02:09:20 PM,4823.5,0,0.0,60703336.300000004
2025-08-01 02:09:25 PM,4823.5,1,4823.5,60708159.800000004
2025-08-01 02:09:27 PM,4820.0,0,0.0,60708159.800000004
2025-08-01 02:09:30 PM,4820.0,1,4820.0,60712979.800000004
2025-08-01 02:10:09 PM,4820.0,3,14460.0,60727439.800000004
2025-08-01 02:10:17 PM,4824.5,0,0.0,60727439.800000004
2025-08-01 02:10:19 PM,4824.5,1,4824.5,60732264.300000004
2025-08-01 02:10:44 PM,4824.5,1,4824.5,60737088.800000004
2025-08-01 02:11:00 PM,4825.0,20,96500.0,60833588.800000004
2025-08-01 02:12:07 PM,4824.8,0,0.0,60833588.800000004
2025-08-01 02:12:08 PM,4824.8,1,4824.8,60838413.6
2025-08-01 02:13:51 PM,4821.1,0,0.0,60838413.6
2025-08-01 02:13:51 PM,4821.1,3,14463.300000000001,60852876.9
2025-08-01 02:14:21 PM,4823.9,0,0.0,60852876.9
2025-08-01 02:14:23 PM,4823.9,1,4823.9,60857700.8
2025-08-01 02:14:43 PM,4821.0,1,4821.0,60862521.8
2025-08-01 02:15:22 PM,4822.0,10,48220.0,60910741.8
2025-08-01 02:16:11 PM,4824.1,0,0.0,60910741.8
2025-08-01 02:16:14 PM,4824.1,1,4824.1,60915565.9
2025-08-01 02:17:34 PM,4826.0,0,0.0,60915565.9
2025-08-01 02:17:34 PM,4826.0,42,202692.0,61118257.9
2025-08-01 02:18:05 PM,4826.0,6,28956.0,61147213.9
2025-08-01 02:18:26 PM,4827.4,1,4827.4,61152041.3
2025-08-01 02:19:04 PM,4826.0,0,0.0,61152041.3
2025-08-01 02:19:06 PM,4826.0,59,284734.0,61436775.3
2025-08-01 02:19:07 PM,4824.1,0,0.0,61436775.3
2025-08-01 02:19:11 PM,4824.1,136,656077.6000000001,62092852.9
2025-08-01 02:19:13 PM,4820.1,0,0.0,62092852.9
2025-08-01 02:19:15 PM,4822.3,0,0.0,62092852.9
2025-08-01 02:19:16 PM,4822.3,28,135024.4,62227877.3
2025-08-01 02:19:18 PM,4820.1,0,0.0,62227877.3
2025-08-01 02:19:21 PM,4820.1,12,57841.200000000004,62285718.5
2025-08-01 02:19:31 PM,4820.3,0,0.0,62285718.5
2025-08-01 02:19:32 PM,4820.3,3,14460.900000000001,62300179.4
2025-08-01 02:19:41 PM,4820.2,0,0.0,62300179.4
2025-08-01 02:19:43 PM,4820.2,1,4820.2,62304999.6
2025-08-01 02:20:44 PM,4820.1,12,57841.200000000004,62362840.800000004
2025-08-01 02:20:48 PM,4820.6,0,0.0,62362840.800000004
2025-08-01 02:20:49 PM,4820.6,34,163900.40000000002,62526741.2
2025-08-01 02:20:52 PM,4824.7,0,0.0,62526741.2
2025-08-01 02:20:54 PM,4824.7,1,4824.7,62531565.900000006
2025-08-01 02:20:57 PM,4825.5,0,0.0,62531565.900000006
2025-08-01 02:20:59 PM,4825.5,85,410167.5,62941733.400000006
2025-08-01 02:21:01 PM,4824.6,0,0.0,62941733.400000006
2025-08-01 02:21:04 PM,4824.6,15,72369.0,63014102.400000006
2025-08-01 02:21:05 PM,4824.9,0,0.0,63014102.400000006
2025-08-01 02:21:10 PM,4824.9,3,14474.699999999999,63028577.10000001
2025-08-01 02:21:15 PM,4826.7,2,9653.4,63038230.50000001
2025-08-01 02:21:20 PM,4822.6,1,4822.6,63043053.10000001
2025-08-01 02:21:51 PM,4822.1,0,0.0,63043053.10000001
2025-08-01 02:21:52 PM,4822.1,1,4822.1,63047875.20000001
2025-08-01 02:22:19 PM,4822.1,1,4822.1,63052697.30000001
2025-08-01 02:22:27 PM,4825.4,0,0.0,63052697.30000001
2025-08-01 02:22:30 PM,4825.4,12,57904.799999999996,63110602.10000001
2025-08-01 02:23:12 PM,4827.6,0,0.0,63110602.10000001
2025-08-01 02:23:13 PM,4827.6,4,19310.4,63129912.50000001
2025-08-01 02:24:58 PM,4828.1,1,4828.1,63134740.60000001
2025-08-01 02:26:19 PM,4828.1,1,4828.1,63139568.70000001
2025-08-01 02:26:45 PM,4829.3,12,57951.600000000006,63197520.30000001
2025-08-01 02:27:10 PM,4831.0,0,0.0,63197520.30000001
2025-08-01 02:27:12 PM,4831.0,1,4831.0,63202351.30000001
2025-08-01 02:27:27 PM,4830.0,0,0.0,63202351.30000001
2025-08-01 02:27:28 PM,4830.0,3,14490.0,63216841.30000001
2025-08-01 02:27:55 PM,4832.9,1,4832.9,63221674.20000001
2025-08-01 02:28:17 PM,4833.3,1,4833.3,63226507.50000001
2025-08-01 02:28:19 PM,4830.0,0,0.0,63226507.50000001
2025-08-01 02:28:20 PM,4834.0,0,0.0,63226507.50000001
2025-08-01 02:28:22 PM,4834.0,97,468898.0,63695405.50000001
2025-08-01 02:28:44 PM,4834.0,10,48340.0,63743745.50000001
2025-08-01 02:29:40 PM,4834.0,5,24170.0,63767915.50000001
2025-08-01 02:29:55 PM,4833.0,0,0.0,63767915.50000001
2025-08-01 02:29:56 PM,4833.0,4,19332.0,63787247.50000001
2025-08-01 02:30:01 PM,4832.0,1,4832.0,63792079.50000001
2025-08-01 02:30:13 PM,4834.7,1,4834.7,63796914.20000001
2025-08-01 02:30:20 PM,4835.7,0,0.0,63796914.20000001
2025-08-01 02:30:20 PM,4835.7,10,48357.0,63845271.20000001
2025-08-01 02:30:53 PM,4835.5,0,0.0,63845271.20000001
2025-08-01 02:30:55 PM,4835.5,5,24177.5,63869448.70000001
2025-08-01 02:32:11 PM,4836.1,0,0.0,63869448.70000001
2025-08-01 02:32:12 PM,4836.1,45,217624.50000000003,64087073.20000001
2025-08-01 02:32:13 PM,4836.3,1,4836.3,64091909.50000001
2025-08-01 02:32:30 PM,4832.9,2,9665.8,64101575.300000004
2025-08-01 02:33:46 PM,4833.2,0,0.0,64101575.300000004
2025-08-01 02:33:47 PM,4833.2,18,86997.59999999999,64188572.900000006
2025-08-01 02:34:23 PM,4833.9,0,0.0,64188572.900000006
2025-08-01 02:34:24 PM,4833.9,1,4833.9,64193406.800000004
2025-08-01 02:34:32 PM,4833.4,0,0.0,64193406.800000004
2025-08-01 02:34:32 PM,4833.4,4,19333.6,64212740.400000006
2025-08-01 02:34:47 PM,4837.3,0,0.0,64212740.400000006
2025-08-01 02:34:48 PM,4837.3,1,4837.3,64217577.7
2025-08-01 02:34:53 PM,4833.1,11,53164.100000000006,64270741.800000004
2025-08-01 02:35:20 PM,4837.1,0,0.0,64270741.800000004
2025-08-01 02:35:21 PM,4837.1,4,19348.4,64290090.2
2025-08-01 02:36:43 PM,4836.5,0,0.0,64290090.2
2025-08-01 02:36:45 PM,4836.5,1,4836.5,64294926.7
2025-08-01 02:36:50 PM,4833.4,1271,6143251.399999999,70438178.10000001
2025-08-01 02:38:27 PM,4833.9,0,0.0,70438178.10000001
2025-08-01 02:38:28 PM,4833.9,13,62840.7,70501018.80000001
2025-08-01 02:38:45 PM,4833.7,0,0.0,70501018.80000001
2025-08-01 02:38:45 PM,4833.7,1,4833.7,70505852.50000001
2025-08-01 02:39:01 PM,4830.0,0,0.0,70505852.50000001
2025-08-01 02:39:03 PM,4830.0,9,43470.0,70549322.50000001
2025-08-01 02:39:24 PM,4833.9,0,0.0,70549322.50000001
2025-08-01 02:39:26 PM,4833.9,9,43505.1,70592827.60000001
2025-08-01 02:39:37 PM,4831.3,15,72469.5,70665297.10000001
2025-08-01 02:40:22 PM,4831.3,10,48313.0,70713610.10000001
2025-08-01 02:40:41 PM,4834.5,0,0.0,70713610.10000001
2025-08-01 02:40:43 PM,4834.5,1,4834.5,70718444.60000001
2025-08-01 02:40:54 PM,4834.5,1,4834.5,70723279.10000001
2025-08-01 02:41:36 PM,4831.0,0,0.0,70723279.10000001
2025-08-01 02:41:38 PM,4831.0,31,149761.0,70873040.10000001
2025-08-01 02:42:42 PM,4834.0,1,4834.0,70877874.10000001
2025-08-01 02:43:55 PM,4830.4,0,0.0,70877874.10000001
2025-08-01 02:43:57 PM,4830.4,2,9660.8,70887534.9
2025-08-01 02:44:44 PM,4834.0,0,0.0,70887534.9
2025-08-01 02:44:48 PM,4834.0,1,4834.0,70892368.9
2025-08-01 02:45:23 PM,4834.7,20,96694.0,70989062.9
2025-08-01 02:45:26 PM,4833.1,0,0.0,70989062.9
2025-08-01 02:45:28 PM,4833.1,4,19332.4,71008395.30000001
2025-08-01 02:46:17 PM,4830.6,0,0.0,71008395.30000001
2025-08-01 02:46:18 PM,4830.6,20,96612.0,71105007.30000001
2025-08-01 02:46:28 PM,4830.0,0,0.0,71105007.30000001
2025-08-01 02:46:29 PM,4830.0,25,120750.0,71225757.30000001
2025-08-01 02:46:41 PM,4834.2,1,4834.2,71230591.50000001
2025-08-01 02:48:21 PM,4830.0,0,0.0,71230591.50000001
2025-08-01 02:48:22 PM,4830.0,38,183540.0,71414131.50000001
2025-08-01 02:48:44 PM,4833.9,20,96678.0,71510809.50000001
2025-08-01 02:48:50 PM,4833.7,1,4833.7,71515643.20000002
2025-08-01 02:49:01 PM,4833.8,1,4833.8,71520477.00000001
2025-08-01 02:49:51 PM,4833.8,1,4833.8,71525310.80000001
2025-08-01 02:50:07 PM,4830.0,0,0.0,71525310.80000001
2025-08-01 02:50:08 PM,4830.0,7,33810.0,71559120.80000001
2025-08-01 02:50:34 PM,4833.8,0,0.0,71559120.80000001
2025-08-01 02:50:35 PM,4833.8,5,24169.0,71583289.80000001
2025-08-01 02:50:46 PM,4833.9,2,9667.8,71592957.60000001
2025-08-01 02:51:50 PM,4833.7,0,0.0,71592957.60000001
2025-08-01 02:51:50 PM,4833.7,1,4833.7,71597791.30000001
2025-08-01 02:51:56 PM,4830.0,10,48300.0,71646091.30000001
2025-08-01 02:52:00 PM,4840.4,0,0.0,71646091.30000001
2025-08-01 02:52:01 PM,4840.4,131,634092.3999999999,72280183.70000002
2025-08-01 02:52:12 PM,4844.5,0,0.0,72280183.70000002
2025-08-01 02:52:13 PM,4844.5,1,4844.5,72285028.20000002
2025-08-01 02:52:44 PM,4843.6,10,48436.0,72333464.20000002
2025-08-01 02:53:15 PM,4840.5,0,0.0,72333464.20000002
2025-08-01 02:53:16 PM,4840.5,10,48405.0,72381869.20000002
2025-08-01 02:54:34 PM,4840.8,0,0.0,72381869.20000002
2025-08-01 02:54:36 PM,4840.8,13,62930.4,72444799.60000002
2025-08-01 02:54:49 PM,4843.2,0,0.0,72444799.60000002
2025-08-01 02:54:49 PM,4843.2,2,9686.4,72454486.00000003
2025-08-01 02:55:49 PM,4840.0,150,726000.0,73180486.00000003
2025-08-01 02:55:53 PM,4840.0,12,58080.0,73238566.00000003
2025-08-01 02:55:58 PM,4840.0,119,575960.0,73814526.00000003
2025-08-01 02:56:08 PM,4840.5,0,0.0,73814526.00000003
2025-08-01 02:56:10 PM,4840.5,19,91969.5,73906495.50000003
2025-08-01 02:56:52 PM,4841.0,0,0.0,73906495.50000003
2025-08-01 02:56:54 PM,4841.0,2,9682.0,73916177.50000003
2025-08-01 02:57:42 PM,4840.0,0,0.0,73916177.50000003
2025-08-01 02:57:44 PM,4840.0,50,242000.0,74158177.50000003
2025-08-01 02:58:16 PM,4842.2,0,0.0,74158177.50000003
2025-08-01 02:58:18 PM,4842.2,2,9684.4,74167861.90000004
2025-08-01 02:58:24 PM,4840.0,10,48400.0,74216261.90000004
2025-08-01 02:59:20 PM,4840.0,11,53240.0,74269501.90000004
2025-08-01 03:00:01 PM,4840.5,403,1950721.5,76220223.40000004
2025-08-01 03:00:03 PM,4845.0,0,0.0,76220223.40000004
2025-08-01 03:00:05 PM,4846.1,100,484610.00000000006,76704833.40000004
2025-08-01 03:00:07 PM,4851.9,2,9703.8,76714537.20000003
2025-08-01 03:00:23 PM,4851.6,1,4851.6,76719388.80000003
2025-08-01 03:00:25 PM,4845.3,2,9690.6,76729079.40000002
2025-08-01 03:00:46 PM,4845.0,0,0.0,76729079.40000002
2025-08-01 03:00:47 PM,4845.0,10,48450.0,76777529.40000002
2025-08-01 03:01:20 PM,4845.2,1,4845.2,76782374.60000002
2025-08-01 03:01:29 PM,4843.2,0,0.0,76782374.60000002
2025-08-01 03:01:29 PM,4843.2,4,19372.8,76801747.40000002
2025-08-01 03:01:51 PM,4844.2,0,0.0,76801747.40000002
2025-08-01 03:01:53 PM,4844.2,1,4844.2,76806591.60000002
2025-08-01 03:02:03 PM,4844.2,1,4844.2,76811435.80000003
2025-08-01 03:02:21 PM,4844.0,1,4844.0,76816279.80000003
2025-08-01 03:02:25 PM,4845.2,0,0.0,76816279.80000003
2025-08-01 03:02:27 PM,4845.2,18,87213.59999999999,76903493.40000002
2025-08-01 03:02:30 PM,4848.3,7,33938.1,76937431.50000001
2025-08-01 03:02:36 PM,4848.3,1,4848.3,76942279.80000001
2025-08-01 03:02:37 PM,4845.1,0,0.0,76942279.80000001
2025-08-01 03:02:39 PM,4845.1,1,4845.1,76947124.9
2025-08-01 03:02:42 PM,4848.2,1,4848.2,76951973.10000001
2025-08-01 03:02:56 PM,4845.0,0,0.0,76951973.10000001
2025-08-01 03:02:58 PM,4845.0,22,106590.0,77058563.10000001
2025-08-01 03:03:13 PM,4846.7,2,9693.4,77068256.50000001
2025-08-01 03:03:25 PM,4846.1,0,0.0,77068256.50000001
2025-08-01 03:03:25 PM,4846.1,2,9692.2,77077948.70000002
2025-08-01 03:03:52 PM,4845.0,298,1443810.0,78521758.70000002
2025-08-01 03:03:55 PM,4843.8,0,0.0,78521758.70000002
2025-08-01 03:03:55 PM,4843.8,42,203439.6,78725198.30000001
2025-08-01 03:04:01 PM,4843.2,0,0.0,78725198.30000001
2025-08-01 03:04:01 PM,4843.2,28,135609.6,78860807.9
2025-08-01 03:04:08 PM,4843.2,6,29059.199999999997,78889867.10000001
2025-08-01 03:04:23 PM,4843.2,1,4843.2,78894710.30000001
2025-08-01 03:04:57 PM,4842.1,156,755367.6000000001,79650077.9
2025-08-01 03:05:03 PM,4841.1,8,38728.8,79688806.7
2025-08-01 03:05:09 PM,4840.0,1,4840.0,79693646.7
2025-08-01 03:05:13 PM,4840.0,12,58080.0,79751726.7
2025-08-01 03:05:28 PM,4840.2,0,0.0,79751726.7
2025-08-01 03:05:29 PM,4840.2,66,319453.2,80071179.9
2025-08-01 03:05:38 PM,4840.6,28,135536.80000000002,80206716.7
2025-08-01 03:05:53 PM,4842.1,1,4842.1,80211558.8
2025-08-01 03:05:55 PM,4842.0,0,0.0,80211558.8
2025-08-01 03:05:57 PM,4842.0,7,33894.0,80245452.8
2025-08-01 03:06:24 PM,4842.0,2,9684.0,80255136.8
2025-08-01 03:06:37 PM,4844.5,21,101734.5,80356871.3
2025-08-01 03:07:05 PM,4842.4,2,9684.8,80366556.1
2025-08-01 03:07:08 PM,4842.4,10,48424.0,80414980.1
2025-08-01 03:07:45 PM,4840.4,1,4840.4,80419820.5
2025-08-01 03:08:02 PM,4840.1,0,0.0,80419820.5
2025-08-01 03:08:03 PM,4840.1,2,9680.2,80429500.7
2025-08-01 03:08:14 PM,4840.0,0,0.0,80429500.7
2025-08-01 03:08:16 PM,4840.0,179,866360.0,81295860.7
2025-08-01 03:08:19 PM,4840.0,2,9680.0,81305540.7
2025-08-01 03:08:28 PM,4840.2,11,53242.2,81358782.9
2025-08-01 03:09:03 PM,4840.4,1,4840.4,81363623.30000001
2025-08-01 03:09:16 PM,4840.4,2,9680.8,81373304.10000001
2025-08-01 03:09:29 PM,4840.3,1,4840.3,81378144.4
2025-08-01 03:09:31 PM,4841.8,4,19367.2,81397511.60000001
2025-08-01 03:09:35 PM,4841.8,2,9683.6,81407195.2
2025-08-01 03:09:37 PM,4841.8,4,19367.2,81426562.4
2025-08-01 03:09:42 PM,4840.4,10,48404.0,81474966.4
2025-08-01 03:09:46 PM,4841.8,0,0.0,81474966.4
2025-08-01 03:09:49 PM,4840.0,108,522720.0,81997686.4
2025-08-01 03:10:12 PM,4840.4,0,0.0,81997686.4
2025-08-01 03:10:13 PM,4840.4,1,4840.4,82002526.80000001
2025-08-01 03:10:17 PM,4840.4,2,9680.8,82012207.60000001
2025-08-01 03:10:20 PM,4840.5,3,14521.5,82026729.10000001
2025-08-01 03:10:28 PM,4840.4,0,0.0,82026729.10000001
2025-08-01 03:10:31 PM,4840.4,1,4840.4,82031569.50000001
2025-08-01 03:10:33 PM,4840.0,9,43560.0,82075129.50000001
2025-08-01 03:10:38 PM,4840.0,67,324280.0,82399409.50000001
2025-08-01 03:10:40 PM,4840.0,11,53240.0,82452649.50000001
2025-08-01 03:10:42 PM,4840.2,0,0.0,82452649.50000001
2025-08-01 03:10:44 PM,4840.2,16,77443.2,82530092.70000002
2025-08-01 03:10:50 PM,4840.0,0,0.0,82530092.70000002
2025-08-01 03:10:50 PM,4840.0,1,4840.0,82534932.70000002
2025-08-01 03:10:59 PM,4840.4,5,24202.0,82559134.70000002
2025-08-01 03:11:03 PM,4840.0,0,0.0,82559134.70000002
2025-08-01 03:11:03 PM,4840.0,26,125840.0,82684974.70000002
2025-08-01 03:11:12 PM,4840.0,13,62920.0,82747894.70000002
2025-08-01 03:11:16 PM,4840.4,14,67765.59999999999,82815660.30000001
2025-08-01 03:11:22 PM,4840.0,20,96800.0,82912460.30000001
2025-08-01 03:11:28 PM,4840.0,75,363000.0,83275460.30000001
2025-08-01 03:11:31 PM,4840.0,17,82280.0,83357740.30000001
2025-08-01 03:11:41 PM,4840.4,4,19361.6,83377101.9
2025-08-01 03:11:50 PM,4840.2,6,29041.199999999997,83406143.10000001
2025-08-01 03:12:01 PM,4840.2,2,9680.4,83415823.50000001
2025-08-01 03:12:10 PM,4840.0,11,53240.0,83469063.50000001
2025-08-01 03:12:20 PM,4840.1,4,19360.4,83488423.90000002
2025-08-01 03:12:46 PM,4840.0,189,914760.0,84403183.90000002
2025-08-01 03:12:49 PM,4840.0,16,77440.0,84480623.90000002
2025-08-01 03:12:52 PM,4840.0,9,43560.0,84524183.90000002
2025-08-01 03:12:56 PM,4840.0,6,29040.0,84553223.90000002
2025-08-01 03:12:59 PM,4840.1,3,14520.300000000001,84567744.20000002
2025-08-01 03:13:02 PM,4840.1,1,4840.1,84572584.30000001
2025-08-01 03:13:04 PM,4840.0,0,0.0,84572584.30000001
2025-08-01 03:13:06 PM,4840.0,126,609840.0,85182424.30000001
2025-08-01 03:13:09 PM,4840.0,55,266200.0,85448624.30000001
2025-08-01 03:13:16 PM,4840.0,10,48400.0,85497024.30000001
2025-08-01 03:13:22 PM,4840.0,5,24200.0,85521224.30000001
2025-08-01 03:13:31 PM,4840.0,2,9680.0,85530904.30000001
2025-08-01 03:13:34 PM,4840.0,30,145200.0,85676104.30000001
2025-08-01 03:13:37 PM,4840.0,1,4840.0,85680944.30000001
2025-08-01 03:13:39 PM,4840.1,0,0.0,85680944.30000001
2025-08-01 03:13:40 PM,4840.1,4,19360.4,85700304.70000002
2025-08-01 03:13:43 PM,4840.0,2,9680.0,85709984.70000002
2025-08-01 03:14:00 PM,4840.1,7,33880.700000000004,85743865.40000002
2025-08-01 03:14:11 PM,4840.1,1,4840.1,85748705.50000001
2025-08-01 03:14:19 PM,4840.1,3,14520.300000000001,85763225.80000001
2025-08-01 03:14:25 PM,4840.0,1,4840.0,85768065.80000001
2025-08-01 03:14:29 PM,4840.0,2,9680.0,85777745.80000001
2025-08-01 03:14:31 PM,4840.0,146,706640.0,86484385.80000001
2025-08-01 03:14:34 PM,4840.1,0,0.0,86484385.80000001
2025-08-01 03:14:35 PM,4840.1,17,82281.70000000001,86566667.50000001
2025-08-01 03:14:37 PM,4840.0,0,0.0,86566667.50000001
2025-08-01 03:14:37 PM,4840.1,12,58081.200000000004,86624748.70000002
2025-08-01 03:14:41 PM,4840.1,4,19360.4,86644109.10000002
2025-08-01 03:14:43 PM,4840.1,1,4840.1,86648949.20000002
2025-08-01 03:14:59 PM,4840.0,5,24200.0,86673149.20000002
2025-08-01 03:15:01 PM,4842.0,0,0.0,86673149.20000002
2025-08-01 03:15:01 PM,4842.0,86,416412.0,87089561.20000002
2025-08-01 03:15:06 PM,4844.5,37,179246.5,87268807.70000002
2025-08-01 03:15:14 PM,4845.0,74,358530.0,87627337.70000002
2025-08-01 03:15:19 PM,4845.5,0,0.0,87627337.70000002
2025-08-01 03:15:21 PM,4845.5,26,125983.0,87753320.70000002
2025-08-01 03:15:28 PM,4846.6,1,4846.6,87758167.30000001
2025-08-01 03:15:33 PM,4846.8,0,0.0,87758167.30000001
2025-08-01 03:15:36 PM,4846.8,4,19387.2,87777554.50000001
2025-08-01 03:15:38 PM,4845.8,3,14537.400000000001,87792091.90000002
2025-08-01 03:16:05 PM,4855.0,183,888465.0,88680556.90000002
2025-08-01 03:16:13 PM,4851.8,26,126146.8,88806703.70000002
2025-08-01 03:16:19 PM,4850.8,5,24254.0,88830957.70000002
2025-08-01 03:16:23 PM,4849.5,0,0.0,88830957.70000002
2025-08-01 03:16:26 PM,4849.5,3,14548.5,88845506.20000002
2025-08-01 03:16:33 PM,4844.2,5,24221.0,88869727.20000002
2025-08-01 03:16:40 PM,4841.1,4,19364.4,88889091.60000002
2025-08-01 03:16:41 PM,4841.1,3,14523.300000000001,88903614.90000002
2025-08-01 03:16:59 PM,4844.0,3,14532.0,88918146.90000002
2025-08-01 03:17:06 PM,4844.0,10,48440.0,88966586.90000002
2025-08-01 03:17:15 PM,4843.8,3,14531.400000000001,88981118.30000003
2025-08-01 03:17:20 PM,4842.9,1,4842.9,88985961.20000003
2025-08-01 03:17:21 PM,4840.7,0,0.0,88985961.20000003
2025-08-01 03:17:21 PM,4840.7,11,53247.7,89039208.90000004
2025-08-01 03:17:26 PM,4842.7,0,0.0,89039208.90000004
2025-08-01 03:17:26 PM,4842.7,1,4842.7,89044051.60000004
2025-08-01 03:17:33 PM,4842.7,5,24213.5,89068265.10000004
2025-08-01 03:17:39 PM,4842.4,4,19369.6,89087634.70000003
2025-08-01 03:17:47 PM,4840.0,100,484000.0,89571634.70000003
2025-08-01 03:18:05 PM,4840.0,9,43560.0,89615194.70000003
2025-08-01 03:18:14 PM,4840.0,2,9680.0,89624874.70000003
2025-08-01 03:18:19 PM,4840.6,50,242030.00000000003,89866904.70000003
2025-08-01 03:18:30 PM,4845.1,0,0.0,89866904.70000003
2025-08-01 03:18:32 PM,4845.1,234,1133753.4000000001,91000658.10000004
2025-08-01 03:18:38 PM,4845.5,3,14536.5,91015194.60000004
2025-08-01 03:18:42 PM,4845.0,0,0.0,91015194.60000004
2025-08-01 03:18:45 PM,4845.0,2,9690.0,91024884.60000004
2025-08-01 03:18:57 PM,4843.0,0,0.0,91024884.60000004
2025-08-01 03:18:57 PM,4843.0,1,4843.0,91029727.60000004
2025-08-01 03:19:00 PM,4843.9,14,67814.59999999999,91097542.20000003
2025-08-01 03:19:21 PM,4844.0,0,0.0,91097542.20000003
2025-08-01 03:19:25 PM,4844.0,1,4844.0,91102386.20000003
2025-08-01 03:19:26 PM,4840.7,14,67769.8,91170156.00000003
2025-08-01 03:19:39 PM,4841.2,3,14523.599999999999,91184679.60000002
2025-08-01 03:19:44 PM,4841.2,7,33888.4,91218568.00000003
2025-08-01 03:20:14 PM,4841.0,2,9682.0,91228250.00000003
2025-08-01 03:20:19 PM,4840.5,4,19362.0,91247612.00000003
2025-08-01 03:20:26 PM,4840.5,1,4840.5,91252452.50000003
2025-08-01 03:20:28 PM,4840.0,31,150040.0,91402492.50000003
2025-08-01 03:20:33 PM,4831.6,107,516981.2,91919473.70000003
2025-08-01 03:20:40 PM,4845.0,98,474810.0,92394283.70000003
2025-08-01 03:20:49 PM,4846.3,0,0.0,92394283.70000003
2025-08-01 03:20:49 PM,4846.3,35,169620.5,92563904.20000003
2025-08-01 03:20:53 PM,4846.2,7,33923.4,92597827.60000004
2025-08-01 03:21:00 PM,4846.2,3,14538.599999999999,92612366.20000003
2025-08-01 03:21:18 PM,4845.2,0,0.0,92612366.20000003
2025-08-01 03:21:21 PM,4845.2,1,4845.2,92617211.40000004
2025-08-01 03:21:23 PM,4846.0,2,9692.0,92626903.40000004
2025-08-01 03:21:26 PM,4838.5,0,0.0,92626903.40000004
2025-08-01 03:21:28 PM,4837.6,3,14512.800000000001,92641416.20000003
2025-08-01 03:21:35 PM,4837.7,1,4837.7,92646253.90000004
2025-08-01 03:21:42 PM,4842.9,4,19371.6,92665625.50000003
2025-08-01 03:22:00 PM,4835.0,0,0.0,92665625.50000003
2025-08-01 03:22:01 PM,4835.0,48,232080.0,92897705.50000003
2025-08-01 03:22:03 PM,4833.5,0,0.0,92897705.50000003
2025-08-01 03:22:03 PM,4833.5,5,24167.5,92921873.00000003
2025-08-01 03:22:08 PM,4835.0,138,667230.0,93589103.00000003
2025-08-01 03:22:12 PM,4832.1,0,0.0,93589103.00000003
2025-08-01 03:22:15 PM,4830.0,3,14490.0,93603593.00000003
2025-08-01 03:22:20 PM,4832.9,0,0.0,93603593.00000003
2025-08-01 03:22:22 PM,4832.9,3,14498.699999999999,93618091.70000003
2025-08-01 03:22:36 PM,4830.0,2,9660.0,93627751.70000003
2025-08-01 03:22:55 PM,4830.0,6,28980.0,93656731.70000003
2025-08-01 03:22:57 PM,4821.8,1,4821.8,93661553.50000003
2025-08-01 03:23:02 PM,4829.7,4,19318.8,93680872.30000003
2025-08-01 03:23:04 PM,4822.6,2,9645.2,93690517.50000003
2025-08-01 03:23:15 PM,4823.0,2,9646.0,93700163.50000003
2025-08-01 03:23:17 PM,4823.0,1,4823.0,93704986.50000003
2025-08-01 03:23:22 PM,4823.0,8,38584.0,93743570.50000003
2025-08-01 03:23:28 PM,4821.0,0,0.0,93743570.50000003
2025-08-01 03:23:29 PM,4821.0,1,4821.0,93748391.50000003
2025-08-01 03:23:30 PM,4821.0,2,9642.0,93758033.50000003
2025-08-01 03:23:35 PM,4820.0,11,53020.0,93811053.50000003
2025-08-01 03:23:38 PM,4821.8,0,0.0,93811053.50000003
2025-08-01 03:23:42 PM,4820.0,14,67480.0,93878533.50000003
2025-08-01 03:23:47 PM,4818.0,0,0.0,93878533.50000003
2025-08-01 03:23:48 PM,4818.0,1,4818.0,93883351.50000003
2025-08-01 03:23:50 PM,4818.0,1,4818.0,93888169.50000003
2025-08-01 03:23:58 PM,4817.0,0,0.0,93888169.50000003
2025-08-01 03:24:01 PM,4818.0,2,9636.0,93897805.50000003
2025-08-01 03:24:08 PM,4818.0,4,19272.0,93917077.50000003
2025-08-01 03:24:10 PM,4817.1,1,4817.1,93921894.60000002
2025-08-01 03:24:15 PM,4817.1,4,19268.4,93941163.00000003
2025-08-01 03:24:19 PM,4818.6,0,0.0,93941163.00000003
2025-08-01 03:24:22 PM,4818.6,5,24093.0,93965256.00000003
2025-08-01 03:24:24 PM,4817.9,2,9635.8,93974891.80000003
2025-08-01 03:24:29 PM,4817.9,1,4817.9,93979709.70000003
2025-08-01 03:24:35 PM,4817.9,2,9635.8,93989345.50000003
2025-08-01 03:24:39 PM,4818.2,0,0.0,93989345.50000003
2025-08-01 03:24:42 PM,4818.2,2,9636.4,93998981.90000004
2025-08-01 03:24:44 PM,4818.3,9,43364.700000000004,94042346.60000004
2025-08-01 03:24:46 PM,4818.2,0,0.0,94042346.60000004
2025-08-01 03:24:49 PM,4818.2,23,110818.59999999999,94153165.20000003
2025-08-01 03:24:50 PM,4815.0,2,9630.0,94162795.20000003
2025-08-01 03:24:55 PM,4818.2,4,19272.8,94182068.00000003
2025-08-01 03:24:59 PM,4817.2,0,0.0,94182068.00000003
2025-08-01 03:25:02 PM,4817.2,3,14451.599999999999,94196519.60000002
2025-08-01 03:25:08 PM,4817.2,2,9634.4,94206154.00000003
2025-08-01 03:25:19 PM,4813.0,0,0.0,94206154.00000003
2025-08-01 03:25:22 PM,4813.0,1,4813.0,94210967.00000003
2025-08-01 03:25:26 PM,4814.2,0,0.0,94210967.00000003
2025-08-01 03:25:28 PM,4814.2,1,4814.2,94215781.20000003
2025-08-01 03:25:39 PM,4813.6,0,0.0,94215781.20000003
2025-08-01 03:25:41 PM,4813.6,4,19254.4,94235035.60000004
2025-08-01 03:25:47 PM,4813.3,4,19253.2,94254288.80000004
2025-08-01 03:25:59 PM,4811.0,0,0.0,94254288.80000004
2025-08-01 03:26:00 PM,4811.0,25,120275.0,94374563.80000004
2025-08-01 03:26:06 PM,4810.0,0,0.0,94374563.80000004
2025-08-01 03:26:07 PM,4810.0,41,197210.0,94571773.80000004
2025-08-01 03:26:14 PM,4811.0,1,4811.0,94576584.80000004
2025-08-01 03:26:19 PM,4811.6,0,0.0,94576584.80000004
2025-08-01 03:26:21 PM,4811.6,23,110666.8,94687251.60000004
2025-08-01 03:26:22 PM,4812.5,12,57750.0,94745001.60000004
2025-08-01 03:26:36 PM,4812.3,0,0.0,94745001.60000004
2025-08-01 03:26:36 PM,4812.3,1,4812.3,94749813.90000004
2025-08-01 03:26:41 PM,4812.3,1,4812.3,94754626.20000003
2025-08-01 03:26:54 PM,4810.0,72,346320.0,95100946.20000003
2025-08-01 03:27:06 PM,4804.0,0,0.0,95100946.20000003
2025-08-01 03:27:07 PM,4802.5,27,129667.5,95230613.70000003
2025-08-01 03:27:09 PM,4801.5,23,110434.5,95341048.20000003
2025-08-01 03:27:14 PM,4803.0,1,4803.0,95345851.20000003
2025-08-01 03:27:21 PM,4803.2,0,0.0,95345851.20000003
2025-08-01 03:27:21 PM,4803.2,50,240160.0,95586011.20000003
2025-08-01 03:27:28 PM,4804.3,1,4804.3,95590815.50000003
2025-08-01 03:27:30 PM,4803.0,28,134484.0,95725299.50000003
2025-08-01 03:27:36 PM,4804.0,12,57648.0,95782947.50000003
2025-08-01 03:27:38 PM,4805.0,43,206615.0,95989562.50000003
2025-08-01 03:27:43 PM,4806.2,17,81705.4,96071267.90000004
2025-08-01 03:27:45 PM,4806.2,1,4806.2,96076074.10000004
2025-08-01 03:27:52 PM,4803.9,20,96078.0,96172152.10000004
2025-08-01 03:27:58 PM,4808.8,1,4808.8,96176960.90000004
2025-08-01 03:28:03 PM,4809.8,1,4809.8,96181770.70000003
2025-08-01 03:28:10 PM,4804.0,11,52844.0,96234614.70000003
2025-08-01 03:28:12 PM,4809.8,7,33668.6,96268283.30000003
2025-08-01 03:28:17 PM,4809.8,3,14429.400000000001,96282712.70000003
2025-08-01 03:28:24 PM,4809.8,10,48098.0,96330810.70000003
2025-08-01 03:28:26 PM,4804.0,12,57648.0,96388458.70000003
2025-08-01 03:28:54 PM,4804.0,52,249808.0,96638266.70000003
2025-08-01 03:28:56 PM,4803.9,0,0.0,96638266.70000003
2025-08-01 03:28:58 PM,4803.9,4,19215.6,96657482.30000003
2025-08-01 03:29:00 PM,4804.0,3,14412.0,96671894.30000003
2025-08-01 03:29:12 PM,4809.9,0,0.0,96671894.30000003
2025-08-01 03:29:14 PM,4804.0,2,9608.0,96681502.30000003
2025-08-01 03:29:29 PM,4804.0,10,48040.0,96729542.30000003
2025-08-01 03:29:51 PM,4803.9,6,28823.399999999998,96758365.70000003
2025-08-01 03:29:59 PM,4810.0,1,4810.0,96763175.70000003
