date,price,qty,trnvr,cum_trnvr
2025-08-01 09:15:00 AM,14196.0,311,4414956.0,4414956.0
2025-08-01 09:15:00 AM,14175.0,0,0.0,4414956.0
2025-08-01 09:15:01 AM,14198.0,0,0.0,4414956.0
2025-08-01 09:15:09 AM,14171.0,0,0.0,4414956.0
2025-08-01 09:15:10 AM,14177.0,236,3345772.0,7760728.0
2025-08-01 09:15:12 AM,14173.0,54,765342.0,8526070.0
2025-08-01 09:15:18 AM,14159.0,0,0.0,8526070.0
2025-08-01 09:15:19 AM,14171.0,0,0.0,8526070.0
2025-08-01 09:15:21 AM,14142.0,158,2234436.0,10760506.0
2025-08-01 09:15:23 AM,14163.0,31,439053.0,11199559.0
2025-08-01 09:15:26 AM,14175.0,0,0.0,11199559.0
2025-08-01 09:15:29 AM,14196.0,0,0.0,11199559.0
2025-08-01 09:15:30 AM,14196.0,95,1348620.0,12548179.0
2025-08-01 09:15:38 AM,14196.0,8,113568.0,12661747.0
2025-08-01 09:15:40 AM,14187.0,66,936342.0,13598089.0
2025-08-01 09:15:48 AM,14196.0,31,440076.0,14038165.0
2025-08-01 09:15:51 AM,14206.0,0,0.0,14038165.0
2025-08-01 09:15:53 AM,14181.0,0,0.0,14038165.0
2025-08-01 09:15:55 AM,14199.0,84,1192716.0,15230881.0
2025-08-01 09:16:02 AM,14187.0,0,0.0,15230881.0
2025-08-01 09:16:03 AM,14187.0,72,1021464.0,16252345.0
2025-08-01 09:16:08 AM,14195.0,0,0.0,16252345.0
2025-08-01 09:16:11 AM,14196.0,27,383292.0,16635637.0
2025-08-01 09:16:13 AM,14188.0,60,851280.0,17486917.0
2025-08-01 09:16:16 AM,14183.0,0,0.0,17486917.0
2025-08-01 09:16:19 AM,14175.0,9,127575.0,17614492.0
2025-08-01 09:16:21 AM,14180.0,10,141800.0,17756292.0
2025-08-01 09:16:26 AM,14185.0,0,0.0,17756292.0
2025-08-01 09:16:28 AM,14185.0,3,42555.0,17798847.0
2025-08-01 09:16:29 AM,14189.0,16,227024.0,18025871.0
2025-08-01 09:16:34 AM,14187.0,0,0.0,18025871.0
2025-08-01 09:16:36 AM,14178.0,169,2396082.0,20421953.0
2025-08-01 09:16:44 AM,14165.0,193,2733845.0,23155798.0
2025-08-01 09:16:46 AM,14186.0,50,709300.0,23865098.0
2025-08-01 09:16:46 AM,14184.0,0,0.0,23865098.0
2025-08-01 09:16:52 AM,14184.0,2,28368.0,23893466.0
2025-08-01 09:17:03 AM,14195.0,0,0.0,23893466.0
2025-08-01 09:17:09 AM,14195.0,25,354875.0,24248341.0
2025-08-01 09:17:10 AM,14185.0,20,283700.0,24532041.0
2025-08-01 09:17:17 AM,14190.0,152,2156880.0,26688921.0
2025-08-01 09:17:25 AM,14200.0,142,2016400.0,28705321.0
2025-08-01 09:17:26 AM,14188.0,88,1248544.0,29953865.0
2025-08-01 09:17:31 AM,14190.0,0,0.0,29953865.0
2025-08-01 09:17:34 AM,14180.0,12,170160.0,30124025.0
2025-08-01 09:17:37 AM,14165.0,0,0.0,30124025.0
2025-08-01 09:17:42 AM,14160.0,83,1175280.0,31299305.0
2025-08-01 09:17:50 AM,14160.0,8,113280.0,31412585.0
2025-08-01 09:17:58 AM,14160.0,1,14160.0,31426745.0
2025-08-01 09:18:05 AM,14172.0,0,0.0,31426745.0
2025-08-01 09:18:07 AM,14172.0,1,14172.0,31440917.0
2025-08-01 09:18:15 AM,14150.0,242,3424300.0,34865217.0
2025-08-01 09:18:16 AM,14140.0,1,14140.0,34879357.0
2025-08-01 09:18:21 AM,14150.0,0,0.0,34879357.0
2025-08-01 09:18:23 AM,14150.0,8,113200.0,34992557.0
2025-08-01 09:18:32 AM,14137.0,31,438247.0,35430804.0
2025-08-01 09:18:34 AM,14130.0,0,0.0,35430804.0
2025-08-01 09:18:37 AM,14137.0,0,0.0,35430804.0
2025-08-01 09:18:40 AM,14138.0,6,84828.0,35515632.0
2025-08-01 09:18:41 AM,14129.0,2,28258.0,35543890.0
2025-08-01 09:18:42 AM,14134.0,0,0.0,35543890.0
2025-08-01 09:18:48 AM,14134.0,9,127206.0,35671096.0
2025-08-01 09:18:51 AM,14130.0,0,0.0,35671096.0
2025-08-01 09:18:56 AM,14122.0,94,1327468.0,36998564.0
2025-08-01 09:18:57 AM,14114.0,78,1100892.0,38099456.0
2025-08-01 09:19:01 AM,14116.0,0,0.0,38099456.0
2025-08-01 09:19:01 AM,14116.0,1,14116.0,38113572.0
2025-08-01 09:19:02 AM,14115.0,1,14115.0,38127687.0
2025-08-01 09:19:06 AM,14105.0,0,0.0,38127687.0
2025-08-01 09:19:07 AM,14105.0,1,14105.0,38141792.0
2025-08-01 09:19:08 AM,14104.0,0,0.0,38141792.0
2025-08-01 09:19:09 AM,14104.0,3,42312.0,38184104.0
2025-08-01 09:19:10 AM,14105.0,86,1213030.0,39397134.0
2025-08-01 09:19:12 AM,14100.0,167,2354700.0,41751834.0
2025-08-01 09:19:13 AM,14079.0,0,0.0,41751834.0
2025-08-01 09:19:13 AM,14079.0,89,1253031.0,43004865.0
2025-08-01 09:19:17 AM,14075.0,0,0.0,43004865.0
2025-08-01 09:19:18 AM,14075.0,1,14075.0,43018940.0
2025-08-01 09:19:19 AM,14084.0,0,0.0,43018940.0
2025-08-01 09:19:20 AM,14084.0,97,1366148.0,44385088.0
2025-08-01 09:19:26 AM,14076.0,0,0.0,44385088.0
2025-08-01 09:19:26 AM,14091.0,0,0.0,44385088.0
2025-08-01 09:19:26 AM,14091.0,7,98637.0,44483725.0
2025-08-01 09:19:28 AM,14088.0,5,70440.0,44554165.0
2025-08-01 09:19:29 AM,14091.0,0,0.0,44554165.0
2025-08-01 09:19:29 AM,14091.0,5,70455.0,44624620.0
2025-08-01 09:19:31 AM,14080.0,0,0.0,44624620.0
2025-08-01 09:19:31 AM,14080.0,88,1239040.0,45863660.0
2025-08-01 09:19:32 AM,14076.0,4,56304.0,45919964.0
2025-08-01 09:19:34 AM,14077.0,10,140770.0,46060734.0
2025-08-01 09:19:38 AM,14076.0,11,154836.0,46215570.0
2025-08-01 09:19:41 AM,14077.0,2,28154.0,46243724.0
2025-08-01 09:19:41 AM,14076.0,1,14076.0,46257800.0
2025-08-01 09:19:41 AM,14077.0,0,0.0,46257800.0
2025-08-01 09:19:42 AM,14062.0,6,84372.0,46342172.0
2025-08-01 09:19:42 AM,14079.0,0,0.0,46342172.0
2025-08-01 09:19:43 AM,14079.0,149,2097771.0,48439943.0
2025-08-01 09:19:45 AM,14094.0,60,845640.0,49285583.0
2025-08-01 09:19:46 AM,14093.0,10,140930.0,49426513.0
2025-08-01 09:19:49 AM,14101.0,10,141010.0,49567523.0
2025-08-01 09:19:50 AM,14092.0,7,98644.0,49666167.0
2025-08-01 09:19:54 AM,14095.0,5,70475.0,49736642.0
2025-08-01 09:19:57 AM,14111.0,5,70555.0,49807197.0
2025-08-01 09:19:59 AM,14112.0,10,141120.0,49948317.0
2025-08-01 09:20:02 AM,14102.0,6,84612.0,50032929.0
2025-08-01 09:20:07 AM,14094.0,0,0.0,50032929.0
2025-08-01 09:20:08 AM,14095.0,0,0.0,50032929.0
2025-08-01 09:20:08 AM,14095.0,80,1127600.0,51160529.0
2025-08-01 09:20:14 AM,14076.0,0,0.0,51160529.0
2025-08-01 09:20:16 AM,14076.0,88,1238688.0,52399217.0
2025-08-01 09:20:18 AM,14071.0,89,1252319.0,53651536.0
2025-08-01 09:20:21 AM,14079.0,0,0.0,53651536.0
2025-08-01 09:20:24 AM,14070.0,42,590940.0,54242476.0
2025-08-01 09:20:32 AM,14070.0,4,56280.0,54298756.0
2025-08-01 09:20:39 AM,14071.0,0,0.0,54298756.0
2025-08-01 09:20:40 AM,14071.0,5,70355.0,54369111.0
2025-08-01 09:20:41 AM,14070.0,3,42210.0,54411321.0
2025-08-01 09:20:46 AM,14071.0,0,0.0,54411321.0
2025-08-01 09:20:48 AM,14070.0,6,84420.0,54495741.0
2025-08-01 09:20:49 AM,14062.0,6,84372.0,54580113.0
2025-08-01 09:20:55 AM,14063.0,25,351575.0,54931688.0
2025-08-01 09:21:02 AM,14073.0,0,0.0,54931688.0
2025-08-01 09:21:03 AM,14073.0,5,70365.0,55002053.0
2025-08-01 09:21:04 AM,14059.0,102,1434018.0,56436071.0
2025-08-01 09:21:07 AM,14062.0,0,0.0,56436071.0
2025-08-01 09:21:11 AM,14062.0,7,98434.0,56534505.0
2025-08-01 09:21:19 AM,14064.0,2,28128.0,56562633.0
2025-08-01 09:21:27 AM,14070.0,1,14070.0,56576703.0
2025-08-01 09:21:28 AM,14086.0,0,0.0,56576703.0
2025-08-01 09:21:34 AM,14075.0,0,0.0,56576703.0
2025-08-01 09:21:35 AM,14075.0,12,168900.0,56745603.0
2025-08-01 09:21:40 AM,14077.0,0,0.0,56745603.0
2025-08-01 09:21:42 AM,14077.0,1,14077.0,56759680.0
2025-08-01 09:21:46 AM,14074.0,0,0.0,56759680.0
2025-08-01 09:21:49 AM,14065.0,0,0.0,56759680.0
2025-08-01 09:21:50 AM,14065.0,103,1448695.0,58208375.0
2025-08-01 09:21:53 AM,14073.0,0,0.0,58208375.0
2025-08-01 09:21:57 AM,14073.0,18,253314.0,58461689.0
2025-08-01 09:22:03 AM,14079.0,0,0.0,58461689.0
2025-08-01 09:22:05 AM,14079.0,102,1436058.0,59897747.0
2025-08-01 09:22:07 AM,14074.0,0,0.0,59897747.0
2025-08-01 09:22:10 AM,14076.0,0,0.0,59897747.0
2025-08-01 09:22:13 AM,14079.0,58,816582.0,60714329.0
2025-08-01 09:22:14 AM,14067.0,9,126603.0,60840932.0
2025-08-01 09:22:14 AM,14073.0,0,0.0,60840932.0
2025-08-01 09:22:20 AM,14073.0,8,112584.0,60953516.0
2025-08-01 09:22:21 AM,14070.0,0,0.0,60953516.0
2025-08-01 09:22:22 AM,14067.0,9,126603.0,61080119.0
2025-08-01 09:22:24 AM,14049.0,0,0.0,61080119.0
2025-08-01 09:22:28 AM,14047.0,126,1769922.0,62850041.0
2025-08-01 09:22:31 AM,14035.0,0,0.0,62850041.0
2025-08-01 09:22:35 AM,14043.0,2,28086.0,62878127.0
2025-08-01 09:22:43 AM,14035.0,14,196490.0,63074617.0
2025-08-01 09:22:51 AM,14035.0,65,912275.0,63986892.0
2025-08-01 09:22:52 AM,14031.0,2,28062.0,64014954.0
2025-08-01 09:22:55 AM,14029.0,0,0.0,64014954.0
2025-08-01 09:22:58 AM,14029.0,15,210435.0,64225389.0
2025-08-01 09:23:03 AM,14023.0,0,0.0,64225389.0
2025-08-01 09:23:04 AM,14029.0,0,0.0,64225389.0
2025-08-01 09:23:06 AM,14031.0,70,982170.0,65207559.0
2025-08-01 09:23:08 AM,14035.0,6,84210.0,65291769.0
2025-08-01 09:23:14 AM,14035.0,15,210525.0,65502294.0
2025-08-01 09:23:21 AM,14012.0,201,2816412.0,68318706.0
2025-08-01 09:23:23 AM,14021.0,6,84126.0,68402832.0
2025-08-01 09:23:29 AM,14018.0,532,7457576.0,75860408.0
2025-08-01 09:23:36 AM,14022.0,0,0.0,75860408.0
2025-08-01 09:23:36 AM,14022.0,21,294462.0,76154870.0
2025-08-01 09:23:37 AM,14025.0,0,0.0,76154870.0
2025-08-01 09:23:38 AM,14025.0,10,140250.0,76295120.0
2025-08-01 09:23:43 AM,14021.0,0,0.0,76295120.0
2025-08-01 09:23:44 AM,14018.0,8,112144.0,76407264.0
2025-08-01 09:23:49 AM,14022.0,0,0.0,76407264.0
2025-08-01 09:23:52 AM,14023.0,8,112184.0,76519448.0
2025-08-01 09:23:53 AM,14000.0,260,3640000.0,80159448.0
2025-08-01 09:23:59 AM,14007.0,212,2969484.0,83128932.0
2025-08-01 09:24:00 AM,14000.0,56,784000.0,83912932.0
2025-08-01 09:24:02 AM,13990.0,4,55960.0,83968892.0
2025-08-01 09:24:02 AM,13999.0,1,13999.0,83982891.0
2025-08-01 09:24:04 AM,13998.0,1,13998.0,83996889.0
2025-08-01 09:24:06 AM,13998.0,1,13998.0,84010887.0
2025-08-01 09:24:09 AM,13990.0,3,41970.0,84052857.0
2025-08-01 09:24:12 AM,13999.0,15,209985.0,84262842.0
2025-08-01 09:24:13 AM,13991.0,1,13991.0,84276833.0
2025-08-01 09:24:15 AM,13989.0,0,0.0,84276833.0
2025-08-01 09:24:15 AM,13989.0,30,419670.0,84696503.0
2025-08-01 09:24:16 AM,13993.0,5,69965.0,84766468.0
2025-08-01 09:24:16 AM,13979.0,0,0.0,84766468.0
2025-08-01 09:24:17 AM,13979.0,5,69895.0,84836363.0
2025-08-01 09:24:17 AM,13987.0,1,13987.0,84850350.0
2025-08-01 09:24:18 AM,13986.0,5,69930.0,84920280.0
2025-08-01 09:24:19 AM,13975.0,10,139750.0,85060030.0
2025-08-01 09:24:20 AM,13975.0,1,13975.0,85074005.0
2025-08-01 09:24:20 AM,13981.0,1,13981.0,85087986.0
2025-08-01 09:24:22 AM,13975.0,0,0.0,85087986.0
2025-08-01 09:24:23 AM,13972.0,3,41916.0,85129902.0
2025-08-01 09:24:26 AM,13970.0,4,55880.0,85185782.0
2025-08-01 09:24:27 AM,13970.0,24,335280.0,85521062.0
2025-08-01 09:24:27 AM,13971.0,0,0.0,85521062.0
2025-08-01 09:24:28 AM,13971.0,1,13971.0,85535033.0
2025-08-01 09:24:29 AM,13962.0,5,69810.0,85604843.0
2025-08-01 09:24:31 AM,13976.0,0,0.0,85604843.0
2025-08-01 09:24:32 AM,13976.0,1,13976.0,85618819.0
2025-08-01 09:24:32 AM,13970.0,1,13970.0,85632789.0
2025-08-01 09:24:36 AM,13974.0,2,27948.0,85660737.0
2025-08-01 09:24:37 AM,13964.0,6,83784.0,85744521.0
2025-08-01 09:24:39 AM,13963.0,2,27926.0,85772447.0
2025-08-01 09:24:40 AM,13976.0,28,391328.0,86163775.0
2025-08-01 09:24:41 AM,13977.0,0,0.0,86163775.0
2025-08-01 09:24:42 AM,13977.0,1,13977.0,86177752.0
2025-08-01 09:24:42 AM,13975.0,10,139750.0,86317502.0
2025-08-01 09:24:42 AM,13962.0,0,0.0,86317502.0
2025-08-01 09:24:43 AM,13962.0,62,865644.0,87183146.0
2025-08-01 09:24:45 AM,13962.0,3,41886.0,87225032.0
2025-08-01 09:24:46 AM,13960.0,0,0.0,87225032.0
2025-08-01 09:24:47 AM,13960.0,1,13960.0,87238992.0
2025-08-01 09:24:48 AM,13961.0,0,0.0,87238992.0
2025-08-01 09:24:49 AM,13961.0,1,13961.0,87252953.0
2025-08-01 09:24:51 AM,13954.0,1,13954.0,87266907.0
2025-08-01 09:24:53 AM,13960.0,9,125640.0,87392547.0
2025-08-01 09:24:55 AM,13965.0,0,0.0,87392547.0
2025-08-01 09:24:55 AM,13965.0,1,13965.0,87406512.0
2025-08-01 09:24:56 AM,13966.0,0,0.0,87406512.0
2025-08-01 09:24:56 AM,13966.0,1,13966.0,87420478.0
2025-08-01 09:24:57 AM,13959.0,0,0.0,87420478.0
2025-08-01 09:24:57 AM,13959.0,136,1898424.0,89318902.0
2025-08-01 09:25:00 AM,13955.0,0,0.0,89318902.0
2025-08-01 09:25:02 AM,13955.0,7,97685.0,89416587.0
2025-08-01 09:25:06 AM,13953.0,0,0.0,89416587.0
2025-08-01 09:25:07 AM,13953.0,26,362778.0,89779365.0
2025-08-01 09:25:09 AM,13960.0,1,13960.0,89793325.0
2025-08-01 09:25:13 AM,13966.0,0,0.0,89793325.0
2025-08-01 09:25:14 AM,13960.0,0,0.0,89793325.0
2025-08-01 09:25:15 AM,13966.0,177,2471982.0,92265307.0
2025-08-01 09:25:17 AM,13974.0,11,153714.0,92419021.0
2025-08-01 09:25:19 AM,13960.0,0,0.0,92419021.0
2025-08-01 09:25:22 AM,13959.0,62,865458.0,93284479.0
2025-08-01 09:25:24 AM,13959.0,1,13959.0,93298438.0
2025-08-01 09:25:25 AM,13960.0,0,0.0,93298438.0
2025-08-01 09:25:30 AM,13957.0,126,1758582.0,95057020.0
2025-08-01 09:25:31 AM,13960.0,0,0.0,95057020.0
2025-08-01 09:25:32 AM,13960.0,40,558400.0,95615420.0
2025-08-01 09:25:37 AM,13966.0,55,768130.0,96383550.0
2025-08-01 09:25:39 AM,13966.0,1,13966.0,96397516.0
2025-08-01 09:25:45 AM,13966.0,2,27932.0,96425448.0
2025-08-01 09:25:47 AM,13960.0,39,544440.0,96969888.0
2025-08-01 09:25:48 AM,13940.0,0,0.0,96969888.0
2025-08-01 09:25:52 AM,13944.0,324,4517856.0,101487744.0
2025-08-01 09:25:54 AM,13932.0,0,0.0,101487744.0
2025-08-01 09:25:54 AM,13932.0,9,125388.0,101613132.0
2025-08-01 09:26:00 AM,13936.0,185,2578160.0,104191292.0
2025-08-01 09:26:02 AM,13934.0,8,111472.0,104302764.0
2025-08-01 09:26:07 AM,13920.0,0,0.0,104302764.0
2025-08-01 09:26:07 AM,13920.0,25,348000.0,104650764.0
2025-08-01 09:26:10 AM,13930.0,14,195020.0,104845784.0
2025-08-01 09:26:14 AM,13929.0,0,0.0,104845784.0
2025-08-01 09:26:15 AM,13920.0,23,320160.0,105165944.0
2025-08-01 09:26:17 AM,13919.0,16,222704.0,105388648.0
2025-08-01 09:26:20 AM,13914.0,0,0.0,105388648.0
2025-08-01 09:26:23 AM,13890.0,233,3236370.0,108625018.0
2025-08-01 09:26:25 AM,13890.0,4,55560.0,108680578.0
2025-08-01 09:26:26 AM,13881.0,0,0.0,108680578.0
2025-08-01 09:26:30 AM,13890.0,0,0.0,108680578.0
2025-08-01 09:26:31 AM,13890.0,216,3000240.0,111680818.0
2025-08-01 09:26:32 AM,13893.0,1,13893.0,111694711.0
2025-08-01 09:26:35 AM,13903.0,0,0.0,111694711.0
2025-08-01 09:26:38 AM,13897.0,84,1167348.0,112862059.0
2025-08-01 09:26:40 AM,13897.0,26,361322.0,113223381.0
2025-08-01 09:26:41 AM,13891.0,0,0.0,113223381.0
2025-08-01 09:26:44 AM,13890.0,0,0.0,113223381.0
2025-08-01 09:26:46 AM,13890.0,99,1375110.0,114598491.0
2025-08-01 09:26:47 AM,13881.0,0,0.0,114598491.0
2025-08-01 09:26:47 AM,13881.0,31,430311.0,115028802.0
2025-08-01 09:26:50 AM,13887.0,0,0.0,115028802.0
2025-08-01 09:26:53 AM,13870.0,0,0.0,115028802.0
2025-08-01 09:26:53 AM,13870.0,74,1026380.0,116055182.0
2025-08-01 09:26:55 AM,13880.0,14,194320.0,116249502.0
2025-08-01 09:26:57 AM,13872.0,0,0.0,116249502.0
2025-08-01 09:26:59 AM,13871.0,0,0.0,116249502.0
2025-08-01 09:27:00 AM,13878.0,192,2664576.0,118914078.0
2025-08-01 09:27:01 AM,13879.0,140,1943060.0,120857138.0
2025-08-01 09:27:02 AM,13876.0,124,1720624.0,122577762.0
2025-08-01 09:27:04 AM,13877.0,4,55508.0,122633270.0
2025-08-01 09:27:04 AM,13881.0,2,27762.0,122661032.0
2025-08-01 09:27:05 AM,13880.0,1,13880.0,122674912.0
2025-08-01 09:27:07 AM,13877.0,1,13877.0,122688789.0
2025-08-01 09:27:09 AM,13880.0,1,13880.0,122702669.0
2025-08-01 09:27:10 AM,13884.0,15,208260.0,122910929.0
2025-08-01 09:27:13 AM,13877.0,44,610588.0,123521517.0
2025-08-01 09:27:14 AM,13879.0,3,41637.0,123563154.0
2025-08-01 09:27:15 AM,13879.0,3,41637.0,123604791.0
2025-08-01 09:27:15 AM,13879.0,1,13879.0,123618670.0
2025-08-01 09:27:16 AM,13871.0,387,5368077.0,128986747.0
2025-08-01 09:27:17 AM,13870.0,75,1040250.0,130026997.0
2025-08-01 09:27:23 AM,13869.0,0,0.0,130026997.0
2025-08-01 09:27:23 AM,13869.0,20,277380.0,130304377.0
2025-08-01 09:27:24 AM,13877.0,2,27754.0,130332131.0
2025-08-01 09:27:27 AM,13870.0,1,13870.0,130346001.0
2025-08-01 09:27:28 AM,13870.0,2,27740.0,130373741.0
2025-08-01 09:27:28 AM,13868.0,0,0.0,130373741.0
2025-08-01 09:27:29 AM,13872.0,7,97104.0,130470845.0
2025-08-01 09:27:30 AM,13869.0,5,69345.0,130540190.0
2025-08-01 09:27:31 AM,13863.0,1,13863.0,130554053.0
2025-08-01 09:27:32 AM,13872.0,0,0.0,130554053.0
2025-08-01 09:27:33 AM,13872.0,1,13872.0,130567925.0
2025-08-01 09:27:34 AM,13870.0,20,277400.0,130845325.0
2025-08-01 09:27:34 AM,13875.0,90,1248750.0,132094075.0
2025-08-01 09:27:34 AM,13880.0,0,0.0,132094075.0
2025-08-01 09:27:35 AM,13877.0,44,610588.0,132704663.0
2025-08-01 09:27:35 AM,13889.0,0,0.0,132704663.0
2025-08-01 09:27:35 AM,13898.0,0,0.0,132704663.0
2025-08-01 09:27:36 AM,13898.0,22,305756.0,133010419.0
2025-08-01 09:27:38 AM,13894.0,1,13894.0,133024313.0
2025-08-01 09:27:40 AM,13894.0,10,138940.0,133163253.0
2025-08-01 09:27:41 AM,13891.0,0,0.0,133163253.0
2025-08-01 09:27:42 AM,13891.0,30,416730.0,133579983.0
2025-08-01 09:27:42 AM,13899.0,0,0.0,133579983.0
2025-08-01 09:27:43 AM,13889.0,104,1444456.0,135024439.0
2025-08-01 09:27:43 AM,13893.0,5,69465.0,135093904.0
2025-08-01 09:27:47 AM,13887.0,5,69435.0,135163339.0
2025-08-01 09:27:47 AM,13894.0,0,0.0,135163339.0
2025-08-01 09:27:48 AM,13894.0,2,27788.0,135191127.0
2025-08-01 09:27:49 AM,13887.0,16,222192.0,135413319.0
2025-08-01 09:27:51 AM,13887.0,3,41661.0,135454980.0
2025-08-01 09:27:52 AM,13890.0,10,138900.0,135593880.0
2025-08-01 09:27:52 AM,13885.0,2,27770.0,135621650.0
2025-08-01 09:27:52 AM,13899.0,0,0.0,135621650.0
2025-08-01 09:27:53 AM,13897.0,66,917202.0,136538852.0
2025-08-01 09:27:53 AM,13904.0,0,0.0,136538852.0
2025-08-01 09:27:54 AM,13904.0,1,13904.0,136552756.0
2025-08-01 09:27:57 AM,13902.0,1,13902.0,136566658.0
2025-08-01 09:27:58 AM,13905.0,0,0.0,136566658.0
2025-08-01 09:27:59 AM,13904.0,35,486640.0,137053298.0
2025-08-01 09:28:00 AM,13904.0,1,13904.0,137067202.0
2025-08-01 09:28:01 AM,13904.0,1,13904.0,137081106.0
2025-08-01 09:28:01 AM,13904.0,4,55616.0,137136722.0
2025-08-01 09:28:02 AM,13894.0,0,0.0,137136722.0
2025-08-01 09:28:03 AM,13898.0,19,264062.0,137400784.0
2025-08-01 09:28:03 AM,13899.0,50,694950.0,138095734.0
2025-08-01 09:28:04 AM,13896.0,0,0.0,138095734.0
2025-08-01 09:28:04 AM,13896.0,1,13896.0,138109630.0
2025-08-01 09:28:07 AM,13900.0,75,1042500.0,139152130.0
2025-08-01 09:28:07 AM,13899.0,0,0.0,139152130.0
2025-08-01 09:28:08 AM,13899.0,1,13899.0,139166029.0
2025-08-01 09:28:10 AM,13905.0,0,0.0,139166029.0
2025-08-01 09:28:11 AM,13905.0,1,13905.0,139179934.0
2025-08-01 09:28:11 AM,13906.0,0,0.0,139179934.0
2025-08-01 09:28:12 AM,13906.0,10,139060.0,139318994.0
2025-08-01 09:28:12 AM,13905.0,0,0.0,139318994.0
2025-08-01 09:28:13 AM,13905.0,5,69525.0,139388519.0
2025-08-01 09:28:14 AM,13897.0,15,208455.0,139596974.0
2025-08-01 09:28:14 AM,13904.0,0,0.0,139596974.0
2025-08-01 09:28:15 AM,13904.0,1,13904.0,139610878.0
2025-08-01 09:28:15 AM,13896.0,2,27792.0,139638670.0
2025-08-01 09:28:16 AM,13894.0,6,83364.0,139722034.0
2025-08-01 09:28:16 AM,13896.0,0,0.0,139722034.0
2025-08-01 09:28:16 AM,13895.0,0,0.0,139722034.0
2025-08-01 09:28:17 AM,13895.0,2,27790.0,139749824.0
2025-08-01 09:28:18 AM,13896.0,33,458568.0,140208392.0
2025-08-01 09:28:20 AM,13910.0,12,166920.0,140375312.0
2025-08-01 09:28:21 AM,13915.0,0,0.0,140375312.0
2025-08-01 09:28:22 AM,13915.0,23,320045.0,140695357.0
2025-08-01 09:28:22 AM,13898.0,26,361348.0,141056705.0
2025-08-01 09:28:24 AM,13904.0,0,0.0,141056705.0
2025-08-01 09:28:25 AM,13904.0,5,69520.0,141126225.0
2025-08-01 09:28:25 AM,13906.0,5,69530.0,141195755.0
2025-08-01 09:28:25 AM,13901.0,0,0.0,141195755.0
2025-08-01 09:28:26 AM,13901.0,6,83406.0,141279161.0
2025-08-01 09:28:26 AM,13897.0,0,0.0,141279161.0
2025-08-01 09:28:27 AM,13897.0,5,69485.0,141348646.0
2025-08-01 09:28:32 AM,13906.0,1,13906.0,141362552.0
2025-08-01 09:28:33 AM,13911.0,20,278220.0,141640772.0
2025-08-01 09:28:36 AM,13904.0,0,0.0,141640772.0
2025-08-01 09:28:37 AM,13904.0,3,41712.0,141682484.0
2025-08-01 09:28:39 AM,13910.0,0,0.0,141682484.0
2025-08-01 09:28:39 AM,13910.0,1,13910.0,141696394.0
2025-08-01 09:28:42 AM,13910.0,10,139100.0,141835494.0
2025-08-01 09:28:44 AM,13906.0,2,27812.0,141863306.0
2025-08-01 09:28:44 AM,13906.0,1,13906.0,141877212.0
2025-08-01 09:28:45 AM,13891.0,85,1180735.0,143057947.0
2025-08-01 09:28:49 AM,13904.0,20,278080.0,143336027.0
2025-08-01 09:28:50 AM,13900.0,0,0.0,143336027.0
2025-08-01 09:28:51 AM,13900.0,5,69500.0,143405527.0
2025-08-01 09:28:52 AM,13882.0,0,0.0,143405527.0
2025-08-01 09:28:53 AM,13882.0,75,1041150.0,144446677.0
2025-08-01 09:28:56 AM,13903.0,0,0.0,144446677.0
2025-08-01 09:28:57 AM,13903.0,10,139030.0,144585707.0
2025-08-01 09:28:58 AM,13898.0,35,486430.0,145072137.0
2025-08-01 09:29:03 AM,13911.0,0,0.0,145072137.0
2025-08-01 09:29:03 AM,13911.0,20,278220.0,145350357.0
2025-08-01 09:29:04 AM,13881.0,98,1360338.0,146710695.0
2025-08-01 09:29:04 AM,13885.0,2,27770.0,146738465.0
2025-08-01 09:29:06 AM,13885.0,10,138850.0,146877315.0
2025-08-01 09:29:06 AM,13888.0,0,0.0,146877315.0
2025-08-01 09:29:07 AM,13880.0,23,319240.0,147196555.0
2025-08-01 09:29:08 AM,13873.0,3,41619.0,147238174.0
2025-08-01 09:29:09 AM,13872.0,0,0.0,147238174.0
2025-08-01 09:29:10 AM,13872.0,5,69360.0,147307534.0
2025-08-01 09:29:10 AM,13881.0,0,0.0,147307534.0
2025-08-01 09:29:10 AM,13881.0,1,13881.0,147321415.0
2025-08-01 09:29:11 AM,13881.0,1,13881.0,147335296.0
2025-08-01 09:29:13 AM,13880.0,0,0.0,147335296.0
2025-08-01 09:29:14 AM,13880.0,2,27760.0,147363056.0
2025-08-01 09:29:15 AM,13880.0,1,13880.0,147376936.0
2025-08-01 09:29:16 AM,13865.0,0,0.0,147376936.0
2025-08-01 09:29:17 AM,13865.0,54,748710.0,148125646.0
2025-08-01 09:29:18 AM,13865.0,1,13865.0,148139511.0
2025-08-01 09:29:18 AM,13863.0,0,0.0,148139511.0
2025-08-01 09:29:19 AM,13863.0,17,235671.0,148375182.0
2025-08-01 09:29:20 AM,13852.0,41,567932.0,148943114.0
2025-08-01 09:29:22 AM,13853.0,0,0.0,148943114.0
2025-08-01 09:29:22 AM,13852.0,6,83112.0,149026226.0
2025-08-01 09:29:23 AM,13860.0,1,13860.0,149040086.0
2025-08-01 09:29:24 AM,13860.0,1,13860.0,149053946.0
2025-08-01 09:29:24 AM,13852.0,2,27704.0,149081650.0
2025-08-01 09:29:25 AM,13861.0,0,0.0,149081650.0
2025-08-01 09:29:25 AM,13861.0,5,69305.0,149150955.0
2025-08-01 09:29:27 AM,13860.0,0,0.0,149150955.0
2025-08-01 09:29:28 AM,13853.0,0,0.0,149150955.0
2025-08-01 09:29:28 AM,13853.0,8,110824.0,149261779.0
2025-08-01 09:29:28 AM,13852.0,0,0.0,149261779.0
2025-08-01 09:29:29 AM,13852.0,11,152372.0,149414151.0
2025-08-01 09:29:30 AM,13852.0,1,13852.0,149428003.0
2025-08-01 09:29:30 AM,13852.0,10,138520.0,149566523.0
2025-08-01 09:29:31 AM,13853.0,0,0.0,149566523.0
2025-08-01 09:29:32 AM,13859.0,0,0.0,149566523.0
2025-08-01 09:29:32 AM,13859.0,6,83154.0,149649677.0
2025-08-01 09:29:33 AM,13859.0,1,13859.0,149663536.0
2025-08-01 09:29:34 AM,13859.0,1,13859.0,149677395.0
2025-08-01 09:29:36 AM,13852.0,8,110816.0,149788211.0
2025-08-01 09:29:36 AM,13859.0,0,0.0,149788211.0
2025-08-01 09:29:37 AM,13859.0,10,138590.0,149926801.0
2025-08-01 09:29:40 AM,13852.0,5,69260.0,149996061.0
2025-08-01 09:29:41 AM,13866.0,106,1469796.0,151465857.0
2025-08-01 09:29:43 AM,13860.0,1,13860.0,151479717.0
2025-08-01 09:29:44 AM,13869.0,0,0.0,151479717.0
2025-08-01 09:29:44 AM,13869.0,5,69345.0,151549062.0
2025-08-01 09:29:45 AM,13867.0,0,0.0,151549062.0
2025-08-01 09:29:46 AM,13867.0,6,83202.0,151632264.0
2025-08-01 09:29:46 AM,13856.0,50,692800.0,152325064.0
2025-08-01 09:29:47 AM,13861.0,0,0.0,152325064.0
2025-08-01 09:29:47 AM,13861.0,16,221776.0,152546840.0
2025-08-01 09:29:48 AM,13860.0,20,277200.0,152824040.0
2025-08-01 09:29:48 AM,13871.0,0,0.0,152824040.0
2025-08-01 09:29:49 AM,13871.0,1,13871.0,152837911.0
2025-08-01 09:29:49 AM,13873.0,12,166476.0,153004387.0
2025-08-01 09:29:52 AM,13873.0,26,360698.0,153365085.0
2025-08-01 09:29:54 AM,13861.0,0,0.0,153365085.0
2025-08-01 09:29:54 AM,13861.0,1,13861.0,153378946.0
2025-08-01 09:29:55 AM,13868.0,5,69340.0,153448286.0
2025-08-01 09:29:56 AM,13868.0,1,13868.0,153462154.0
2025-08-01 09:29:56 AM,13868.0,1,13868.0,153476022.0
2025-08-01 09:29:57 AM,13869.0,0,0.0,153476022.0
2025-08-01 09:29:57 AM,13869.0,10,138690.0,153614712.0
2025-08-01 09:29:59 AM,13861.0,1,13861.0,153628573.0
2025-08-01 09:30:00 AM,13868.0,107,1483876.0,155112449.0
2025-08-01 09:30:00 AM,13846.0,154,2132284.0,157244733.0
2025-08-01 09:30:01 AM,13853.0,79,1094387.0,158339120.0
2025-08-01 09:30:03 AM,13854.0,1,13854.0,158352974.0
2025-08-01 09:30:04 AM,13854.0,4,55416.0,158408390.0
2025-08-01 09:30:05 AM,13852.0,0,0.0,158408390.0
2025-08-01 09:30:05 AM,13852.0,11,152372.0,158560762.0
2025-08-01 09:30:06 AM,13852.0,1,13852.0,158574614.0
2025-08-01 09:30:06 AM,13838.0,0,0.0,158574614.0
2025-08-01 09:30:06 AM,13838.0,27,373626.0,158948240.0
2025-08-01 09:30:08 AM,13831.0,2,27662.0,158975902.0
2025-08-01 09:30:08 AM,13835.0,0,0.0,158975902.0
2025-08-01 09:30:09 AM,13835.0,3,41505.0,159017407.0
2025-08-01 09:30:09 AM,13831.0,0,0.0,159017407.0
2025-08-01 09:30:10 AM,13831.0,19,262789.0,159280196.0
2025-08-01 09:30:11 AM,13830.0,6,82980.0,159363176.0
2025-08-01 09:30:11 AM,13838.0,185,2560030.0,161923206.0
2025-08-01 09:30:12 AM,13852.0,0,0.0,161923206.0
2025-08-01 09:30:12 AM,13861.0,3,41583.0,161964789.0
2025-08-01 09:30:13 AM,13842.0,15,207630.0,162172419.0
2025-08-01 09:30:13 AM,13843.0,10,138430.0,162310849.0
2025-08-01 09:30:17 AM,13845.0,2,27690.0,162338539.0
2025-08-01 09:30:18 AM,13850.0,0,0.0,162338539.0
2025-08-01 09:30:18 AM,13850.0,3,41550.0,162380089.0
2025-08-01 09:30:19 AM,13841.0,0,0.0,162380089.0
2025-08-01 09:30:20 AM,13841.0,11,152251.0,162532340.0
2025-08-01 09:30:21 AM,13840.0,0,0.0,162532340.0
2025-08-01 09:30:21 AM,13840.0,3,41520.0,162573860.0
2025-08-01 09:30:22 AM,13842.0,3,41526.0,162615386.0
2025-08-01 09:30:22 AM,13843.0,1,13843.0,162629229.0
2025-08-01 09:30:23 AM,13843.0,111,1536573.0,164165802.0
2025-08-01 09:30:24 AM,13843.0,3,41529.0,164207331.0
2025-08-01 09:30:24 AM,13845.0,6,83070.0,164290401.0
2025-08-01 09:30:25 AM,13850.0,0,0.0,164290401.0
2025-08-01 09:30:25 AM,13853.0,102,1413006.0,165703407.0
2025-08-01 09:30:26 AM,13855.0,56,775880.0,166479287.0
2025-08-01 09:30:26 AM,13865.0,0,0.0,166479287.0
2025-08-01 09:30:27 AM,13865.0,1,13865.0,166493152.0
2025-08-01 09:30:27 AM,13853.0,1,13853.0,166507005.0
2025-08-01 09:30:28 AM,13853.0,3,41559.0,166548564.0
2025-08-01 09:30:29 AM,13846.0,0,0.0,166548564.0
2025-08-01 09:30:29 AM,13846.0,2,27692.0,166576256.0
2025-08-01 09:30:31 AM,13855.0,0,0.0,166576256.0
2025-08-01 09:30:31 AM,13855.0,1,13855.0,166590111.0
2025-08-01 09:30:31 AM,13844.0,0,0.0,166590111.0
2025-08-01 09:30:32 AM,13844.0,50,692200.0,167282311.0
2025-08-01 09:30:32 AM,13855.0,3,41565.0,167323876.0
2025-08-01 09:30:39 AM,13846.0,14,193844.0,167517720.0
2025-08-01 09:30:41 AM,13857.0,0,0.0,167517720.0
2025-08-01 09:30:41 AM,13857.0,1,13857.0,167531577.0
2025-08-01 09:30:46 AM,13857.0,1,13857.0,167545434.0
2025-08-01 09:30:47 AM,13857.0,20,277140.0,167822574.0
2025-08-01 09:30:48 AM,13846.0,1,13846.0,167836420.0
2025-08-01 09:30:50 AM,13851.0,1,13851.0,167850271.0
2025-08-01 09:30:51 AM,13846.0,2,27692.0,167877963.0
2025-08-01 09:30:52 AM,13852.0,5,69260.0,167947223.0
2025-08-01 09:30:53 AM,13851.0,0,0.0,167947223.0
2025-08-01 09:30:53 AM,13851.0,1,13851.0,167961074.0
2025-08-01 09:30:55 AM,13850.0,0,0.0,167961074.0
2025-08-01 09:30:56 AM,13850.0,2,27700.0,167988774.0
2025-08-01 09:30:57 AM,13854.0,0,0.0,167988774.0
2025-08-01 09:30:58 AM,13853.0,0,0.0,167988774.0
2025-08-01 09:30:58 AM,13853.0,256,3546368.0,171535142.0
2025-08-01 09:30:58 AM,13858.0,17,235586.0,171770728.0
2025-08-01 09:31:00 AM,13842.0,236,3266712.0,175037440.0
2025-08-01 09:31:00 AM,13830.0,75,1037250.0,176074690.0
2025-08-01 09:31:03 AM,13844.0,1,13844.0,176088534.0
2025-08-01 09:31:04 AM,13843.0,0,0.0,176088534.0
2025-08-01 09:31:05 AM,13843.0,2,27686.0,176116220.0
2025-08-01 09:31:06 AM,13836.0,0,0.0,176116220.0
2025-08-01 09:31:07 AM,13836.0,2,27672.0,176143892.0
2025-08-01 09:31:10 AM,13836.0,1,13836.0,176157728.0
2025-08-01 09:31:10 AM,13843.0,0,0.0,176157728.0
2025-08-01 09:31:11 AM,13843.0,1,13843.0,176171571.0
2025-08-01 09:31:11 AM,13843.0,1,13843.0,176185414.0
2025-08-01 09:31:13 AM,13843.0,6,83058.0,176268472.0
2025-08-01 09:31:16 AM,13843.0,1,13843.0,176282315.0
2025-08-01 09:31:17 AM,13843.0,1,13843.0,176296158.0
2025-08-01 09:31:19 AM,13847.0,0,0.0,176296158.0
2025-08-01 09:31:19 AM,13848.0,237,3281976.0,179578134.0
2025-08-01 09:31:20 AM,13859.0,0,0.0,179578134.0
2025-08-01 09:31:20 AM,13859.0,53,734527.0,180312661.0
2025-08-01 09:31:21 AM,13860.0,29,401940.0,180714601.0
2025-08-01 09:31:22 AM,13860.0,12,166320.0,180880921.0
2025-08-01 09:31:22 AM,13860.0,2,27720.0,180908641.0
2025-08-01 09:31:23 AM,13860.0,33,457380.0,181366021.0
2025-08-01 09:31:24 AM,13856.0,0,0.0,181366021.0
2025-08-01 09:31:24 AM,13856.0,15,207840.0,181573861.0
2025-08-01 09:31:25 AM,13861.0,0,0.0,181573861.0
2025-08-01 09:31:26 AM,13861.0,1,13861.0,181587722.0
2025-08-01 09:31:26 AM,13859.0,0,0.0,181587722.0
2025-08-01 09:31:27 AM,13859.0,1,13859.0,181601581.0
2025-08-01 09:31:28 AM,13862.0,0,0.0,181601581.0
2025-08-01 09:31:29 AM,13862.0,14,194068.0,181795649.0
2025-08-01 09:31:35 AM,13852.0,0,0.0,181795649.0
2025-08-01 09:31:35 AM,13851.0,21,290871.0,182086520.0
2025-08-01 09:31:35 AM,13854.0,0,0.0,182086520.0
2025-08-01 09:31:36 AM,13854.0,1,13854.0,182100374.0
2025-08-01 09:31:38 AM,13848.0,0,0.0,182100374.0
2025-08-01 09:31:38 AM,13848.0,1,13848.0,182114222.0
2025-08-01 09:31:41 AM,13850.0,0,0.0,182114222.0
2025-08-01 09:31:41 AM,13850.0,2,27700.0,182141922.0
2025-08-01 09:31:41 AM,13845.0,1,13845.0,182155767.0
2025-08-01 09:31:43 AM,13843.0,1,13843.0,182169610.0
2025-08-01 09:31:45 AM,13850.0,15,207750.0,182377360.0
2025-08-01 09:31:46 AM,13849.0,10,138490.0,182515850.0
2025-08-01 09:31:49 AM,13845.0,0,0.0,182515850.0
2025-08-01 09:31:49 AM,13845.0,11,152295.0,182668145.0
2025-08-01 09:31:50 AM,13845.0,1,13845.0,182681990.0
2025-08-01 09:31:51 AM,13839.0,63,871857.0,183553847.0
2025-08-01 09:31:51 AM,13836.0,0,0.0,183553847.0
2025-08-01 09:31:52 AM,13836.0,3,41508.0,183595355.0
2025-08-01 09:31:52 AM,13834.0,0,0.0,183595355.0
2025-08-01 09:31:53 AM,13834.0,316,4371544.0,187966899.0
2025-08-01 09:31:54 AM,13842.0,33,456786.0,188423685.0
2025-08-01 09:31:54 AM,13841.0,5,69205.0,188492890.0
2025-08-01 09:31:55 AM,13839.0,7,96873.0,188589763.0
2025-08-01 09:31:59 AM,13840.0,5,69200.0,188658963.0
2025-08-01 09:32:00 AM,13840.0,10,138400.0,188797363.0
2025-08-01 09:32:01 AM,13859.0,0,0.0,188797363.0
2025-08-01 09:32:01 AM,13859.0,259,3589481.0,192386844.0
2025-08-01 09:32:01 AM,13850.0,0,0.0,192386844.0
2025-08-01 09:32:02 AM,13844.0,10,138440.0,192525284.0
2025-08-01 09:32:04 AM,13840.0,1,13840.0,192539124.0
2025-08-01 09:32:06 AM,13839.0,48,664272.0,193203396.0
2025-08-01 09:32:07 AM,13839.0,1,13839.0,193217235.0
2025-08-01 09:32:10 AM,13839.0,13,179907.0,193397142.0
2025-08-01 09:32:11 AM,13840.0,1,13840.0,193410982.0
2025-08-01 09:32:11 AM,13839.0,2,27678.0,193438660.0
2025-08-01 09:32:12 AM,13830.0,196,2710680.0,196149340.0
2025-08-01 09:32:13 AM,13835.0,0,0.0,196149340.0
2025-08-01 09:32:13 AM,13832.0,41,567112.0,196716452.0
2025-08-01 09:32:15 AM,13828.0,252,3484656.0,200201108.0
2025-08-01 09:32:16 AM,13818.0,619,8553342.0,208754450.0
2025-08-01 09:32:17 AM,13825.0,0,0.0,208754450.0
2025-08-01 09:32:17 AM,13830.0,292,4038360.0,212792810.0
2025-08-01 09:32:17 AM,13850.0,52,720200.0,213513010.0
2025-08-01 09:32:18 AM,13841.0,0,0.0,213513010.0
2025-08-01 09:32:18 AM,13837.0,13,179881.0,213692891.0
2025-08-01 09:32:22 AM,13837.0,3,41511.0,213734402.0
2025-08-01 09:32:23 AM,13837.0,4,55348.0,213789750.0
2025-08-01 09:32:25 AM,13854.0,171,2369034.0,216158784.0
2025-08-01 09:32:26 AM,13855.0,5,69275.0,216228059.0
2025-08-01 09:32:27 AM,13867.0,0,0.0,216228059.0
2025-08-01 09:32:27 AM,13873.0,6,83238.0,216311297.0
2025-08-01 09:32:28 AM,13872.0,13,180336.0,216491633.0
2025-08-01 09:32:29 AM,13863.0,0,0.0,216491633.0
2025-08-01 09:32:29 AM,13863.0,1,13863.0,216505496.0
2025-08-01 09:32:31 AM,13878.0,1,13878.0,216519374.0
2025-08-01 09:32:32 AM,13878.0,1,13878.0,216533252.0
2025-08-01 09:32:34 AM,13879.0,5,69395.0,216602647.0
2025-08-01 09:32:35 AM,13878.0,3,41634.0,216644281.0
2025-08-01 09:32:38 AM,13879.0,0,0.0,216644281.0
2025-08-01 09:32:38 AM,13872.0,12,166464.0,216810745.0
2025-08-01 09:32:38 AM,13875.0,5,69375.0,216880120.0
2025-08-01 09:32:40 AM,13873.0,12,166476.0,217046596.0
2025-08-01 09:32:40 AM,13868.0,0,0.0,217046596.0
2025-08-01 09:32:41 AM,13868.0,6,83208.0,217129804.0
2025-08-01 09:32:41 AM,13871.0,0,0.0,217129804.0
2025-08-01 09:32:42 AM,13861.0,0,0.0,217129804.0
2025-08-01 09:32:42 AM,13861.0,10,138610.0,217268414.0
2025-08-01 09:32:42 AM,13872.0,0,0.0,217268414.0
2025-08-01 09:32:43 AM,13872.0,1,13872.0,217282286.0
2025-08-01 09:32:45 AM,13876.0,1,13876.0,217296162.0
2025-08-01 09:32:46 AM,13868.0,0,0.0,217296162.0
2025-08-01 09:32:47 AM,13871.0,45,624195.0,217920357.0
2025-08-01 09:32:47 AM,13878.0,0,0.0,217920357.0
2025-08-01 09:32:48 AM,13885.0,0,0.0,217920357.0
2025-08-01 09:32:48 AM,13885.0,103,1430155.0,219350512.0
2025-08-01 09:32:49 AM,13870.0,35,485450.0,219835962.0
2025-08-01 09:32:50 AM,13881.0,0,0.0,219835962.0
2025-08-01 09:32:50 AM,13868.0,55,762740.0,220598702.0
2025-08-01 09:32:51 AM,13869.0,9,124821.0,220723523.0
2025-08-01 09:32:54 AM,13881.0,0,0.0,220723523.0
2025-08-01 09:32:54 AM,13881.0,15,208215.0,220931738.0
2025-08-01 09:32:55 AM,13881.0,5,69405.0,221001143.0
2025-08-01 09:32:57 AM,13870.0,2,27740.0,221028883.0
2025-08-01 09:33:00 AM,13870.0,1,13870.0,221042753.0
2025-08-01 09:33:00 AM,13876.0,0,0.0,221042753.0
2025-08-01 09:33:01 AM,13876.0,1,13876.0,221056629.0
2025-08-01 09:33:03 AM,13871.0,2,27742.0,221084371.0
2025-08-01 09:33:05 AM,13870.0,0,0.0,221084371.0
2025-08-01 09:33:05 AM,13870.0,77,1067990.0,222152361.0
2025-08-01 09:33:05 AM,13875.0,0,0.0,222152361.0
2025-08-01 09:33:06 AM,13875.0,27,374625.0,222526986.0
2025-08-01 09:33:11 AM,13876.0,0,0.0,222526986.0
2025-08-01 09:33:12 AM,13876.0,29,402404.0,222929390.0
2025-08-01 09:33:14 AM,13876.0,1,13876.0,222943266.0
2025-08-01 09:33:14 AM,13881.0,0,0.0,222943266.0
2025-08-01 09:33:15 AM,13881.0,7,97167.0,223040433.0
2025-08-01 09:33:17 AM,13886.0,201,2791086.0,225831519.0
2025-08-01 09:33:18 AM,13899.0,13,180687.0,226012206.0
2025-08-01 09:33:19 AM,13895.0,5,69475.0,226081681.0
2025-08-01 09:33:20 AM,13899.0,0,0.0,226081681.0
2025-08-01 09:33:20 AM,13899.0,22,305778.0,226387459.0
2025-08-01 09:33:21 AM,13903.0,0,0.0,226387459.0
2025-08-01 09:33:22 AM,13903.0,1,13903.0,226401362.0
2025-08-01 09:33:22 AM,13903.0,4,55612.0,226456974.0
2025-08-01 09:33:22 AM,13900.0,0,0.0,226456974.0
2025-08-01 09:33:23 AM,13900.0,4,55600.0,226512574.0
2025-08-01 09:33:23 AM,13903.0,1,13903.0,226526477.0
2025-08-01 09:33:25 AM,13903.0,3,41709.0,226568186.0
2025-08-01 09:33:25 AM,13903.0,1,13903.0,226582089.0
2025-08-01 09:33:27 AM,13914.0,60,834840.0,227416929.0
2025-08-01 09:33:28 AM,13914.0,1,13914.0,227430843.0
2025-08-01 09:33:29 AM,13914.0,1,13914.0,227444757.0
2025-08-01 09:33:29 AM,13904.0,32,444928.0,227889685.0
2025-08-01 09:33:32 AM,13909.0,1,13909.0,227903594.0
2025-08-01 09:33:33 AM,13910.0,2,27820.0,227931414.0
2025-08-01 09:33:34 AM,13911.0,0,0.0,227931414.0
2025-08-01 09:33:34 AM,13911.0,1,13911.0,227945325.0
2025-08-01 09:33:35 AM,13899.0,0,0.0,227945325.0
2025-08-01 09:33:35 AM,13899.0,50,694950.0,228640275.0
2025-08-01 09:33:36 AM,13911.0,0,0.0,228640275.0
2025-08-01 09:33:37 AM,13911.0,5,69555.0,228709830.0
2025-08-01 09:33:37 AM,13903.0,0,0.0,228709830.0
2025-08-01 09:33:38 AM,13904.0,0,0.0,228709830.0
2025-08-01 09:33:38 AM,13904.0,30,417120.0,229126950.0
2025-08-01 09:33:38 AM,13914.0,0,0.0,229126950.0
2025-08-01 09:33:39 AM,13914.0,50,695700.0,229822650.0
2025-08-01 09:33:40 AM,13914.0,4,55656.0,229878306.0
2025-08-01 09:33:41 AM,13905.0,5,69525.0,229947831.0
2025-08-01 09:33:43 AM,13912.0,3,41736.0,229989567.0
2025-08-01 09:33:44 AM,13914.0,0,0.0,229989567.0
2025-08-01 09:33:45 AM,13914.0,3,41742.0,230031309.0
2025-08-01 09:33:48 AM,13915.0,66,918390.0,230949699.0
2025-08-01 09:33:48 AM,13904.0,0,0.0,230949699.0
2025-08-01 09:33:49 AM,13904.0,17,236368.0,231186067.0
2025-08-01 09:33:49 AM,13925.0,111,1545675.0,232731742.0
2025-08-01 09:33:49 AM,13936.0,0,0.0,232731742.0
2025-08-01 09:33:50 AM,13936.0,3,41808.0,232773550.0
2025-08-01 09:33:52 AM,13928.0,1,13928.0,232787478.0
2025-08-01 09:33:53 AM,13924.0,11,153164.0,232940642.0
2025-08-01 09:33:53 AM,13918.0,13,180934.0,233121576.0
2025-08-01 09:33:53 AM,13931.0,0,0.0,233121576.0
2025-08-01 09:33:54 AM,13931.0,5,69655.0,233191231.0
2025-08-01 09:33:54 AM,13925.0,5,69625.0,233260856.0
2025-08-01 09:33:57 AM,13921.0,21,292341.0,233553197.0
2025-08-01 09:33:58 AM,13922.0,2,27844.0,233581041.0
2025-08-01 09:33:59 AM,13914.0,0,0.0,233581041.0
2025-08-01 09:33:59 AM,13914.0,5,69570.0,233650611.0
2025-08-01 09:34:00 AM,13924.0,20,278480.0,233929091.0
2025-08-01 09:34:01 AM,13925.0,1,13925.0,233943016.0
2025-08-01 09:34:02 AM,13915.0,0,0.0,233943016.0
2025-08-01 09:34:02 AM,13915.0,9,125235.0,234068251.0
2025-08-01 09:34:02 AM,13917.0,0,0.0,234068251.0
2025-08-01 09:34:02 AM,13917.0,50,695850.0,234764101.0
2025-08-01 09:34:05 AM,13926.0,1,13926.0,234778027.0
2025-08-01 09:34:05 AM,13917.0,0,0.0,234778027.0
2025-08-01 09:34:06 AM,13917.0,1,13917.0,234791944.0
2025-08-01 09:34:06 AM,13917.0,5,69585.0,234861529.0
2025-08-01 09:34:07 AM,13926.0,0,0.0,234861529.0
2025-08-01 09:34:07 AM,13926.0,1,13926.0,234875455.0
2025-08-01 09:34:08 AM,13931.0,2,27862.0,234903317.0
2025-08-01 09:34:09 AM,13925.0,0,0.0,234903317.0
2025-08-01 09:34:10 AM,13925.0,10,139250.0,235042567.0
2025-08-01 09:34:10 AM,13921.0,1,13921.0,235056488.0
2025-08-01 09:34:14 AM,13930.0,0,0.0,235056488.0
2025-08-01 09:34:14 AM,13930.0,2,27860.0,235084348.0
2025-08-01 09:34:15 AM,13933.0,0,0.0,235084348.0
2025-08-01 09:34:16 AM,13933.0,1,13933.0,235098281.0
2025-08-01 09:34:17 AM,13924.0,0,0.0,235098281.0
2025-08-01 09:34:17 AM,13924.0,14,194936.0,235293217.0
2025-08-01 09:34:17 AM,13922.0,0,0.0,235293217.0
2025-08-01 09:34:18 AM,13926.0,0,0.0,235293217.0
2025-08-01 09:34:18 AM,13926.0,11,153186.0,235446403.0
2025-08-01 09:34:21 AM,13924.0,0,0.0,235446403.0
2025-08-01 09:34:21 AM,13924.0,2,27848.0,235474251.0
2025-08-01 09:34:21 AM,13917.0,0,0.0,235474251.0
2025-08-01 09:34:22 AM,13917.0,40,556680.0,236030931.0
2025-08-01 09:34:23 AM,13920.0,1,13920.0,236044851.0
2025-08-01 09:34:23 AM,13913.0,0,0.0,236044851.0
2025-08-01 09:34:24 AM,13912.0,65,904280.0,236949131.0
2025-08-01 09:34:25 AM,13903.0,5,69515.0,237018646.0
2025-08-01 09:34:25 AM,13912.0,0,0.0,237018646.0
2025-08-01 09:34:26 AM,13912.0,8,111296.0,237129942.0
2025-08-01 09:34:27 AM,13914.0,0,0.0,237129942.0
2025-08-01 09:34:28 AM,13914.0,1,13914.0,237143856.0
2025-08-01 09:34:28 AM,13905.0,2,27810.0,237171666.0
2025-08-01 09:34:35 AM,13912.0,5,69560.0,237241226.0
2025-08-01 09:34:36 AM,13904.0,4,55616.0,237296842.0
2025-08-01 09:34:37 AM,13900.0,40,556000.0,237852842.0
2025-08-01 09:34:40 AM,13900.0,5,69500.0,237922342.0
2025-08-01 09:34:45 AM,13905.0,1,13905.0,237936247.0
2025-08-01 09:34:46 AM,13905.0,5,69525.0,238005772.0
2025-08-01 09:34:46 AM,13907.0,16,222512.0,238228284.0
2025-08-01 09:34:46 AM,13897.0,0,0.0,238228284.0
2025-08-01 09:34:47 AM,13897.0,131,1820507.0,240048791.0
2025-08-01 09:34:47 AM,13901.0,0,0.0,240048791.0
2025-08-01 09:34:48 AM,13900.0,49,681100.0,240729891.0
2025-08-01 09:34:49 AM,13901.0,0,0.0,240729891.0
2025-08-01 09:34:49 AM,13901.0,2,27802.0,240757693.0
2025-08-01 09:34:51 AM,13883.0,0,0.0,240757693.0
2025-08-01 09:34:51 AM,13883.0,14,194362.0,240952055.0
2025-08-01 09:34:52 AM,13886.0,0,0.0,240952055.0
2025-08-01 09:34:53 AM,13886.0,6,83316.0,241035371.0
2025-08-01 09:34:55 AM,13871.0,0,0.0,241035371.0
2025-08-01 09:34:56 AM,13871.0,84,1165164.0,242200535.0
2025-08-01 09:34:56 AM,13863.0,20,277260.0,242477795.0
2025-08-01 09:34:57 AM,13866.0,1,13866.0,242491661.0
2025-08-01 09:34:59 AM,13866.0,5,69330.0,242560991.0
2025-08-01 09:35:03 AM,13863.0,1,13863.0,242574854.0
2025-08-01 09:35:04 AM,13868.0,0,0.0,242574854.0
2025-08-01 09:35:04 AM,13868.0,37,513116.0,243087970.0
2025-08-01 09:35:08 AM,13855.0,0,0.0,243087970.0
2025-08-01 09:35:08 AM,13853.0,160,2216480.0,245304450.0
2025-08-01 09:35:08 AM,13869.0,0,0.0,245304450.0
2025-08-01 09:35:09 AM,13869.0,25,346725.0,245651175.0
2025-08-01 09:35:10 AM,13864.0,1,13864.0,245665039.0
2025-08-01 09:35:10 AM,13850.0,0,0.0,245665039.0
2025-08-01 09:35:11 AM,13850.0,98,1357300.0,247022339.0
2025-08-01 09:35:12 AM,13850.0,35,484750.0,247507089.0
2025-08-01 09:35:13 AM,13848.0,0,0.0,247507089.0
2025-08-01 09:35:13 AM,13848.0,1,13848.0,247520937.0
2025-08-01 09:35:13 AM,13847.0,6,83082.0,247604019.0
2025-08-01 09:35:14 AM,13849.0,26,360074.0,247964093.0
2025-08-01 09:35:15 AM,13848.0,0,0.0,247964093.0
2025-08-01 09:35:15 AM,13838.0,21,290598.0,248254691.0
2025-08-01 09:35:18 AM,13826.0,154,2129204.0,250383895.0
2025-08-01 09:35:19 AM,13833.0,0,0.0,250383895.0
2025-08-01 09:35:19 AM,13833.0,31,428823.0,250812718.0
2025-08-01 09:35:20 AM,13834.0,0,0.0,250812718.0
2025-08-01 09:35:20 AM,13837.0,153,2117061.0,252929779.0
2025-08-01 09:35:21 AM,13836.0,3,41508.0,252971287.0
2025-08-01 09:35:24 AM,13826.0,3,41478.0,253012765.0
2025-08-01 09:35:25 AM,13834.0,0,0.0,253012765.0
2025-08-01 09:35:26 AM,13834.0,2,27668.0,253040433.0
2025-08-01 09:35:26 AM,13827.0,2,27654.0,253068087.0
2025-08-01 09:35:27 AM,13820.0,75,1036500.0,254104587.0
2025-08-01 09:35:27 AM,13823.0,0,0.0,254104587.0
2025-08-01 09:35:28 AM,13823.0,35,483805.0,254588392.0
2025-08-01 09:35:29 AM,13828.0,1,13828.0,254602220.0
2025-08-01 09:35:29 AM,13823.0,9,124407.0,254726627.0
2025-08-01 09:35:30 AM,13818.0,0,0.0,254726627.0
2025-08-01 09:35:31 AM,13823.0,328,4533944.0,259260571.0
2025-08-01 09:35:32 AM,13823.0,51,704973.0,259965544.0
2025-08-01 09:35:32 AM,13830.0,0,0.0,259965544.0
2025-08-01 09:35:33 AM,13821.0,37,511377.0,260476921.0
2025-08-01 09:35:33 AM,13831.0,0,0.0,260476921.0
2025-08-01 09:35:34 AM,13822.0,2,27644.0,260504565.0
2025-08-01 09:35:36 AM,13823.0,0,0.0,260504565.0
2025-08-01 09:35:36 AM,13823.0,1,13823.0,260518388.0
2025-08-01 09:35:38 AM,13823.0,72,995256.0,261513644.0
2025-08-01 09:35:39 AM,13823.0,220,3041060.0,264554704.0
2025-08-01 09:35:40 AM,13831.0,0,0.0,264554704.0
2025-08-01 09:35:40 AM,13831.0,1,13831.0,264568535.0
2025-08-01 09:35:41 AM,13831.0,5,69155.0,264637690.0
2025-08-01 09:35:42 AM,13829.0,0,0.0,264637690.0
2025-08-01 09:35:43 AM,13829.0,5,69145.0,264706835.0
2025-08-01 09:35:44 AM,13823.0,0,0.0,264706835.0
2025-08-01 09:35:45 AM,13823.0,5,69115.0,264775950.0
2025-08-01 09:35:46 AM,13820.0,89,1229980.0,266005930.0
2025-08-01 09:35:47 AM,13820.0,1,13820.0,266019750.0
2025-08-01 09:35:49 AM,13821.0,16,221136.0,266240886.0
2025-08-01 09:35:50 AM,13821.0,1,13821.0,266254707.0
2025-08-01 09:35:51 AM,13821.0,1,13821.0,266268528.0
2025-08-01 09:35:52 AM,13821.0,2,27642.0,266296170.0
2025-08-01 09:35:53 AM,13820.0,0,0.0,266296170.0
2025-08-01 09:35:54 AM,13820.0,10,138200.0,266434370.0
2025-08-01 09:35:55 AM,13820.0,1,13820.0,266448190.0
2025-08-01 09:35:56 AM,13828.0,306,4231368.0,270679558.0
2025-08-01 09:35:57 AM,13821.0,31,428451.0,271108009.0
2025-08-01 09:35:58 AM,13831.0,1,13831.0,271121840.0
2025-08-01 09:35:59 AM,13836.0,0,0.0,271121840.0
2025-08-01 09:35:59 AM,13836.0,85,1176060.0,272297900.0
2025-08-01 09:36:02 AM,13837.0,0,0.0,272297900.0
2025-08-01 09:36:02 AM,13837.0,2,27674.0,272325574.0
2025-08-01 09:36:03 AM,13828.0,2,27656.0,272353230.0
2025-08-01 09:36:06 AM,13837.0,1,13837.0,272367067.0
2025-08-01 09:36:09 AM,13830.0,1,13830.0,272380897.0
2025-08-01 09:36:11 AM,13835.0,11,152185.0,272533082.0
2025-08-01 09:36:13 AM,13830.0,6,82980.0,272616062.0
2025-08-01 09:36:13 AM,13827.0,0,0.0,272616062.0
2025-08-01 09:36:14 AM,13827.0,16,221232.0,272837294.0
2025-08-01 09:36:14 AM,13828.0,0,0.0,272837294.0
2025-08-01 09:36:15 AM,13828.0,100,1382800.0,274220094.0
2025-08-01 09:36:17 AM,13826.0,0,0.0,274220094.0
2025-08-01 09:36:18 AM,13821.0,30,414630.0,274634724.0
2025-08-01 09:36:18 AM,13812.0,20,276240.0,274910964.0
2025-08-01 09:36:19 AM,13818.0,20,276360.0,275187324.0
2025-08-01 09:36:19 AM,13819.0,0,0.0,275187324.0
2025-08-01 09:36:20 AM,13819.0,1,13819.0,275201143.0
2025-08-01 09:36:21 AM,13811.0,0,0.0,275201143.0
2025-08-01 09:36:21 AM,13811.0,10,138110.0,275339253.0
2025-08-01 09:36:21 AM,13810.0,74,1021940.0,276361193.0
2025-08-01 09:36:22 AM,13819.0,79,1091701.0,277452894.0
2025-08-01 09:36:22 AM,13819.0,48,663312.0,278116206.0
2025-08-01 09:36:23 AM,13821.0,30,414630.0,278530836.0
2025-08-01 09:36:24 AM,13832.0,95,1314040.0,279844876.0
2025-08-01 09:36:24 AM,13831.0,0,0.0,279844876.0
2025-08-01 09:36:25 AM,13830.0,52,719160.0,280564036.0
2025-08-01 09:36:25 AM,13823.0,0,0.0,280564036.0
2025-08-01 09:36:26 AM,13820.0,25,345500.0,280909536.0
2025-08-01 09:36:26 AM,13817.0,2,27634.0,280937170.0
2025-08-01 09:36:28 AM,13817.0,7,96719.0,281033889.0
2025-08-01 09:36:29 AM,13812.0,0,0.0,281033889.0
2025-08-01 09:36:29 AM,13819.0,2,27638.0,281061527.0
2025-08-01 09:36:29 AM,13812.0,15,207180.0,281268707.0
2025-08-01 09:36:32 AM,13819.0,0,0.0,281268707.0
2025-08-01 09:36:32 AM,13819.0,10,138190.0,281406897.0
2025-08-01 09:36:34 AM,13823.0,201,2778423.0,284185320.0
2025-08-01 09:36:35 AM,13827.0,13,179751.0,284365071.0
2025-08-01 09:36:35 AM,13827.0,1,13827.0,284378898.0
2025-08-01 09:36:36 AM,13820.0,1,13820.0,284392718.0
2025-08-01 09:36:37 AM,13825.0,0,0.0,284392718.0
2025-08-01 09:36:37 AM,13819.0,15,207285.0,284600003.0
2025-08-01 09:36:43 AM,13819.0,13,179647.0,284779650.0
2025-08-01 09:36:43 AM,13817.0,0,0.0,284779650.0
2025-08-01 09:36:44 AM,13817.0,2,27634.0,284807284.0
2025-08-01 09:36:45 AM,13815.0,10,138150.0,284945434.0
2025-08-01 09:36:48 AM,13815.0,10,138150.0,285083584.0
2025-08-01 09:36:49 AM,13811.0,0,0.0,285083584.0
2025-08-01 09:36:50 AM,13811.0,79,1091069.0,286174653.0
2025-08-01 09:36:53 AM,13812.0,122,1685064.0,287859717.0
2025-08-01 09:36:53 AM,13816.0,76,1050016.0,288909733.0
2025-08-01 09:36:54 AM,13818.0,0,0.0,288909733.0
2025-08-01 09:36:54 AM,13818.0,5,69090.0,288978823.0
2025-08-01 09:36:55 AM,13817.0,0,0.0,288978823.0
2025-08-01 09:36:56 AM,13817.0,22,303974.0,289282797.0
2025-08-01 09:36:58 AM,13817.0,5,69085.0,289351882.0
2025-08-01 09:36:59 AM,13817.0,3,41451.0,289393333.0
2025-08-01 09:37:03 AM,13817.0,1,13817.0,289407150.0
2025-08-01 09:37:05 AM,13817.0,5,69085.0,289476235.0
2025-08-01 09:37:06 AM,13817.0,10,138170.0,289614405.0
2025-08-01 09:37:07 AM,13818.0,50,690900.0,290305305.0
2025-08-01 09:37:08 AM,13819.0,1,13819.0,290319124.0
2025-08-01 09:37:09 AM,13829.0,20,276580.0,290595704.0
2025-08-01 09:37:10 AM,13830.0,1,13830.0,290609534.0
2025-08-01 09:37:12 AM,13831.0,7,96817.0,290706351.0
2025-08-01 09:37:12 AM,13818.0,0,0.0,290706351.0
2025-08-01 09:37:13 AM,13818.0,79,1091622.0,291797973.0
2025-08-01 09:37:13 AM,13821.0,24,331704.0,292129677.0
2025-08-01 09:37:15 AM,13817.0,0,0.0,292129677.0
2025-08-01 09:37:15 AM,13817.0,3,41451.0,292171128.0
2025-08-01 09:37:17 AM,13817.0,1,13817.0,292184945.0
2025-08-01 09:37:19 AM,13815.0,35,483525.0,292668470.0
2025-08-01 09:37:20 AM,13800.0,249,3436200.0,296104670.0
2025-08-01 09:37:21 AM,13811.0,78,1077258.0,297181928.0
2025-08-01 09:37:21 AM,13811.0,4,55244.0,297237172.0
2025-08-01 09:37:23 AM,13806.0,5,69030.0,297306202.0
2025-08-01 09:37:26 AM,13804.0,1,13804.0,297320006.0
2025-08-01 09:37:27 AM,13800.0,129,1780200.0,299100206.0
2025-08-01 09:37:28 AM,13800.0,30,414000.0,299514206.0
2025-08-01 09:37:29 AM,13809.0,180,2485620.0,301999826.0
2025-08-01 09:37:30 AM,13807.0,1,13807.0,302013633.0
2025-08-01 09:37:30 AM,13806.0,0,0.0,302013633.0
2025-08-01 09:37:30 AM,13806.0,1,13806.0,302027439.0
2025-08-01 09:37:32 AM,13811.0,3,41433.0,302068872.0
2025-08-01 09:37:33 AM,13800.0,215,2967000.0,305035872.0
2025-08-01 09:37:33 AM,13799.0,4,55196.0,305091068.0
2025-08-01 09:37:34 AM,13799.0,1,13799.0,305104867.0
2025-08-01 09:37:34 AM,13800.0,0,0.0,305104867.0
2025-08-01 09:37:35 AM,13801.0,20,276020.0,305380887.0
2025-08-01 09:37:36 AM,13797.0,2,27594.0,305408481.0
2025-08-01 09:37:39 AM,13804.0,3,41412.0,305449893.0
2025-08-01 09:37:39 AM,13796.0,0,0.0,305449893.0
2025-08-01 09:37:40 AM,13796.0,8,110368.0,305560261.0
2025-08-01 09:37:42 AM,13805.0,0,0.0,305560261.0
2025-08-01 09:37:42 AM,13805.0,2,27610.0,305587871.0
2025-08-01 09:37:43 AM,13800.0,5,69000.0,305656871.0
2025-08-01 09:37:44 AM,13803.0,2,27606.0,305684477.0
2025-08-01 09:37:44 AM,13797.0,0,0.0,305684477.0
2025-08-01 09:37:45 AM,13797.0,106,1462482.0,307146959.0
2025-08-01 09:37:46 AM,13804.0,10,138040.0,307284999.0
2025-08-01 09:37:47 AM,13803.0,29,400287.0,307685286.0
2025-08-01 09:37:47 AM,13796.0,3,41388.0,307726674.0
2025-08-01 09:37:48 AM,13804.0,0,0.0,307726674.0
2025-08-01 09:37:48 AM,13804.0,15,207060.0,307933734.0
2025-08-01 09:37:49 AM,13800.0,200,2760000.0,310693734.0
2025-08-01 09:37:51 AM,13810.0,12,165720.0,310859454.0
2025-08-01 09:37:52 AM,13804.0,0,0.0,310859454.0
2025-08-01 09:37:52 AM,13804.0,34,469336.0,311328790.0
2025-08-01 09:37:53 AM,13802.0,5,69010.0,311397800.0
2025-08-01 09:37:53 AM,13805.0,0,0.0,311397800.0
2025-08-01 09:37:54 AM,13805.0,1,13805.0,311411605.0
2025-08-01 09:37:54 AM,13798.0,2,27596.0,311439201.0
2025-08-01 09:37:54 AM,13800.0,0,0.0,311439201.0
2025-08-01 09:37:55 AM,13800.0,25,345000.0,311784201.0
2025-08-01 09:37:57 AM,13809.0,0,0.0,311784201.0
2025-08-01 09:37:58 AM,13809.0,10,138090.0,311922291.0
2025-08-01 09:38:00 AM,13809.0,10,138090.0,312060381.0
2025-08-01 09:38:00 AM,13796.0,0,0.0,312060381.0
2025-08-01 09:38:01 AM,13792.0,0,0.0,312060381.0
2025-08-01 09:38:01 AM,13796.0,147,2028012.0,314088393.0
2025-08-01 09:38:02 AM,13797.0,1,13797.0,314102190.0
2025-08-01 09:38:02 AM,13798.0,25,344950.0,314447140.0
2025-08-01 09:38:03 AM,13790.0,10,137900.0,314585040.0
2025-08-01 09:38:04 AM,13790.0,3,41370.0,314626410.0
2025-08-01 09:38:05 AM,13790.0,4,55160.0,314681570.0
2025-08-01 09:38:07 AM,13790.0,6,82740.0,314764310.0
2025-08-01 09:38:08 AM,13786.0,3,41358.0,314805668.0
2025-08-01 09:38:08 AM,13786.0,9,124074.0,314929742.0
2025-08-01 09:38:09 AM,13790.0,0,0.0,314929742.0
2025-08-01 09:38:10 AM,13790.0,1,13790.0,314943532.0
2025-08-01 09:38:11 AM,13785.0,0,0.0,314943532.0
2025-08-01 09:38:11 AM,13785.0,4,55140.0,314998672.0
2025-08-01 09:38:11 AM,13787.0,9,124083.0,315122755.0
2025-08-01 09:38:12 AM,13787.0,3,41361.0,315164116.0
2025-08-01 09:38:13 AM,13787.0,6,82722.0,315246838.0
2025-08-01 09:38:15 AM,13787.0,5,68935.0,315315773.0
2025-08-01 09:38:17 AM,13787.0,2,27574.0,315343347.0
2025-08-01 09:38:18 AM,13786.0,1,13786.0,315357133.0
2025-08-01 09:38:19 AM,13785.0,10,137850.0,315494983.0
2025-08-01 09:38:19 AM,13787.0,0,0.0,315494983.0
2025-08-01 09:38:20 AM,13787.0,1,13787.0,315508770.0
2025-08-01 09:38:20 AM,13783.0,0,0.0,315508770.0
2025-08-01 09:38:21 AM,13780.0,0,0.0,315508770.0
2025-08-01 09:38:21 AM,13780.0,100,1378000.0,316886770.0
2025-08-01 09:38:21 AM,13781.0,0,0.0,316886770.0
2025-08-01 09:38:22 AM,13787.0,69,951303.0,317838073.0
2025-08-01 09:38:24 AM,13780.0,1,13780.0,317851853.0
2025-08-01 09:38:25 AM,13788.0,0,0.0,317851853.0
2025-08-01 09:38:25 AM,13788.0,2,27576.0,317879429.0
2025-08-01 09:38:25 AM,13787.0,0,0.0,317879429.0
2025-08-01 09:38:26 AM,13787.0,1,13787.0,317893216.0
2025-08-01 09:38:26 AM,13782.0,11,151602.0,318044818.0
2025-08-01 09:38:27 AM,13781.0,15,206715.0,318251533.0
2025-08-01 09:38:28 AM,13788.0,0,0.0,318251533.0
2025-08-01 09:38:29 AM,13788.0,1,13788.0,318265321.0
2025-08-01 09:38:29 AM,13788.0,1,13788.0,318279109.0
2025-08-01 09:38:30 AM,13788.0,5,68940.0,318348049.0
2025-08-01 09:38:30 AM,13771.0,0,0.0,318348049.0
2025-08-01 09:38:31 AM,13768.0,0,0.0,318348049.0
2025-08-01 09:38:31 AM,13768.0,246,3386928.0,321734977.0
2025-08-01 09:38:31 AM,13769.0,41,564529.0,322299506.0
2025-08-01 09:38:32 AM,13752.0,19,261288.0,322560794.0
2025-08-01 09:38:32 AM,13753.0,0,0.0,322560794.0
2025-08-01 09:38:33 AM,13771.0,387,5329377.0,327890171.0
2025-08-01 09:38:33 AM,13765.0,4,55060.0,327945231.0
2025-08-01 09:38:33 AM,13767.0,0,0.0,327945231.0
2025-08-01 09:38:34 AM,13777.0,5,68885.0,328014116.0
2025-08-01 09:38:34 AM,13760.0,15,206400.0,328220516.0
2025-08-01 09:38:35 AM,13769.0,0,0.0,328220516.0
2025-08-01 09:38:35 AM,13769.0,27,371763.0,328592279.0
2025-08-01 09:38:35 AM,13760.0,0,0.0,328592279.0
2025-08-01 09:38:36 AM,13768.0,26,357968.0,328950247.0
2025-08-01 09:38:37 AM,13769.0,80,1101520.0,330051767.0
2025-08-01 09:38:38 AM,13774.0,0,0.0,330051767.0
2025-08-01 09:38:39 AM,13774.0,21,289254.0,330341021.0
2025-08-01 09:38:39 AM,13776.0,0,0.0,330341021.0
2025-08-01 09:38:40 AM,13776.0,2,27552.0,330368573.0
2025-08-01 09:38:40 AM,13771.0,82,1129222.0,331497795.0
2025-08-01 09:38:40 AM,13781.0,0,0.0,331497795.0
2025-08-01 09:38:41 AM,13781.0,1,13781.0,331511576.0
2025-08-01 09:38:41 AM,13771.0,0,0.0,331511576.0
2025-08-01 09:38:42 AM,13771.0,49,674779.0,332186355.0
2025-08-01 09:38:44 AM,13781.0,26,358306.0,332544661.0
2025-08-01 09:38:45 AM,13773.0,0,0.0,332544661.0
2025-08-01 09:38:46 AM,13772.0,22,302984.0,332847645.0
2025-08-01 09:38:46 AM,13773.0,0,0.0,332847645.0
2025-08-01 09:38:46 AM,13769.0,42,578298.0,333425943.0
2025-08-01 09:38:46 AM,13778.0,0,0.0,333425943.0
2025-08-01 09:38:47 AM,13778.0,2,27556.0,333453499.0
2025-08-01 09:38:47 AM,13780.0,1,13780.0,333467279.0
2025-08-01 09:38:49 AM,13783.0,198,2729034.0,336196313.0
2025-08-01 09:38:50 AM,13789.0,26,358514.0,336554827.0
2025-08-01 09:38:51 AM,13771.0,0,0.0,336554827.0
2025-08-01 09:38:51 AM,13772.0,96,1322112.0,337876939.0
2025-08-01 09:38:51 AM,13770.0,4,55080.0,337932019.0
2025-08-01 09:38:52 AM,13769.0,6,82614.0,338014633.0
2025-08-01 09:38:52 AM,13766.0,1,13766.0,338028399.0
2025-08-01 09:38:55 AM,13760.0,0,0.0,338028399.0
2025-08-01 09:38:55 AM,13752.0,38,522576.0,338550975.0
2025-08-01 09:38:55 AM,13741.0,256,3517696.0,342068671.0
2025-08-01 09:38:56 AM,13734.0,5,68670.0,342137341.0
2025-08-01 09:38:56 AM,13754.0,104,1430416.0,343567757.0
2025-08-01 09:38:57 AM,13755.0,0,0.0,343567757.0
2025-08-01 09:38:57 AM,13755.0,27,371385.0,343939142.0
2025-08-01 09:38:58 AM,13752.0,0,0.0,343939142.0
2025-08-01 09:38:58 AM,13752.0,1,13752.0,343952894.0
2025-08-01 09:38:58 AM,13748.0,20,274960.0,344227854.0
2025-08-01 09:38:59 AM,13756.0,0,0.0,344227854.0
2025-08-01 09:38:59 AM,13756.0,1,13756.0,344241610.0
2025-08-01 09:38:59 AM,13745.0,3,41235.0,344282845.0
2025-08-01 09:38:59 AM,13739.0,0,0.0,344282845.0
2025-08-01 09:39:00 AM,13740.0,0,0.0,344282845.0
2025-08-01 09:39:00 AM,13740.0,386,5303640.0,349586485.0
2025-08-01 09:39:00 AM,13749.0,0,0.0,349586485.0
2025-08-01 09:39:01 AM,13739.0,89,1222771.0,350809256.0
2025-08-01 09:39:02 AM,13739.0,11,151129.0,350960385.0
2025-08-01 09:39:02 AM,13746.0,189,2597994.0,353558379.0
2025-08-01 09:39:03 AM,13750.0,0,0.0,353558379.0
2025-08-01 09:39:03 AM,13750.0,1,13750.0,353572129.0
2025-08-01 09:39:03 AM,13748.0,0,0.0,353572129.0
2025-08-01 09:39:04 AM,13748.0,9,123732.0,353695861.0
2025-08-01 09:39:06 AM,13745.0,1,13745.0,353709606.0
2025-08-01 09:39:06 AM,13739.0,0,0.0,353709606.0
2025-08-01 09:39:06 AM,13739.0,137,1882243.0,355591849.0
2025-08-01 09:39:09 AM,13739.0,2,27478.0,355619327.0
2025-08-01 09:39:10 AM,13749.0,165,2268585.0,357887912.0
2025-08-01 09:39:10 AM,13743.0,0,0.0,357887912.0
2025-08-01 09:39:11 AM,13747.0,49,673603.0,358561515.0
2025-08-01 09:39:12 AM,13746.0,0,0.0,358561515.0
2025-08-01 09:39:12 AM,13752.0,33,453816.0,359015331.0
2025-08-01 09:39:13 AM,13748.0,5,68740.0,359084071.0
2025-08-01 09:39:15 AM,13748.0,8,109984.0,359194055.0
2025-08-01 09:39:16 AM,13758.0,10,137580.0,359331635.0
2025-08-01 09:39:17 AM,13763.0,49,674387.0,360006022.0
2025-08-01 09:39:19 AM,13759.0,0,0.0,360006022.0
2025-08-01 09:39:19 AM,13759.0,75,1031925.0,361037947.0
2025-08-01 09:39:20 AM,13756.0,0,0.0,361037947.0
2025-08-01 09:39:21 AM,13758.0,0,0.0,361037947.0
2025-08-01 09:39:21 AM,13757.0,25,343925.0,361381872.0
2025-08-01 09:39:22 AM,13748.0,2,27496.0,361409368.0
2025-08-01 09:39:22 AM,13743.0,0,0.0,361409368.0
2025-08-01 09:39:23 AM,13754.0,0,0.0,361409368.0
2025-08-01 09:39:23 AM,13754.0,43,591422.0,362000790.0
2025-08-01 09:39:24 AM,13753.0,0,0.0,362000790.0
2025-08-01 09:39:24 AM,13753.0,1,13753.0,362014543.0
2025-08-01 09:39:24 AM,13746.0,1,13746.0,362028289.0
2025-08-01 09:39:24 AM,13752.0,0,0.0,362028289.0
2025-08-01 09:39:25 AM,13752.0,68,935136.0,362963425.0
2025-08-01 09:39:27 AM,13765.0,114,1569210.0,364532635.0
2025-08-01 09:39:28 AM,13762.0,2,27524.0,364560159.0
2025-08-01 09:39:29 AM,13762.0,5,68810.0,364628969.0
2025-08-01 09:39:29 AM,13752.0,3,41256.0,364670225.0
2025-08-01 09:39:30 AM,13752.0,11,151272.0,364821497.0
2025-08-01 09:39:33 AM,13754.0,0,0.0,364821497.0
2025-08-01 09:39:34 AM,13754.0,7,96278.0,364917775.0
2025-08-01 09:39:37 AM,13759.0,1,13759.0,364931534.0
2025-08-01 09:39:37 AM,13759.0,1,13759.0,364945293.0
2025-08-01 09:39:38 AM,13757.0,1,13757.0,364959050.0
2025-08-01 09:39:38 AM,13760.0,0,0.0,364959050.0
2025-08-01 09:39:38 AM,13760.0,10,137600.0,365096650.0
2025-08-01 09:39:39 AM,13756.0,2,27512.0,365124162.0
2025-08-01 09:39:41 AM,13752.0,0,0.0,365124162.0
2025-08-01 09:39:41 AM,13752.0,14,192528.0,365316690.0
2025-08-01 09:39:42 AM,13754.0,0,0.0,365316690.0
2025-08-01 09:39:42 AM,13754.0,7,96278.0,365412968.0
2025-08-01 09:39:44 AM,13754.0,2,27508.0,365440476.0
2025-08-01 09:39:46 AM,13754.0,1,13754.0,365454230.0
2025-08-01 09:39:48 AM,13754.0,1,13754.0,365467984.0
2025-08-01 09:39:49 AM,13754.0,1,13754.0,365481738.0
2025-08-01 09:39:50 AM,13754.0,1,13754.0,365495492.0
2025-08-01 09:39:51 AM,13757.0,48,660336.0,366155828.0
2025-08-01 09:39:51 AM,13759.0,0,0.0,366155828.0
2025-08-01 09:39:52 AM,13759.0,28,385252.0,366541080.0
2025-08-01 09:39:53 AM,13766.0,1,13766.0,366554846.0
2025-08-01 09:39:54 AM,13766.0,12,165192.0,366720038.0
2025-08-01 09:39:54 AM,13760.0,2,27520.0,366747558.0
2025-08-01 09:39:56 AM,13758.0,3,41274.0,366788832.0
2025-08-01 09:39:57 AM,13764.0,5,68820.0,366857652.0
2025-08-01 09:39:58 AM,13764.0,1,13764.0,366871416.0
2025-08-01 09:39:59 AM,13764.0,1,13764.0,366885180.0
2025-08-01 09:40:00 AM,13765.0,5,68825.0,366954005.0
2025-08-01 09:40:00 AM,13765.0,2,27530.0,366981535.0
2025-08-01 09:40:02 AM,13758.0,0,0.0,366981535.0
2025-08-01 09:40:02 AM,13758.0,26,357708.0,367339243.0
2025-08-01 09:40:03 AM,13754.0,18,247572.0,367586815.0
2025-08-01 09:40:03 AM,13759.0,0,0.0,367586815.0
2025-08-01 09:40:04 AM,13759.0,11,151349.0,367738164.0
2025-08-01 09:40:04 AM,13762.0,256,3523072.0,371261236.0
2025-08-01 09:40:05 AM,13770.0,0,0.0,371261236.0
2025-08-01 09:40:06 AM,13764.0,0,0.0,371261236.0
2025-08-01 09:40:06 AM,13764.0,12,165168.0,371426404.0
2025-08-01 09:40:07 AM,13757.0,15,206355.0,371632759.0
2025-08-01 09:40:09 AM,13766.0,0,0.0,371632759.0
2025-08-01 09:40:10 AM,13766.0,1,13766.0,371646525.0
2025-08-01 09:40:12 AM,13766.0,6,82596.0,371729121.0
2025-08-01 09:40:13 AM,13765.0,5,68825.0,371797946.0
2025-08-01 09:40:17 AM,13767.0,0,0.0,371797946.0
2025-08-01 09:40:18 AM,13772.0,0,0.0,371797946.0
2025-08-01 09:40:18 AM,13772.0,153,2107116.0,373905062.0
2025-08-01 09:40:18 AM,13784.0,1,13784.0,373918846.0
2025-08-01 09:40:18 AM,13785.0,0,0.0,373918846.0
2025-08-01 09:40:19 AM,13785.0,28,385980.0,374304826.0
2025-08-01 09:40:19 AM,13789.0,0,0.0,374304826.0
2025-08-01 09:40:20 AM,13775.0,69,950475.0,375255301.0
2025-08-01 09:40:21 AM,13775.0,2,27550.0,375282851.0
2025-08-01 09:40:23 AM,13775.0,1,13775.0,375296626.0
2025-08-01 09:40:23 AM,13775.0,3,41325.0,375337951.0
2025-08-01 09:40:26 AM,13776.0,20,275520.0,375613471.0
2025-08-01 09:40:27 AM,13775.0,85,1170875.0,376784346.0
2025-08-01 09:40:28 AM,13775.0,1,13775.0,376798121.0
2025-08-01 09:40:29 AM,13774.0,25,344350.0,377142471.0
2025-08-01 09:40:31 AM,13771.0,0,0.0,377142471.0
2025-08-01 09:40:31 AM,13766.0,70,963620.0,378106091.0
2025-08-01 09:40:31 AM,13771.0,0,0.0,378106091.0
2025-08-01 09:40:31 AM,13771.0,3,41313.0,378147404.0
2025-08-01 09:40:35 AM,13771.0,3,41313.0,378188717.0
2025-08-01 09:40:36 AM,13776.0,0,0.0,378188717.0
2025-08-01 09:40:36 AM,13776.0,50,688800.0,378877517.0
2025-08-01 09:40:38 AM,13776.0,2,27552.0,378905069.0
2025-08-01 09:40:38 AM,13779.0,147,2025513.0,380930582.0
2025-08-01 09:40:38 AM,13783.0,0,0.0,380930582.0
2025-08-01 09:40:39 AM,13783.0,1,13783.0,380944365.0
2025-08-01 09:40:39 AM,13780.0,2,27560.0,380971925.0
2025-08-01 09:40:42 AM,13779.0,7,96453.0,381068378.0
2025-08-01 09:40:42 AM,13787.0,0,0.0,381068378.0
2025-08-01 09:40:43 AM,13787.0,8,110296.0,381178674.0
2025-08-01 09:40:44 AM,13798.0,0,0.0,381178674.0
2025-08-01 09:40:44 AM,13799.0,60,827940.0,382006614.0
2025-08-01 09:40:45 AM,13798.0,0,0.0,382006614.0
2025-08-01 09:40:45 AM,13800.0,66,910800.0,382917414.0
2025-08-01 09:40:46 AM,13800.0,10,138000.0,383055414.0
2025-08-01 09:40:47 AM,13800.0,15,207000.0,383262414.0
2025-08-01 09:40:48 AM,13804.0,0,0.0,383262414.0
2025-08-01 09:40:48 AM,13804.0,9,124236.0,383386650.0
2025-08-01 09:40:49 AM,13805.0,0,0.0,383386650.0
2025-08-01 09:40:50 AM,13805.0,9,124245.0,383510895.0
2025-08-01 09:40:50 AM,13797.0,3,41391.0,383552286.0
2025-08-01 09:40:50 AM,13804.0,0,0.0,383552286.0
2025-08-01 09:40:51 AM,13804.0,10,138040.0,383690326.0
2025-08-01 09:40:52 AM,13797.0,0,0.0,383690326.0
2025-08-01 09:40:53 AM,13806.0,0,0.0,383690326.0
2025-08-01 09:40:53 AM,13806.0,26,358956.0,384049282.0
2025-08-01 09:40:54 AM,13805.0,2,27610.0,384076892.0
2025-08-01 09:40:55 AM,13804.0,0,0.0,384076892.0
2025-08-01 09:40:55 AM,13804.0,1,13804.0,384090696.0
2025-08-01 09:40:56 AM,13809.0,1,13809.0,384104505.0
2025-08-01 09:40:58 AM,13809.0,1,13809.0,384118314.0
2025-08-01 09:41:00 AM,13815.0,0,0.0,384118314.0
2025-08-01 09:41:01 AM,13815.0,5,69075.0,384187389.0
2025-08-01 09:41:01 AM,13809.0,0,0.0,384187389.0
2025-08-01 09:41:02 AM,13809.0,7,96663.0,384284052.0
2025-08-01 09:41:03 AM,13817.0,0,0.0,384284052.0
2025-08-01 09:41:04 AM,13817.0,1,13817.0,384297869.0
2025-08-01 09:41:04 AM,13819.0,0,0.0,384297869.0
2025-08-01 09:41:05 AM,13820.0,11,152020.0,384449889.0
2025-08-01 09:41:05 AM,13812.0,0,0.0,384449889.0
2025-08-01 09:41:06 AM,13812.0,1,13812.0,384463701.0
2025-08-01 09:41:06 AM,13819.0,0,0.0,384463701.0
2025-08-01 09:41:07 AM,13820.0,4,55280.0,384518981.0
2025-08-01 09:41:10 AM,13824.0,30,414720.0,384933701.0
2025-08-01 09:41:11 AM,13820.0,0,0.0,384933701.0
2025-08-01 09:41:12 AM,13820.0,42,580440.0,385514141.0
2025-08-01 09:41:12 AM,13817.0,0,0.0,385514141.0
2025-08-01 09:41:13 AM,13817.0,2,27634.0,385541775.0
2025-08-01 09:41:13 AM,13825.0,0,0.0,385541775.0
2025-08-01 09:41:14 AM,13825.0,6,82950.0,385624725.0
2025-08-01 09:41:15 AM,13826.0,0,0.0,385624725.0
2025-08-01 09:41:16 AM,13826.0,1,13826.0,385638551.0
2025-08-01 09:41:17 AM,13826.0,5,69130.0,385707681.0
2025-08-01 09:41:18 AM,13830.0,0,0.0,385707681.0
2025-08-01 09:41:19 AM,13830.0,1,13830.0,385721511.0
2025-08-01 09:41:20 AM,13837.0,58,802546.0,386524057.0
2025-08-01 09:41:20 AM,13836.0,4,55344.0,386579401.0
2025-08-01 09:41:22 AM,13843.0,0,0.0,386579401.0
2025-08-01 09:41:22 AM,13844.0,181,2505764.0,389085165.0
2025-08-01 09:41:23 AM,13840.0,0,0.0,389085165.0
2025-08-01 09:41:24 AM,13833.0,4,55332.0,389140497.0
2025-08-01 09:41:24 AM,13843.0,0,0.0,389140497.0
2025-08-01 09:41:25 AM,13843.0,26,359918.0,389500415.0
2025-08-01 09:41:27 AM,13837.0,0,0.0,389500415.0
2025-08-01 09:41:28 AM,13837.0,8,110696.0,389611111.0
2025-08-01 09:41:29 AM,13844.0,0,0.0,389611111.0
2025-08-01 09:41:29 AM,13849.0,30,415470.0,390026581.0
2025-08-01 09:41:30 AM,13854.0,15,207810.0,390234391.0
2025-08-01 09:41:31 AM,13844.0,0,0.0,390234391.0
2025-08-01 09:41:32 AM,13853.0,28,387884.0,390622275.0
2025-08-01 09:41:33 AM,13852.0,19,263188.0,390885463.0
2025-08-01 09:41:34 AM,13843.0,6,83058.0,390968521.0
2025-08-01 09:41:34 AM,13850.0,0,0.0,390968521.0
2025-08-01 09:41:34 AM,13850.0,10,138500.0,391107021.0
2025-08-01 09:41:35 AM,13840.0,61,844240.0,391951261.0
2025-08-01 09:41:36 AM,13839.0,7,96873.0,392048134.0
2025-08-01 09:41:38 AM,13846.0,12,166152.0,392214286.0
2025-08-01 09:41:39 AM,13846.0,5,69230.0,392283516.0
2025-08-01 09:41:40 AM,13845.0,0,0.0,392283516.0
2025-08-01 09:41:40 AM,13850.0,11,152350.0,392435866.0
2025-08-01 09:41:41 AM,13850.0,1,13850.0,392449716.0
2025-08-01 09:41:42 AM,13853.0,10,138530.0,392588246.0
2025-08-01 09:41:43 AM,13850.0,0,0.0,392588246.0
2025-08-01 09:41:43 AM,13850.0,22,304700.0,392892946.0
2025-08-01 09:41:50 AM,13853.0,1,13853.0,392906799.0
2025-08-01 09:41:50 AM,13850.0,6,83100.0,392989899.0
2025-08-01 09:41:52 AM,13850.0,5,69250.0,393059149.0
2025-08-01 09:41:54 AM,13849.0,1,13849.0,393072998.0
2025-08-01 09:41:56 AM,13850.0,1,13850.0,393086848.0
2025-08-01 09:41:57 AM,13833.0,0,0.0,393086848.0
2025-08-01 09:41:58 AM,13831.0,0,0.0,393086848.0
2025-08-01 09:41:58 AM,13831.0,24,331944.0,393418792.0
2025-08-01 09:41:58 AM,13842.0,0,0.0,393418792.0
2025-08-01 09:41:59 AM,13842.0,35,484470.0,393903262.0
2025-08-01 09:41:59 AM,13840.0,0,0.0,393903262.0
2025-08-01 09:42:00 AM,13829.0,0,0.0,393903262.0
2025-08-01 09:42:00 AM,13829.0,13,179777.0,394083039.0
2025-08-01 09:42:01 AM,13837.0,0,0.0,394083039.0
2025-08-01 09:42:02 AM,13837.0,11,152207.0,394235246.0
2025-08-01 09:42:04 AM,13831.0,0,0.0,394235246.0
2025-08-01 09:42:05 AM,13831.0,5,69155.0,394304401.0
2025-08-01 09:42:08 AM,13825.0,0,0.0,394304401.0
2025-08-01 09:42:08 AM,13830.0,7,96810.0,394401211.0
2025-08-01 09:42:09 AM,13820.0,0,0.0,394401211.0
2025-08-01 09:42:09 AM,13820.0,99,1368180.0,395769391.0
2025-08-01 09:42:09 AM,13813.0,0,0.0,395769391.0
2025-08-01 09:42:09 AM,13813.0,4,55252.0,395824643.0
2025-08-01 09:42:11 AM,13814.0,3,41442.0,395866085.0
2025-08-01 09:42:12 AM,13822.0,1,13822.0,395879907.0
2025-08-01 09:42:13 AM,13822.0,1,13822.0,395893729.0
2025-08-01 09:42:14 AM,13822.0,1,13822.0,395907551.0
2025-08-01 09:42:15 AM,13822.0,5,69110.0,395976661.0
2025-08-01 09:42:20 AM,13807.0,0,0.0,395976661.0
2025-08-01 09:42:21 AM,13807.0,208,2871856.0,398848517.0
2025-08-01 09:42:21 AM,13804.0,18,248472.0,399096989.0
2025-08-01 09:42:22 AM,13801.0,0,0.0,399096989.0
2025-08-01 09:42:23 AM,13805.0,28,386540.0,399483529.0
2025-08-01 09:42:23 AM,13801.0,0,0.0,399483529.0
2025-08-01 09:42:24 AM,13801.0,2,27602.0,399511131.0
2025-08-01 09:42:24 AM,13800.0,0,0.0,399511131.0
2025-08-01 09:42:25 AM,13800.0,8,110400.0,399621531.0
2025-08-01 09:42:26 AM,13800.0,3,41400.0,399662931.0
2025-08-01 09:42:27 AM,13800.0,1,13800.0,399676731.0
2025-08-01 09:42:27 AM,13800.0,1,13800.0,399690531.0
2025-08-01 09:42:28 AM,13793.0,10,137930.0,399828461.0
2025-08-01 09:42:31 AM,13792.0,25,344800.0,400173261.0
2025-08-01 09:42:32 AM,13797.0,0,0.0,400173261.0
2025-08-01 09:42:32 AM,13797.0,5,68985.0,400242246.0
2025-08-01 09:42:32 AM,13797.0,1,13797.0,400256043.0
2025-08-01 09:42:33 AM,13792.0,0,0.0,400256043.0
2025-08-01 09:42:33 AM,13792.0,4,55168.0,400311211.0
2025-08-01 09:42:33 AM,13791.0,0,0.0,400311211.0
2025-08-01 09:42:34 AM,13791.0,10,137910.0,400449121.0
2025-08-01 09:42:34 AM,13800.0,0,0.0,400449121.0
2025-08-01 09:42:35 AM,13801.0,0,0.0,400449121.0
2025-08-01 09:42:35 AM,13803.0,138,1904814.0,402353935.0
2025-08-01 09:42:36 AM,13818.0,1,13818.0,402367753.0
2025-08-01 09:42:36 AM,13815.0,0,0.0,402367753.0
2025-08-01 09:42:36 AM,13815.0,7,96705.0,402464458.0
2025-08-01 09:42:37 AM,13819.0,0,0.0,402464458.0
2025-08-01 09:42:38 AM,13819.0,5,69095.0,402533553.0
2025-08-01 09:42:40 AM,13810.0,0,0.0,402533553.0
2025-08-01 09:42:41 AM,13810.0,4,55240.0,402588793.0
2025-08-01 09:42:41 AM,13815.0,2,27630.0,402616423.0
2025-08-01 09:42:44 AM,13810.0,0,0.0,402616423.0
2025-08-01 09:42:44 AM,13800.0,0,0.0,402616423.0
2025-08-01 09:42:44 AM,13800.0,54,745200.0,403361623.0
2025-08-01 09:42:46 AM,13790.0,29,399910.0,403761533.0
2025-08-01 09:42:46 AM,13789.0,0,0.0,403761533.0
2025-08-01 09:42:47 AM,13789.0,1,13789.0,403775322.0
2025-08-01 09:42:47 AM,13781.0,0,0.0,403775322.0
2025-08-01 09:42:48 AM,13781.0,11,151591.0,403926913.0
2025-08-01 09:42:49 AM,13792.0,0,0.0,403926913.0
2025-08-01 09:42:50 AM,13792.0,10,137920.0,404064833.0
2025-08-01 09:42:51 AM,13793.0,3,41379.0,404106212.0
2025-08-01 09:42:51 AM,13794.0,0,0.0,404106212.0
2025-08-01 09:42:52 AM,13797.0,96,1324512.0,405430724.0
2025-08-01 09:42:53 AM,13808.0,29,400432.0,405831156.0
2025-08-01 09:42:54 AM,13804.0,25,345100.0,406176256.0
2025-08-01 09:42:58 AM,13796.0,0,0.0,406176256.0
2025-08-01 09:42:59 AM,13796.0,2,27592.0,406203848.0
2025-08-01 09:43:04 AM,13805.0,1,13805.0,406217653.0
2025-08-01 09:43:06 AM,13797.0,25,344925.0,406562578.0
2025-08-01 09:43:07 AM,13797.0,28,386316.0,406948894.0
2025-08-01 09:43:10 AM,13796.0,5,68980.0,407017874.0
2025-08-01 09:43:10 AM,13790.0,0,0.0,407017874.0
2025-08-01 09:43:11 AM,13795.0,0,0.0,407017874.0
2025-08-01 09:43:11 AM,13795.0,35,482825.0,407500699.0
2025-08-01 09:43:12 AM,13796.0,2,27592.0,407528291.0
2025-08-01 09:43:14 AM,13795.0,5,68975.0,407597266.0
2025-08-01 09:43:14 AM,13797.0,5,68985.0,407666251.0
2025-08-01 09:43:15 AM,13797.0,1,13797.0,407680048.0
2025-08-01 09:43:16 AM,13797.0,50,689850.0,408369898.0
2025-08-01 09:43:17 AM,13796.0,5,68980.0,408438878.0
2025-08-01 09:43:18 AM,13780.0,0,0.0,408438878.0
2025-08-01 09:43:18 AM,13780.0,197,2714660.0,411153538.0
2025-08-01 09:43:19 AM,13780.0,76,1047280.0,412200818.0
2025-08-01 09:43:24 AM,13784.0,0,0.0,412200818.0
2025-08-01 09:43:24 AM,13784.0,2,27568.0,412228386.0
2025-08-01 09:43:25 AM,13780.0,0,0.0,412228386.0
2025-08-01 09:43:26 AM,13781.0,0,0.0,412228386.0
2025-08-01 09:43:26 AM,13773.0,353,4861869.0,417090255.0
2025-08-01 09:43:26 AM,13778.0,0,0.0,417090255.0
2025-08-01 09:43:27 AM,13778.0,36,496008.0,417586263.0
2025-08-01 09:43:27 AM,13780.0,0,0.0,417586263.0
2025-08-01 09:43:28 AM,13780.0,41,564980.0,418151243.0
2025-08-01 09:43:29 AM,13778.0,2,27556.0,418178799.0
2025-08-01 09:43:32 AM,13774.0,0,0.0,418178799.0
2025-08-01 09:43:33 AM,13774.0,1,13774.0,418192573.0
2025-08-01 09:43:35 AM,13774.0,1,13774.0,418206347.0
2025-08-01 09:43:36 AM,13784.0,0,0.0,418206347.0
2025-08-01 09:43:37 AM,13784.0,312,4300608.0,422506955.0
2025-08-01 09:43:37 AM,13786.0,2,27572.0,422534527.0
2025-08-01 09:43:37 AM,13781.0,0,0.0,422534527.0
2025-08-01 09:43:38 AM,13779.0,31,427149.0,422961676.0
2025-08-01 09:43:40 AM,13779.0,3,41337.0,423003013.0
2025-08-01 09:43:44 AM,13778.0,1,13778.0,423016791.0
2025-08-01 09:43:45 AM,13779.0,0,0.0,423016791.0
2025-08-01 09:43:46 AM,13779.0,1,13779.0,423030570.0
2025-08-01 09:43:47 AM,13779.0,2,27558.0,423058128.0
2025-08-01 09:43:53 AM,13770.0,0,0.0,423058128.0
2025-08-01 09:43:54 AM,13770.0,49,674730.0,423732858.0
2025-08-01 09:43:56 AM,13769.0,0,0.0,423732858.0
2025-08-01 09:43:57 AM,13769.0,2,27538.0,423760396.0
2025-08-01 09:44:00 AM,13774.0,30,413220.0,424173616.0
2025-08-01 09:44:02 AM,13767.0,0,0.0,424173616.0
2025-08-01 09:44:03 AM,13767.0,51,702117.0,424875733.0
2025-08-01 09:44:03 AM,13765.0,0,0.0,424875733.0
2025-08-01 09:44:04 AM,13765.0,6,82590.0,424958323.0
2025-08-01 09:44:04 AM,13769.0,0,0.0,424958323.0
2025-08-01 09:44:05 AM,13769.0,57,784833.0,425743156.0
2025-08-01 09:44:09 AM,13769.0,25,344225.0,426087381.0
2025-08-01 09:44:11 AM,13760.0,20,275200.0,426362581.0
2025-08-01 09:44:12 AM,13760.0,31,426560.0,426789141.0
2025-08-01 09:44:16 AM,13760.0,15,206400.0,426995541.0
2025-08-01 09:44:16 AM,13755.0,1,13755.0,427009296.0
2025-08-01 09:44:17 AM,13760.0,25,344000.0,427353296.0
2025-08-01 09:44:18 AM,13750.0,0,0.0,427353296.0
2025-08-01 09:44:19 AM,13760.0,101,1389760.0,428743056.0
2025-08-01 09:44:20 AM,13759.0,6,82554.0,428825610.0
2025-08-01 09:44:20 AM,13754.0,1,13754.0,428839364.0
2025-08-01 09:44:22 AM,13760.0,2,27520.0,428866884.0
2025-08-01 09:44:23 AM,13753.0,15,206295.0,429073179.0
2025-08-01 09:44:24 AM,13760.0,20,275200.0,429348379.0
2025-08-01 09:44:25 AM,13760.0,5,68800.0,429417179.0
2025-08-01 09:44:26 AM,13760.0,1,13760.0,429430939.0
2025-08-01 09:44:28 AM,13754.0,0,0.0,429430939.0
2025-08-01 09:44:29 AM,13760.0,7,96320.0,429527259.0
2025-08-01 09:44:30 AM,13769.0,199,2740031.0,432267290.0
2025-08-01 09:44:31 AM,13769.0,6,82614.0,432349904.0
2025-08-01 09:44:31 AM,13768.0,0,0.0,432349904.0
2025-08-01 09:44:32 AM,13768.0,26,357968.0,432707872.0
2025-08-01 09:44:33 AM,13761.0,0,0.0,432707872.0
2025-08-01 09:44:34 AM,13761.0,8,110088.0,432817960.0
2025-08-01 09:44:39 AM,13754.0,12,165048.0,432983008.0
2025-08-01 09:44:42 AM,13756.0,1,13756.0,432996764.0
2025-08-01 09:44:43 AM,13756.0,4,55024.0,433051788.0
2025-08-01 09:44:45 AM,13756.0,1,13756.0,433065544.0
2025-08-01 09:44:46 AM,13756.0,2,27512.0,433093056.0
2025-08-01 09:44:47 AM,13754.0,0,0.0,433093056.0
2025-08-01 09:44:47 AM,13754.0,8,110032.0,433203088.0
2025-08-01 09:44:47 AM,13753.0,0,0.0,433203088.0
2025-08-01 09:44:48 AM,13753.0,1,13753.0,433216841.0
2025-08-01 09:44:48 AM,13750.0,0,0.0,433216841.0
2025-08-01 09:44:50 AM,13750.0,6,82500.0,433299341.0
2025-08-01 09:44:51 AM,13750.0,1,13750.0,433313091.0
2025-08-01 09:44:53 AM,13754.0,0,0.0,433313091.0
2025-08-01 09:44:54 AM,13754.0,1,13754.0,433326845.0
2025-08-01 09:44:54 AM,13750.0,0,0.0,433326845.0
2025-08-01 09:44:55 AM,13750.0,11,151250.0,433478095.0
2025-08-01 09:44:59 AM,13754.0,0,0.0,433478095.0
2025-08-01 09:45:00 AM,13754.0,60,825240.0,434303335.0
2025-08-01 09:45:00 AM,13755.0,0,0.0,434303335.0
2025-08-01 09:45:05 AM,13737.0,371,5096427.0,439399762.0
2025-08-01 09:45:07 AM,13736.0,1,13736.0,439413498.0
2025-08-01 09:45:07 AM,13742.0,0,0.0,439413498.0
2025-08-01 09:45:12 AM,13739.0,184,2527976.0,441941474.0
2025-08-01 09:45:13 AM,13727.0,0,0.0,441941474.0
2025-08-01 09:45:13 AM,13727.0,92,1262884.0,443204358.0
2025-08-01 09:45:18 AM,13717.0,0,0.0,443204358.0
2025-08-01 09:45:19 AM,13717.0,88,1207096.0,444411454.0
2025-08-01 09:45:20 AM,13728.0,11,151008.0,444562462.0
2025-08-01 09:45:22 AM,13712.0,0,0.0,444562462.0
2025-08-01 09:45:25 AM,13719.0,189,2592891.0,447155353.0
2025-08-01 09:45:26 AM,13712.0,20,274240.0,447429593.0
2025-08-01 09:45:30 AM,13717.0,0,0.0,447429593.0
2025-08-01 09:45:31 AM,13717.0,92,1261964.0,448691557.0
2025-08-01 09:45:35 AM,13716.0,0,0.0,448691557.0
2025-08-01 09:45:38 AM,13722.0,283,3883326.0,452574883.0
2025-08-01 09:45:38 AM,13720.0,0,0.0,452574883.0
2025-08-01 09:45:39 AM,13720.0,26,356720.0,452931603.0
2025-08-01 09:45:42 AM,13714.0,0,0.0,452931603.0
2025-08-01 09:45:44 AM,13722.0,178,2442516.0,455374119.0
2025-08-01 09:45:50 AM,13724.0,0,0.0,455374119.0
2025-08-01 09:45:51 AM,13724.0,94,1290056.0,456664175.0
2025-08-01 09:45:52 AM,13717.0,1,13717.0,456677892.0
2025-08-01 09:45:53 AM,13716.0,0,0.0,456677892.0
2025-08-01 09:45:56 AM,13711.0,0,0.0,456677892.0
2025-08-01 09:45:57 AM,13711.0,304,4168144.0,460846036.0
2025-08-01 09:45:58 AM,13711.0,5,68555.0,460914591.0
2025-08-01 09:46:00 AM,13711.0,53,726683.0,461641274.0
2025-08-01 09:46:01 AM,13717.0,54,740718.0,462381992.0
2025-08-01 09:46:03 AM,13711.0,2,27422.0,462409414.0
2025-08-01 09:46:04 AM,13700.0,299,4096300.0,466505714.0
2025-08-01 09:46:04 AM,13717.0,0,0.0,466505714.0
2025-08-01 09:46:05 AM,13714.0,120,1645680.0,468151394.0
2025-08-01 09:46:08 AM,13706.0,150,2055900.0,470207294.0
2025-08-01 09:46:08 AM,13715.0,5,68575.0,470275869.0
2025-08-01 09:46:08 AM,13717.0,0,0.0,470275869.0
2025-08-01 09:46:09 AM,13717.0,20,274340.0,470550209.0
2025-08-01 09:46:09 AM,13717.0,10,137170.0,470687379.0
2025-08-01 09:46:11 AM,13717.0,3,41151.0,470728530.0
2025-08-01 09:46:11 AM,13714.0,0,0.0,470728530.0
2025-08-01 09:46:12 AM,13713.0,5,68565.0,470797095.0
2025-08-01 09:46:12 AM,13716.0,0,0.0,470797095.0
2025-08-01 09:46:13 AM,13716.0,1,13716.0,470810811.0
2025-08-01 09:46:13 AM,13713.0,5,68565.0,470879376.0
2025-08-01 09:46:15 AM,13716.0,0,0.0,470879376.0
2025-08-01 09:46:15 AM,13719.0,30,411570.0,471290946.0
2025-08-01 09:46:17 AM,13722.0,3,41166.0,471332112.0
2025-08-01 09:46:17 AM,13714.0,0,0.0,471332112.0
2025-08-01 09:46:18 AM,13714.0,25,342850.0,471674962.0
2025-08-01 09:46:18 AM,13711.0,1,13711.0,471688673.0
2025-08-01 09:46:21 AM,13711.0,55,754105.0,472442778.0
2025-08-01 09:46:22 AM,13703.0,61,835883.0,473278661.0
2025-08-01 09:46:24 AM,13711.0,0,0.0,473278661.0
2025-08-01 09:46:24 AM,13711.0,1,13711.0,473292372.0
2025-08-01 09:46:24 AM,13711.0,16,219376.0,473511748.0
2025-08-01 09:46:25 AM,13711.0,3,41133.0,473552881.0
2025-08-01 09:46:25 AM,13717.0,30,411510.0,473964391.0
2025-08-01 09:46:26 AM,13717.0,10,137170.0,474101561.0
2025-08-01 09:46:27 AM,13710.0,0,0.0,474101561.0
2025-08-01 09:46:28 AM,13710.0,18,246780.0,474348341.0
2025-08-01 09:46:29 AM,13710.0,11,150810.0,474499151.0
2025-08-01 09:46:31 AM,13710.0,5,68550.0,474567701.0
2025-08-01 09:46:31 AM,13710.0,2,27420.0,474595121.0
2025-08-01 09:46:31 AM,13703.0,0,0.0,474595121.0
2025-08-01 09:46:32 AM,13703.0,44,602932.0,475198053.0
2025-08-01 09:46:32 AM,13709.0,0,0.0,475198053.0
2025-08-01 09:46:33 AM,13709.0,1,13709.0,475211762.0
2025-08-01 09:46:34 AM,13709.0,4,54836.0,475266598.0
2025-08-01 09:46:37 AM,13703.0,45,616635.0,475883233.0
2025-08-01 09:46:38 AM,13706.0,125,1713250.0,477596483.0
2025-08-01 09:46:39 AM,13700.0,0,0.0,477596483.0
2025-08-01 09:46:40 AM,13700.0,13,178100.0,477774583.0
2025-08-01 09:46:40 AM,13707.0,0,0.0,477774583.0
2025-08-01 09:46:41 AM,13707.0,25,342675.0,478117258.0
2025-08-01 09:46:41 AM,13700.0,0,0.0,478117258.0
2025-08-01 09:46:42 AM,13700.0,1,13700.0,478130958.0
2025-08-01 09:46:43 AM,13709.0,0,0.0,478130958.0
2025-08-01 09:46:44 AM,13709.0,10,137090.0,478268048.0
2025-08-01 09:46:48 AM,13701.0,8,109608.0,478377656.0
2025-08-01 09:46:49 AM,13709.0,0,0.0,478377656.0
2025-08-01 09:46:50 AM,13709.0,5,68545.0,478446201.0
2025-08-01 09:46:53 AM,13709.0,3,41127.0,478487328.0
2025-08-01 09:46:53 AM,13711.0,0,0.0,478487328.0
2025-08-01 09:46:54 AM,13711.0,369,5059359.0,483546687.0
2025-08-01 09:46:54 AM,13724.0,1,13724.0,483560411.0
2025-08-01 09:46:54 AM,13718.0,0,0.0,483560411.0
2025-08-01 09:46:55 AM,13718.0,21,288078.0,483848489.0
2025-08-01 09:46:55 AM,13718.0,63,864234.0,484712723.0
2025-08-01 09:46:55 AM,13711.0,0,0.0,484712723.0
2025-08-01 09:46:56 AM,13711.0,1,13711.0,484726434.0
2025-08-01 09:47:00 AM,13718.0,22,301796.0,485028230.0
2025-08-01 09:47:03 AM,13711.0,0,0.0,485028230.0
2025-08-01 09:47:03 AM,13711.0,40,548440.0,485576670.0
2025-08-01 09:47:04 AM,13718.0,2,27436.0,485604106.0
2025-08-01 09:47:05 AM,13716.0,1,13716.0,485617822.0
2025-08-01 09:47:05 AM,13713.0,0,0.0,485617822.0
2025-08-01 09:47:06 AM,13714.0,5,68570.0,485686392.0
2025-08-01 09:47:06 AM,13716.0,0,0.0,485686392.0
2025-08-01 09:47:07 AM,13716.0,50,685800.0,486372192.0
2025-08-01 09:47:08 AM,13715.0,0,0.0,486372192.0
2025-08-01 09:47:09 AM,13715.0,9,123435.0,486495627.0
2025-08-01 09:47:09 AM,13715.0,1,13715.0,486509342.0
2025-08-01 09:47:10 AM,13715.0,41,562315.0,487071657.0
2025-08-01 09:47:11 AM,13716.0,8,109728.0,487181385.0
2025-08-01 09:47:12 AM,13714.0,21,287994.0,487469379.0
2025-08-01 09:47:13 AM,13711.0,0,0.0,487469379.0
2025-08-01 09:47:13 AM,13711.0,1,13711.0,487483090.0
2025-08-01 09:47:14 AM,13718.0,1,13718.0,487496808.0
2025-08-01 09:47:15 AM,13719.0,2,27438.0,487524246.0
2025-08-01 09:47:15 AM,13711.0,0,0.0,487524246.0
2025-08-01 09:47:16 AM,13711.0,1,13711.0,487537957.0
2025-08-01 09:47:16 AM,13711.0,1,13711.0,487551668.0
2025-08-01 09:47:17 AM,13721.0,0,0.0,487551668.0
2025-08-01 09:47:18 AM,13721.0,1,13721.0,487565389.0
2025-08-01 09:47:24 AM,13724.0,10,137240.0,487702629.0
2025-08-01 09:47:25 AM,13719.0,1,13719.0,487716348.0
2025-08-01 09:47:27 AM,13721.0,5,68605.0,487784953.0
2025-08-01 09:47:27 AM,13717.0,0,0.0,487784953.0
2025-08-01 09:47:28 AM,13717.0,26,356642.0,488141595.0
2025-08-01 09:47:28 AM,13720.0,0,0.0,488141595.0
2025-08-01 09:47:29 AM,13720.0,1,13720.0,488155315.0
2025-08-01 09:47:29 AM,13709.0,0,0.0,488155315.0
2025-08-01 09:47:30 AM,13709.0,188,2577292.0,490732607.0
2025-08-01 09:47:30 AM,13711.0,0,0.0,490732607.0
2025-08-01 09:47:31 AM,13711.0,3,41133.0,490773740.0
2025-08-01 09:47:31 AM,13709.0,0,0.0,490773740.0
2025-08-01 09:47:32 AM,13709.0,75,1028175.0,491801915.0
2025-08-01 09:47:32 AM,13709.0,22,301598.0,492103513.0
2025-08-01 09:47:33 AM,13709.0,2,27418.0,492130931.0
2025-08-01 09:47:34 AM,13708.0,0,0.0,492130931.0
2025-08-01 09:47:34 AM,13704.0,11,150744.0,492281675.0
2025-08-01 09:47:35 AM,13708.0,0,0.0,492281675.0
2025-08-01 09:47:35 AM,13709.0,32,438688.0,492720363.0
2025-08-01 09:47:36 AM,13703.0,50,685150.0,493405513.0
2025-08-01 09:47:37 AM,13702.0,0,0.0,493405513.0
2025-08-01 09:47:38 AM,13702.0,1,13702.0,493419215.0
2025-08-01 09:47:38 AM,13709.0,1,13709.0,493432924.0
2025-08-01 09:47:39 AM,13715.0,17,233155.0,493666079.0
2025-08-01 09:47:43 AM,13706.0,0,0.0,493666079.0
2025-08-01 09:47:44 AM,13703.0,0,0.0,493666079.0
2025-08-01 09:47:44 AM,13703.0,51,698853.0,494364932.0
2025-08-01 09:47:44 AM,13704.0,0,0.0,494364932.0
2025-08-01 09:47:45 AM,13704.0,5,68520.0,494433452.0
2025-08-01 09:47:48 AM,13705.0,6,82230.0,494515682.0
2025-08-01 09:47:50 AM,13705.0,2,27410.0,494543092.0
2025-08-01 09:47:52 AM,13709.0,10,137090.0,494680182.0
2025-08-01 09:47:53 AM,13704.0,49,671496.0,495351678.0
2025-08-01 09:47:56 AM,13706.0,0,0.0,495351678.0
2025-08-01 09:47:57 AM,13706.0,1,13706.0,495365384.0
2025-08-01 09:47:58 AM,13705.0,0,0.0,495365384.0
2025-08-01 09:47:59 AM,13705.0,1,13705.0,495379089.0
2025-08-01 09:48:00 AM,13712.0,3,41136.0,495420225.0
2025-08-01 09:48:02 AM,13712.0,1,13712.0,495433937.0
2025-08-01 09:48:06 AM,13715.0,0,0.0,495433937.0
2025-08-01 09:48:06 AM,13715.0,3,41145.0,495475082.0
2025-08-01 09:48:07 AM,13708.0,0,0.0,495475082.0
2025-08-01 09:48:07 AM,13708.0,5,68540.0,495543622.0
2025-08-01 09:48:09 AM,13715.0,0,0.0,495543622.0
2025-08-01 09:48:10 AM,13715.0,1,13715.0,495557337.0
2025-08-01 09:48:11 AM,13716.0,50,685800.0,496243137.0
2025-08-01 09:48:12 AM,13712.0,0,0.0,496243137.0
2025-08-01 09:48:12 AM,13712.0,28,383936.0,496627073.0
2025-08-01 09:48:16 AM,13720.0,0,0.0,496627073.0
2025-08-01 09:48:17 AM,13720.0,51,699720.0,497326793.0
2025-08-01 09:48:18 AM,13720.0,5,68600.0,497395393.0
2025-08-01 09:48:19 AM,13720.0,5,68600.0,497463993.0
2025-08-01 09:48:22 AM,13723.0,0,0.0,497463993.0
2025-08-01 09:48:23 AM,13717.0,83,1138511.0,498602504.0
2025-08-01 09:48:25 AM,13715.0,1,13715.0,498616219.0
2025-08-01 09:48:26 AM,13717.0,1,13717.0,498629936.0
2025-08-01 09:48:29 AM,13717.0,1,13717.0,498643653.0
2025-08-01 09:48:30 AM,13720.0,0,0.0,498643653.0
2025-08-01 09:48:30 AM,13720.0,9,123480.0,498767133.0
2025-08-01 09:48:32 AM,13724.0,0,0.0,498767133.0
2025-08-01 09:48:33 AM,13724.0,18,247032.0,499014165.0
2025-08-01 09:48:34 AM,13717.0,0,0.0,499014165.0
2025-08-01 09:48:35 AM,13717.0,2,27434.0,499041599.0
2025-08-01 09:48:35 AM,13715.0,75,1028625.0,500070224.0
2025-08-01 09:48:37 AM,13717.0,0,0.0,500070224.0
2025-08-01 09:48:38 AM,13715.0,14,192010.0,500262234.0
2025-08-01 09:48:40 AM,13720.0,1,13720.0,500275954.0
2025-08-01 09:48:41 AM,13719.0,0,0.0,500275954.0
2025-08-01 09:48:41 AM,13719.0,15,205785.0,500481739.0
2025-08-01 09:48:43 AM,13725.0,0,0.0,500481739.0
2025-08-01 09:48:44 AM,13725.0,31,425475.0,500907214.0
2025-08-01 09:48:45 AM,13725.0,5,68625.0,500975839.0
2025-08-01 09:48:47 AM,13725.0,1,13725.0,500989564.0
2025-08-01 09:48:50 AM,13724.0,36,494064.0,501483628.0
2025-08-01 09:48:53 AM,13722.0,1,13722.0,501497350.0
2025-08-01 09:48:54 AM,13723.0,0,0.0,501497350.0
2025-08-01 09:48:55 AM,13723.0,10,137230.0,501634580.0
2025-08-01 09:48:56 AM,13724.0,1,13724.0,501648304.0
2025-08-01 09:48:57 AM,13724.0,5,68620.0,501716924.0
2025-08-01 09:48:58 AM,13724.0,6,82344.0,501799268.0
2025-08-01 09:48:59 AM,13716.0,0,0.0,501799268.0
2025-08-01 09:49:00 AM,13716.0,28,384048.0,502183316.0
2025-08-01 09:49:02 AM,13721.0,0,0.0,502183316.0
2025-08-01 09:49:02 AM,13722.0,0,0.0,502183316.0
2025-08-01 09:49:03 AM,13722.0,9,123498.0,502306814.0
2025-08-01 09:49:05 AM,13722.0,1,13722.0,502320536.0
2025-08-01 09:49:06 AM,13715.0,0,0.0,502320536.0
2025-08-01 09:49:09 AM,13715.0,57,781755.0,503102291.0
2025-08-01 09:49:10 AM,13710.0,0,0.0,503102291.0
2025-08-01 09:49:12 AM,13710.0,154,2111340.0,505213631.0
2025-08-01 09:49:14 AM,13715.0,0,0.0,505213631.0
2025-08-01 09:49:15 AM,13715.0,4,54860.0,505268491.0
2025-08-01 09:49:18 AM,13721.0,0,0.0,505268491.0
2025-08-01 09:49:21 AM,13719.0,0,0.0,505268491.0
2025-08-01 09:49:22 AM,13719.0,79,1083801.0,506352292.0
2025-08-01 09:49:24 AM,13713.0,0,0.0,506352292.0
2025-08-01 09:49:24 AM,13721.0,174,2387454.0,508739746.0
2025-08-01 09:49:28 AM,13721.0,15,205815.0,508945561.0
2025-08-01 09:49:33 AM,13725.0,0,0.0,508945561.0
2025-08-01 09:49:34 AM,13725.0,25,343125.0,509288686.0
2025-08-01 09:49:36 AM,13722.0,0,0.0,509288686.0
2025-08-01 09:49:37 AM,13722.0,55,754710.0,510043396.0
2025-08-01 09:49:40 AM,13727.0,16,219632.0,510263028.0
2025-08-01 09:49:42 AM,13728.0,0,0.0,510263028.0
2025-08-01 09:49:42 AM,13721.0,0,0.0,510263028.0
2025-08-01 09:49:43 AM,13721.0,25,343025.0,510606053.0
2025-08-01 09:49:45 AM,13730.0,0,0.0,510606053.0
2025-08-01 09:49:47 AM,13730.0,5,68650.0,510674703.0
2025-08-01 09:49:51 AM,13729.0,0,0.0,510674703.0
2025-08-01 09:49:53 AM,13729.0,8,109832.0,510784535.0
2025-08-01 09:49:55 AM,13726.0,0,0.0,510784535.0
2025-08-01 09:49:56 AM,13726.0,11,150986.0,510935521.0
2025-08-01 09:49:59 AM,13726.0,6,82356.0,511017877.0
2025-08-01 09:50:02 AM,13726.0,3,41178.0,511059055.0
2025-08-01 09:50:05 AM,13723.0,0,0.0,511059055.0
2025-08-01 09:50:06 AM,13723.0,242,3320966.0,514380021.0
2025-08-01 09:50:08 AM,13719.0,0,0.0,514380021.0
2025-08-01 09:50:09 AM,13719.0,6,82314.0,514462335.0
2025-08-01 09:50:12 AM,13722.0,67,919374.0,515381709.0
2025-08-01 09:50:14 AM,13714.0,0,0.0,515381709.0
2025-08-01 09:50:15 AM,13725.0,85,1166625.0,516548334.0
2025-08-01 09:50:23 AM,13719.0,0,0.0,516548334.0
2025-08-01 09:50:25 AM,13719.0,21,288099.0,516836433.0
2025-08-01 09:50:28 AM,13725.0,0,0.0,516836433.0
2025-08-01 09:50:28 AM,13725.0,19,260775.0,517097208.0
2025-08-01 09:50:29 AM,13730.0,0,0.0,517097208.0
2025-08-01 09:50:31 AM,13730.0,18,247140.0,517344348.0
2025-08-01 09:50:34 AM,13730.0,1,13730.0,517358078.0
2025-08-01 09:50:37 AM,13732.0,0,0.0,517358078.0
2025-08-01 09:50:37 AM,13739.0,39,535821.0,517893899.0
2025-08-01 09:50:43 AM,13734.0,0,0.0,517893899.0
2025-08-01 09:50:44 AM,13748.0,22,302456.0,518196355.0
2025-08-01 09:50:46 AM,13748.0,11,151228.0,518347583.0
2025-08-01 09:50:50 AM,13748.0,31,426188.0,518773771.0
2025-08-01 09:50:50 AM,13741.0,0,0.0,518773771.0
2025-08-01 09:50:52 AM,13741.0,153,2102373.0,520876144.0
2025-08-01 09:50:53 AM,13748.0,0,0.0,520876144.0
2025-08-01 09:50:56 AM,13747.0,0,0.0,520876144.0
2025-08-01 09:50:56 AM,13747.0,68,934796.0,521810940.0
2025-08-01 09:50:59 AM,13758.0,116,1595928.0,523406868.0
2025-08-01 09:50:59 AM,13755.0,0,0.0,523406868.0
2025-08-01 09:51:01 AM,13761.0,0,0.0,523406868.0
2025-08-01 09:51:03 AM,13761.0,5,68805.0,523475673.0
2025-08-01 09:51:04 AM,13764.0,0,0.0,523475673.0
2025-08-01 09:51:05 AM,13764.0,54,743256.0,524218929.0
2025-08-01 09:51:05 AM,13776.0,0,0.0,524218929.0
2025-08-01 09:51:08 AM,13769.0,0,0.0,524218929.0
2025-08-01 09:51:09 AM,13778.0,48,661344.0,524880273.0
2025-08-01 09:51:11 AM,13770.0,51,702270.0,525582543.0
2025-08-01 09:51:15 AM,13776.0,1,13776.0,525596319.0
2025-08-01 09:51:17 AM,13777.0,0,0.0,525596319.0
2025-08-01 09:51:17 AM,13777.0,40,551080.0,526147399.0
2025-08-01 09:51:20 AM,13780.0,0,0.0,526147399.0
2025-08-01 09:51:22 AM,13780.0,51,702780.0,526850179.0
2025-08-01 09:51:24 AM,13790.0,0,0.0,526850179.0
2025-08-01 09:51:24 AM,13790.0,100,1379000.0,528229179.0
2025-08-01 09:51:27 AM,13780.0,0,0.0,528229179.0
2025-08-01 09:51:28 AM,13777.0,23,316871.0,528546050.0
2025-08-01 09:51:30 AM,13780.0,0,0.0,528546050.0
2025-08-01 09:51:30 AM,13780.0,11,151580.0,528697630.0
2025-08-01 09:51:31 AM,13777.0,0,0.0,528697630.0
2025-08-01 09:51:34 AM,13770.0,280,3855600.0,532553230.0
2025-08-01 09:51:37 AM,13775.0,0,0.0,532553230.0
2025-08-01 09:51:39 AM,13777.0,0,0.0,532553230.0
2025-08-01 09:51:41 AM,13782.0,108,1488456.0,534041686.0
2025-08-01 09:51:42 AM,13770.0,0,0.0,534041686.0
2025-08-01 09:51:43 AM,13770.0,6,82620.0,534124306.0
2025-08-01 09:51:44 AM,13778.0,0,0.0,534124306.0
2025-08-01 09:51:45 AM,13770.0,0,0.0,534124306.0
2025-08-01 09:51:47 AM,13779.0,0,0.0,534124306.0
2025-08-01 09:51:47 AM,13779.0,10,137790.0,534262096.0
2025-08-01 09:51:48 AM,13770.0,0,0.0,534262096.0
2025-08-01 09:51:49 AM,13770.0,237,3263490.0,537525586.0
2025-08-01 09:51:50 AM,13769.0,0,0.0,537525586.0
2025-08-01 09:51:53 AM,13771.0,0,0.0,537525586.0
2025-08-01 09:51:53 AM,13771.0,63,867573.0,538393159.0
2025-08-01 09:51:55 AM,13762.0,52,715624.0,539108783.0
2025-08-01 09:51:57 AM,13775.0,0,0.0,539108783.0
2025-08-01 09:51:59 AM,13775.0,40,551000.0,539659783.0
2025-08-01 09:52:00 AM,13774.0,3,41322.0,539701105.0
2025-08-01 09:52:04 AM,13774.0,9,123966.0,539825071.0
2025-08-01 09:52:05 AM,13774.0,4,55096.0,539880167.0
2025-08-01 09:52:05 AM,13774.0,3,41322.0,539921489.0
2025-08-01 09:52:06 AM,13774.0,3,41322.0,539962811.0
2025-08-01 09:52:07 AM,13771.0,14,192794.0,540155605.0
2025-08-01 09:52:10 AM,13774.0,35,482090.0,540637695.0
2025-08-01 09:52:11 AM,13781.0,0,0.0,540637695.0
2025-08-01 09:52:12 AM,13781.0,1,13781.0,540651476.0
2025-08-01 09:52:14 AM,13785.0,0,0.0,540651476.0
2025-08-01 09:52:14 AM,13785.0,100,1378500.0,542029976.0
2025-08-01 09:52:14 AM,13778.0,9,124002.0,542153978.0
2025-08-01 09:52:16 AM,13787.0,0,0.0,542153978.0
2025-08-01 09:52:16 AM,13787.0,50,689350.0,542843328.0
2025-08-01 09:52:19 AM,13787.0,1,13787.0,542857115.0
2025-08-01 09:52:20 AM,13775.0,0,0.0,542857115.0
2025-08-01 09:52:21 AM,13768.0,0,0.0,542857115.0
2025-08-01 09:52:21 AM,13768.0,118,1624624.0,544481739.0
2025-08-01 09:52:21 AM,13776.0,10,137760.0,544619499.0
2025-08-01 09:52:24 AM,13773.0,0,0.0,544619499.0
2025-08-01 09:52:25 AM,13773.0,12,165276.0,544784775.0
2025-08-01 09:52:26 AM,13773.0,1,13773.0,544798548.0
2025-08-01 09:52:27 AM,13774.0,1,13774.0,544812322.0
2025-08-01 09:52:31 AM,13773.0,6,82638.0,544894960.0
2025-08-01 09:52:32 AM,13775.0,63,867825.0,545762785.0
2025-08-01 09:52:35 AM,13787.0,0,0.0,545762785.0
2025-08-01 09:52:36 AM,13787.0,20,275740.0,546038525.0
2025-08-01 09:52:37 AM,13778.0,0,0.0,546038525.0
2025-08-01 09:52:38 AM,13778.0,64,881792.0,546920317.0
2025-08-01 09:52:38 AM,13790.0,0,0.0,546920317.0
2025-08-01 09:52:39 AM,13792.0,0,0.0,546920317.0
2025-08-01 09:52:39 AM,13788.0,25,344700.0,547265017.0
2025-08-01 09:52:42 AM,13784.0,1,13784.0,547278801.0
2025-08-01 09:52:45 AM,13782.0,0,0.0,547278801.0
2025-08-01 09:52:45 AM,13782.0,100,1378200.0,548657001.0
2025-08-01 09:52:45 AM,13788.0,15,206820.0,548863821.0
2025-08-01 09:52:47 AM,13784.0,0,0.0,548863821.0
2025-08-01 09:52:48 AM,13784.0,32,441088.0,549304909.0
2025-08-01 09:52:48 AM,13788.0,0,0.0,549304909.0
2025-08-01 09:52:49 AM,13788.0,10,137880.0,549442789.0
2025-08-01 09:52:49 AM,13781.0,0,0.0,549442789.0
2025-08-01 09:52:50 AM,13781.0,87,1198947.0,550641736.0
2025-08-01 09:52:51 AM,13781.0,1,13781.0,550655517.0
2025-08-01 09:52:53 AM,13787.0,0,0.0,550655517.0
2025-08-01 09:52:53 AM,13787.0,1,13787.0,550669304.0
2025-08-01 09:52:55 AM,13787.0,1,13787.0,550683091.0
2025-08-01 09:52:58 AM,13771.0,110,1514810.0,552197901.0
2025-08-01 09:52:59 AM,13784.0,22,303248.0,552501149.0
2025-08-01 09:53:01 AM,13784.0,1,13784.0,552514933.0
2025-08-01 09:53:02 AM,13787.0,6,82722.0,552597655.0
2025-08-01 09:53:03 AM,13779.0,1,13779.0,552611434.0
2025-08-01 09:53:05 AM,13786.0,1,13786.0,552625220.0
2025-08-01 09:53:06 AM,13786.0,1,13786.0,552639006.0
2025-08-01 09:53:07 AM,13779.0,30,413370.0,553052376.0
2025-08-01 09:53:08 AM,13777.0,39,537303.0,553589679.0
2025-08-01 09:53:10 AM,13771.0,0,0.0,553589679.0
2025-08-01 09:53:10 AM,13771.0,6,82626.0,553672305.0
2025-08-01 09:53:11 AM,13771.0,105,1445955.0,555118260.0
2025-08-01 09:53:13 AM,13765.0,5,68825.0,555187085.0
2025-08-01 09:53:16 AM,13760.0,0,0.0,555187085.0
2025-08-01 09:53:17 AM,13760.0,128,1761280.0,556948365.0
2025-08-01 09:53:17 AM,13763.0,0,0.0,556948365.0
2025-08-01 09:53:18 AM,13763.0,2,27526.0,556975891.0
2025-08-01 09:53:24 AM,13763.0,18,247734.0,557223625.0
2025-08-01 09:53:26 AM,13763.0,1,13763.0,557237388.0
2025-08-01 09:53:27 AM,13763.0,13,178919.0,557416307.0
2025-08-01 09:53:28 AM,13760.0,6,82560.0,557498867.0
2025-08-01 09:53:29 AM,13763.0,0,0.0,557498867.0
2025-08-01 09:53:29 AM,13763.0,1,13763.0,557512630.0
2025-08-01 09:53:31 AM,13763.0,1,13763.0,557526393.0
2025-08-01 09:53:35 AM,13760.0,7,96320.0,557622713.0
2025-08-01 09:53:35 AM,13766.0,0,0.0,557622713.0
2025-08-01 09:53:36 AM,13766.0,100,1376600.0,558999313.0
2025-08-01 09:53:37 AM,13760.0,0,0.0,558999313.0
2025-08-01 09:53:38 AM,13760.0,202,2779520.0,561778833.0
2025-08-01 09:53:38 AM,13757.0,0,0.0,561778833.0
2025-08-01 09:53:39 AM,13757.0,1,13757.0,561792590.0
2025-08-01 09:53:40 AM,13757.0,1,13757.0,561806347.0
2025-08-01 09:53:41 AM,13754.0,29,398866.0,562205213.0
2025-08-01 09:53:41 AM,13756.0,0,0.0,562205213.0
2025-08-01 09:53:41 AM,13756.0,20,275120.0,562480333.0
2025-08-01 09:53:43 AM,13751.0,0,0.0,562480333.0
2025-08-01 09:53:44 AM,13751.0,1,13751.0,562494084.0
2025-08-01 09:53:44 AM,13750.0,5,68750.0,562562834.0
2025-08-01 09:53:48 AM,13750.0,88,1210000.0,563772834.0
2025-08-01 09:53:50 AM,13751.0,2,27502.0,563800336.0
2025-08-01 09:53:51 AM,13744.0,0,0.0,563800336.0
2025-08-01 09:53:51 AM,13744.0,202,2776288.0,566576624.0
2025-08-01 09:53:51 AM,13756.0,0,0.0,566576624.0
2025-08-01 09:53:52 AM,13755.0,65,894075.0,567470699.0
2025-08-01 09:53:53 AM,13755.0,1,13755.0,567484454.0
2025-08-01 09:53:54 AM,13755.0,1,13755.0,567498209.0
2025-08-01 09:53:55 AM,13752.0,3,41256.0,567539465.0
2025-08-01 09:53:59 AM,13755.0,0,0.0,567539465.0
2025-08-01 09:53:59 AM,13755.0,20,275100.0,567814565.0
2025-08-01 09:54:00 AM,13760.0,10,137600.0,567952165.0
2025-08-01 09:54:01 AM,13760.0,5,68800.0,568020965.0
2025-08-01 09:54:04 AM,13773.0,9,123957.0,568144922.0
2025-08-01 09:54:05 AM,13766.0,1,13766.0,568158688.0
2025-08-01 09:54:08 AM,13775.0,1,13775.0,568172463.0
2025-08-01 09:54:09 AM,13775.0,3,41325.0,568213788.0
2025-08-01 09:54:10 AM,13766.0,2,27532.0,568241320.0
2025-08-01 09:54:11 AM,13775.0,6,82650.0,568323970.0
2025-08-01 09:54:18 AM,13775.0,1,13775.0,568337745.0
2025-08-01 09:54:20 AM,13773.0,0,0.0,568337745.0
2025-08-01 09:54:21 AM,13773.0,1,13773.0,568351518.0
2025-08-01 09:54:21 AM,13774.0,0,0.0,568351518.0
2025-08-01 09:54:22 AM,13774.0,2,27548.0,568379066.0
2025-08-01 09:54:28 AM,13770.0,1,13770.0,568392836.0
2025-08-01 09:54:31 AM,13770.0,1,13770.0,568406606.0
2025-08-01 09:54:34 AM,13768.0,0,0.0,568406606.0
2025-08-01 09:54:35 AM,13768.0,5,68840.0,568475446.0
2025-08-01 09:54:35 AM,13770.0,0,0.0,568475446.0
2025-08-01 09:54:36 AM,13770.0,1,13770.0,568489216.0
2025-08-01 09:54:38 AM,13774.0,1,13774.0,568502990.0
2025-08-01 09:54:39 AM,13770.0,0,0.0,568502990.0
2025-08-01 09:54:40 AM,13770.0,1,13770.0,568516760.0
2025-08-01 09:54:40 AM,13774.0,0,0.0,568516760.0
2025-08-01 09:54:41 AM,13774.0,1,13774.0,568530534.0
2025-08-01 09:54:48 AM,13770.0,1,13770.0,568544304.0
2025-08-01 09:54:51 AM,13774.0,2,27548.0,568571852.0
2025-08-01 09:54:52 AM,13774.0,1,13774.0,568585626.0
2025-08-01 09:54:55 AM,13774.0,2,27548.0,568613174.0
2025-08-01 09:54:56 AM,13776.0,17,234192.0,568847366.0
2025-08-01 09:55:00 AM,13777.0,0,0.0,568847366.0
2025-08-01 09:55:00 AM,13777.0,10,137770.0,568985136.0
2025-08-01 09:55:02 AM,13777.0,4,55108.0,569040244.0
2025-08-01 09:55:03 AM,13772.0,4,55088.0,569095332.0
2025-08-01 09:55:06 AM,13780.0,0,0.0,569095332.0
2025-08-01 09:55:08 AM,13776.0,356,4904256.0,573999588.0
2025-08-01 09:55:14 AM,13780.0,2,27560.0,574027148.0
2025-08-01 09:55:15 AM,13776.0,38,523488.0,574550636.0
2025-08-01 09:55:18 AM,13770.0,0,0.0,574550636.0
2025-08-01 09:55:20 AM,13766.0,123,1693218.0,576243854.0
2025-08-01 09:55:25 AM,13767.0,0,0.0,576243854.0
2025-08-01 09:55:26 AM,13752.0,158,2172816.0,578416670.0
2025-08-01 09:55:28 AM,13755.0,36,495180.0,578911850.0
2025-08-01 09:55:29 AM,13754.0,0,0.0,578911850.0
2025-08-01 09:55:30 AM,13750.0,0,0.0,578911850.0
2025-08-01 09:55:32 AM,13752.0,95,1306440.0,580218290.0
2025-08-01 09:55:34 AM,13742.0,0,0.0,580218290.0
2025-08-01 09:55:34 AM,13742.0,1,13742.0,580232032.0
2025-08-01 09:55:37 AM,13751.0,0,0.0,580232032.0
2025-08-01 09:55:38 AM,13742.0,0,0.0,580232032.0
2025-08-01 09:55:38 AM,13742.0,21,288582.0,580520614.0
2025-08-01 09:55:41 AM,13748.0,0,0.0,580520614.0
2025-08-01 09:55:44 AM,13748.0,57,783636.0,581304250.0
2025-08-01 09:55:45 AM,13733.0,117,1606761.0,582911011.0
2025-08-01 09:55:48 AM,13738.0,0,0.0,582911011.0
2025-08-01 09:55:51 AM,13747.0,0,0.0,582911011.0
2025-08-01 09:55:51 AM,13747.0,88,1209736.0,584120747.0
2025-08-01 09:55:57 AM,13747.0,1,13747.0,584134494.0
2025-08-01 09:56:00 AM,13755.0,3,41265.0,584175759.0
2025-08-01 09:56:11 AM,13755.0,1,13755.0,584189514.0
2025-08-01 09:56:17 AM,13744.0,0,0.0,584189514.0
2025-08-01 09:56:17 AM,13744.0,75,1030800.0,585220314.0
2025-08-01 09:56:20 AM,13751.0,1,13751.0,585234065.0
2025-08-01 09:56:23 AM,13744.0,13,178672.0,585412737.0
2025-08-01 09:56:24 AM,13750.0,0,0.0,585412737.0
2025-08-01 09:56:24 AM,13744.0,2,27488.0,585440225.0
2025-08-01 09:56:25 AM,13744.0,31,426064.0,585866289.0
2025-08-01 09:56:26 AM,13737.0,19,261003.0,586127292.0
2025-08-01 09:56:28 AM,13738.0,0,0.0,586127292.0
2025-08-01 09:56:28 AM,13737.0,5,68685.0,586195977.0
2025-08-01 09:56:39 AM,13734.0,0,0.0,586195977.0
2025-08-01 09:56:39 AM,13734.0,95,1304730.0,587500707.0
2025-08-01 09:56:40 AM,13733.0,0,0.0,587500707.0
2025-08-01 09:56:40 AM,13734.0,0,0.0,587500707.0
2025-08-01 09:56:40 AM,13734.0,60,824040.0,588324747.0
2025-08-01 09:56:41 AM,13734.0,1,13734.0,588338481.0
2025-08-01 09:56:43 AM,13734.0,1,13734.0,588352215.0
2025-08-01 09:56:44 AM,13744.0,0,0.0,588352215.0
2025-08-01 09:56:44 AM,13744.0,250,3436000.0,591788215.0
2025-08-01 09:56:51 AM,13734.0,0,0.0,591788215.0
2025-08-01 09:56:51 AM,13734.0,75,1030050.0,592818265.0
2025-08-01 09:56:53 AM,13744.0,4,54976.0,592873241.0
2025-08-01 09:56:59 AM,13756.0,0,0.0,592873241.0
2025-08-01 09:56:59 AM,13756.0,330,4539480.0,597412721.0
2025-08-01 09:56:59 AM,13756.0,2,27512.0,597440233.0
2025-08-01 09:57:00 AM,13748.0,3,41244.0,597481477.0
2025-08-01 09:57:01 AM,13760.0,57,784320.0,598265797.0
2025-08-01 09:57:03 AM,13747.0,15,206205.0,598472002.0
2025-08-01 09:57:09 AM,13752.0,0,0.0,598472002.0
2025-08-01 09:57:09 AM,13752.0,5,68760.0,598540762.0
2025-08-01 09:57:15 AM,13757.0,3,41271.0,598582033.0
2025-08-01 09:57:16 AM,13757.0,10,137570.0,598719603.0
2025-08-01 09:57:17 AM,13758.0,215,2957970.0,601677573.0
2025-08-01 09:57:19 AM,13765.0,39,536835.0,602214408.0
2025-08-01 09:57:22 AM,13760.0,0,0.0,602214408.0
2025-08-01 09:57:22 AM,13760.0,5,68800.0,602283208.0
2025-08-01 09:57:26 AM,13769.0,0,0.0,602283208.0
2025-08-01 09:57:26 AM,13769.0,21,289149.0,602572357.0
2025-08-01 09:57:30 AM,13771.0,1,13771.0,602586128.0
2025-08-01 09:57:31 AM,13762.0,16,220192.0,602806320.0
2025-08-01 09:57:32 AM,13762.0,1,13762.0,602820082.0
2025-08-01 09:57:34 AM,13762.0,1,13762.0,602833844.0
2025-08-01 09:57:36 AM,13759.0,0,0.0,602833844.0
2025-08-01 09:57:36 AM,13759.0,89,1224551.0,604058395.0
2025-08-01 09:57:37 AM,13759.0,31,426529.0,604484924.0
2025-08-01 09:57:44 AM,13753.0,0,0.0,604484924.0
2025-08-01 09:57:44 AM,13753.0,1,13753.0,604498677.0
2025-08-01 09:57:45 AM,13753.0,25,343825.0,604842502.0
2025-08-01 09:57:47 AM,13753.0,10,137530.0,604980032.0
2025-08-01 09:57:48 AM,13751.0,0,0.0,604980032.0
2025-08-01 09:57:48 AM,13751.0,50,687550.0,605667582.0
2025-08-01 09:57:55 AM,13750.0,0,0.0,605667582.0
2025-08-01 09:57:55 AM,13750.0,52,715000.0,606382582.0
2025-08-01 09:57:59 AM,13745.0,0,0.0,606382582.0
2025-08-01 09:57:59 AM,13737.0,4,54948.0,606437530.0
2025-08-01 09:58:00 AM,13743.0,0,0.0,606437530.0
2025-08-01 09:58:00 AM,13743.0,5,68715.0,606506245.0
2025-08-01 09:58:00 AM,13743.0,1,13743.0,606519988.0
2025-08-01 09:58:01 AM,13743.0,5,68715.0,606588703.0
2025-08-01 09:58:03 AM,13743.0,5,68715.0,606657418.0
2025-08-01 09:58:20 AM,13735.0,75,1030125.0,607687543.0
2025-08-01 09:58:22 AM,13742.0,0,0.0,607687543.0
2025-08-01 09:58:22 AM,13742.0,40,549680.0,608237223.0
2025-08-01 09:58:25 AM,13743.0,0,0.0,608237223.0
2025-08-01 09:58:25 AM,13743.0,1,13743.0,608250966.0
2025-08-01 09:58:27 AM,13735.0,0,0.0,608250966.0
2025-08-01 09:58:27 AM,13735.0,75,1030125.0,609281091.0
2025-08-01 09:58:30 AM,13744.0,15,206160.0,609487251.0
2025-08-01 09:58:33 AM,13738.0,0,0.0,609487251.0
2025-08-01 09:58:33 AM,13738.0,1,13738.0,609500989.0
2025-08-01 09:58:35 AM,13744.0,0,0.0,609500989.0
2025-08-01 09:58:35 AM,13744.0,10,137440.0,609638429.0
2025-08-01 09:58:39 AM,13743.0,90,1236870.0,610875299.0
2025-08-01 09:58:46 AM,13735.0,0,0.0,610875299.0
