date,price,qty,trnvr,cum_trnvr
2025-08-01 09:15:04 AM,393.2,5718,2248317.6,2248317.6
2025-08-01 09:15:06 AM,392.45,99,38852.549999999996,2287170.15
2025-08-01 09:15:13 AM,393.4,0,0.0,2287170.15
2025-08-01 09:15:16 AM,393.4,667,262397.8,2549567.9499999997
2025-08-01 09:15:18 AM,393.4,65,25571.0,2575138.9499999997
2025-08-01 09:15:22 AM,394.2,0,0.0,2575138.9499999997
2025-08-01 09:15:23 AM,394.45,0,0.0,2575138.9499999997
2025-08-01 09:15:26 AM,395.0,900,355500.0,2930638.9499999997
2025-08-01 09:15:27 AM,394.25,5962,2350518.5,5281157.449999999
2025-08-01 09:15:29 AM,395.5,0,0.0,5281157.449999999
2025-08-01 09:15:33 AM,394.75,0,0.0,5281157.449999999
2025-08-01 09:15:34 AM,395.0,731,288745.0,5569902.449999999
2025-08-01 09:15:36 AM,395.35,2155,851979.25,6421881.699999999
2025-08-01 09:15:37 AM,394.35,0,0.0,6421881.699999999
2025-08-01 09:15:42 AM,394.9,0,0.0,6421881.699999999
2025-08-01 09:15:43 AM,394.9,2095,827315.5,7249197.199999999
2025-08-01 09:15:44 AM,394.85,22,8686.7,7257883.899999999
2025-08-01 09:15:46 AM,394.75,0,0.0,7257883.899999999
2025-08-01 09:15:49 AM,394.85,0,0.0,7257883.899999999
2025-08-01 09:15:51 AM,394.85,1228,484875.80000000005,7742759.699999999
2025-08-01 09:15:55 AM,394.45,0,0.0,7742759.699999999
2025-08-01 09:15:57 AM,394.05,0,0.0,7742759.699999999
2025-08-01 09:15:59 AM,394.05,1442,568220.1,8310979.799999999
2025-08-01 09:16:01 AM,394.1,220,86702.0,8397681.799999999
2025-08-01 09:16:04 AM,393.4,0,0.0,8397681.799999999
2025-08-01 09:16:07 AM,392.7,6418,2520348.6,10918030.399999999
2025-08-01 09:16:07 AM,393.1,0,0.0,10918030.399999999
2025-08-01 09:16:09 AM,393.1,357,140336.7,11058367.099999998
2025-08-01 09:16:11 AM,392.0,0,0.0,11058367.099999998
2025-08-01 09:16:15 AM,392.2,2444,958536.7999999999,12016903.899999999
2025-08-01 09:16:17 AM,391.45,161,63023.45,12079927.349999998
2025-08-01 09:16:18 AM,391.65,0,0.0,12079927.349999998
2025-08-01 09:16:21 AM,391.55,0,0.0,12079927.349999998
2025-08-01 09:16:24 AM,391.65,1230,481729.5,12561656.849999998
2025-08-01 09:16:25 AM,391.1,539,210802.90000000002,12772459.749999998
2025-08-01 09:16:29 AM,390.8,0,0.0,12772459.749999998
2025-08-01 09:16:32 AM,390.8,554,216503.2,12988962.949999997
2025-08-01 09:16:38 AM,390.3,0,0.0,12988962.949999997
2025-08-01 09:16:40 AM,390.6,113,44137.8,13033100.749999998
2025-08-01 09:16:42 AM,390.5,629,245624.5,13278725.249999998
2025-08-01 09:16:48 AM,390.2,2527,986035.4,14264760.649999999
2025-08-01 09:16:57 AM,390.0,986,384540.0,14649300.649999999
2025-08-01 09:16:58 AM,389.9,150,58485.0,14707785.649999999
2025-08-01 09:16:58 AM,389.95,0,0.0,14707785.649999999
2025-08-01 09:17:05 AM,389.9,168,65503.2,14773288.849999998
2025-08-01 09:17:06 AM,389.55,77,29995.350000000002,14803284.199999997
2025-08-01 09:17:07 AM,389.9,0,0.0,14803284.199999997
2025-08-01 09:17:13 AM,390.2,1541,601298.2,15404582.399999997
2025-08-01 09:17:14 AM,390.35,64,24982.4,15429564.799999997
2025-08-01 09:17:21 AM,390.7,165,64465.5,15494030.299999997
2025-08-01 09:17:22 AM,390.7,111,43367.7,15537397.999999996
2025-08-01 09:17:24 AM,391.35,0,0.0,15537397.999999996
2025-08-01 09:17:26 AM,390.8,0,0.0,15537397.999999996
2025-08-01 09:17:29 AM,390.9,1316,514424.39999999997,16051822.399999997
2025-08-01 09:17:32 AM,390.55,0,0.0,16051822.399999997
2025-08-01 09:17:38 AM,390.7,377,147293.9,16199116.299999997
2025-08-01 09:17:41 AM,390.0,0,0.0,16199116.299999997
2025-08-01 09:17:43 AM,390.3,0,0.0,16199116.299999997
2025-08-01 09:17:46 AM,389.95,1328,517853.6,16716969.899999997
2025-08-01 09:17:50 AM,389.85,0,0.0,16716969.899999997
2025-08-01 09:17:54 AM,389.85,5,1949.25,16718919.149999997
2025-08-01 09:17:55 AM,389.35,310,120698.5,16839617.65
2025-08-01 09:17:58 AM,389.3,0,0.0,16839617.65
2025-08-01 09:18:01 AM,389.6,0,0.0,16839617.65
2025-08-01 09:18:03 AM,389.6,564,219734.40000000002,17059352.049999997
2025-08-01 09:18:06 AM,390.0,0,0.0,17059352.049999997
2025-08-01 09:18:11 AM,390.0,2248,876720.0,17936072.049999997
2025-08-01 09:18:14 AM,390.75,0,0.0,17936072.049999997
2025-08-01 09:18:16 AM,390.65,0,0.0,17936072.049999997
2025-08-01 09:18:19 AM,390.75,867,338780.25,18274852.299999997
2025-08-01 09:18:23 AM,390.7,0,0.0,18274852.299999997
2025-08-01 09:18:28 AM,390.7,36,14065.199999999999,18288917.499999996
2025-08-01 09:18:29 AM,390.7,25,9767.5,18298684.999999996
2025-08-01 09:18:30 AM,391.0,0,0.0,18298684.999999996
2025-08-01 09:18:32 AM,390.75,0,0.0,18298684.999999996
2025-08-01 09:18:36 AM,390.5,2202,859881.0,19158565.999999996
2025-08-01 09:18:37 AM,390.45,1,390.45,19158956.449999996
2025-08-01 09:18:40 AM,390.95,0,0.0,19158956.449999996
2025-08-01 09:18:44 AM,390.95,300,117285.0,19276241.449999996
2025-08-01 09:18:46 AM,390.75,0,0.0,19276241.449999996
2025-08-01 09:18:52 AM,391.75,793,310657.75,19586899.199999996
2025-08-01 09:18:53 AM,391.4,26,10176.4,19597075.599999994
2025-08-01 09:18:54 AM,391.25,0,0.0,19597075.599999994
2025-08-01 09:18:56 AM,391.65,0,0.0,19597075.599999994
2025-08-01 09:19:00 AM,390.9,721,281838.89999999997,19878914.499999993
2025-08-01 09:19:01 AM,390.55,194,75766.7,19954681.19999999
2025-08-01 09:19:02 AM,390.9,0,0.0,19954681.19999999
2025-08-01 09:19:05 AM,391.05,0,0.0,19954681.19999999
2025-08-01 09:19:08 AM,391.1,1828,714930.8,20669611.999999993
2025-08-01 09:19:09 AM,391.65,100,39165.0,20708776.999999993
2025-08-01 09:19:12 AM,391.6,0,0.0,20708776.999999993
2025-08-01 09:19:16 AM,391.85,430,168495.5,20877272.499999993
2025-08-01 09:19:18 AM,392.1,615,241141.5,21118413.999999993
2025-08-01 09:19:20 AM,391.65,0,0.0,21118413.999999993
2025-08-01 09:19:24 AM,392.1,2087,818312.7000000001,21936726.69999999
2025-08-01 09:19:25 AM,391.8,0,0.0,21936726.69999999
2025-08-01 09:19:26 AM,392.1,260,101946.0,22038672.69999999
2025-08-01 09:19:27 AM,391.65,0,0.0,22038672.69999999
2025-08-01 09:19:32 AM,390.95,0,0.0,22038672.69999999
2025-08-01 09:19:32 AM,390.95,1068,417534.6,22456207.299999993
2025-08-01 09:19:34 AM,391.05,1204,470824.2,22927031.499999993
2025-08-01 09:19:35 AM,390.75,0,0.0,22927031.499999993
2025-08-01 09:19:40 AM,390.8,0,0.0,22927031.499999993
2025-08-01 09:19:41 AM,390.8,1023,399788.4,23326819.89999999
2025-08-01 09:19:42 AM,391.05,420,164241.0,23491060.89999999
2025-08-01 09:19:43 AM,391.35,0,0.0,23491060.89999999
2025-08-01 09:19:48 AM,391.5,0,0.0,23491060.89999999
2025-08-01 09:19:49 AM,391.5,962,376623.0,23867683.89999999
2025-08-01 09:19:56 AM,391.45,0,0.0,23867683.89999999
2025-08-01 09:19:57 AM,391.45,171,66937.95,23934621.84999999
2025-08-01 09:20:04 AM,391.45,599,234478.55,24169100.39999999
2025-08-01 09:20:06 AM,391.3,130,50869.0,24219969.39999999
2025-08-01 09:20:11 AM,391.4,0,0.0,24219969.39999999
2025-08-01 09:20:12 AM,391.45,0,0.0,24219969.39999999
2025-08-01 09:20:13 AM,391.45,313,122523.84999999999,24342493.249999993
2025-08-01 09:20:18 AM,391.05,0,0.0,24342493.249999993
2025-08-01 09:20:20 AM,391.4,0,0.0,24342493.249999993
2025-08-01 09:20:20 AM,391.4,1707,668119.7999999999,25010613.049999993
2025-08-01 09:20:28 AM,391.35,13,5087.55,25015700.599999994
2025-08-01 09:20:36 AM,391.4,382,149514.8,25165215.399999995
2025-08-01 09:20:36 AM,391.55,0,0.0,25165215.399999995
2025-08-01 09:20:38 AM,391.55,60,23493.0,25188708.399999995
2025-08-01 09:20:38 AM,392.0,0,0.0,25188708.399999995
2025-08-01 09:20:42 AM,392.35,0,0.0,25188708.399999995
2025-08-01 09:20:44 AM,392.25,1166,457363.5,25646071.899999995
2025-08-01 09:20:45 AM,392.25,29,11375.25,25657447.149999995
2025-08-01 09:20:52 AM,392.6,23,9029.800000000001,25666476.949999996
2025-08-01 09:20:53 AM,392.6,899,352947.4,26019424.349999994
2025-08-01 09:20:57 AM,391.85,0,0.0,26019424.349999994
2025-08-01 09:20:59 AM,391.9,0,0.0,26019424.349999994
2025-08-01 09:20:59 AM,391.9,1229,481645.1,26501069.449999996
2025-08-01 09:21:01 AM,392.15,15,5882.25,26506951.699999996
2025-08-01 09:21:03 AM,391.85,0,0.0,26506951.699999996
2025-08-01 09:21:07 AM,391.85,72,28213.2,26535164.899999995
2025-08-01 09:21:08 AM,391.85,82,32131.7,26567296.599999994
2025-08-01 09:21:11 AM,392.15,0,0.0,26567296.599999994
2025-08-01 09:21:13 AM,391.8,0,0.0,26567296.599999994
2025-08-01 09:21:15 AM,391.8,1711,670369.8,27237666.399999995
2025-08-01 09:21:17 AM,391.85,0,0.0,27237666.399999995
2025-08-01 09:21:19 AM,391.6,0,0.0,27237666.399999995
2025-08-01 09:21:23 AM,391.65,815,319194.75,27556861.149999995
2025-08-01 09:21:24 AM,391.5,115,45022.5,27601883.649999995
2025-08-01 09:21:25 AM,391.75,0,0.0,27601883.649999995
2025-08-01 09:21:31 AM,391.85,26,10188.1,27612071.749999996
2025-08-01 09:21:37 AM,391.8,0,0.0,27612071.749999996
2025-08-01 09:21:39 AM,391.8,372,145749.6,27757821.349999998
2025-08-01 09:21:43 AM,391.45,0,0.0,27757821.349999998
2025-08-01 09:21:46 AM,391.65,328,128461.2,27886282.549999997
2025-08-01 09:21:52 AM,391.7,0,0.0,27886282.549999997
2025-08-01 09:21:54 AM,391.7,25,9792.5,27896075.049999997
2025-08-01 09:22:00 AM,391.8,0,0.0,27896075.049999997
2025-08-01 09:22:01 AM,391.8,301,117931.8,28014006.849999998
2025-08-01 09:22:02 AM,391.65,7,2741.5499999999997,28016748.4
2025-08-01 09:22:04 AM,391.55,0,0.0,28016748.4
2025-08-01 09:22:07 AM,391.75,0,0.0,28016748.4
2025-08-01 09:22:09 AM,391.75,50,19587.5,28036335.9
2025-08-01 09:22:10 AM,391.4,32,12524.8,28048860.7
2025-08-01 09:22:18 AM,391.45,10,3914.5,28052775.2
2025-08-01 09:22:21 AM,391.5,0,0.0,28052775.2
2025-08-01 09:22:24 AM,391.5,27,10570.5,28063345.7
2025-08-01 09:22:25 AM,390.95,0,0.0,28063345.7
2025-08-01 09:22:26 AM,390.95,1500,586425.0,28649770.7
2025-08-01 09:22:28 AM,391.4,0,0.0,28649770.7
2025-08-01 09:22:32 AM,390.8,968,378294.4,29028065.099999998
2025-08-01 09:22:33 AM,391.15,5,1955.75,29030020.849999998
2025-08-01 09:22:39 AM,390.8,6,2344.8,29032365.65
2025-08-01 09:22:40 AM,391.15,0,0.0,29032365.65
2025-08-01 09:22:41 AM,391.15,1436,561691.4,29594057.049999997
2025-08-01 09:23:04 AM,391.15,148,57890.2,29651947.249999996
2025-08-01 09:23:06 AM,390.95,0,0.0,29651947.249999996
2025-08-01 09:23:08 AM,391.0,0,0.0,29651947.249999996
2025-08-01 09:23:10 AM,390.75,301,117615.75,29769562.999999996
2025-08-01 09:23:12 AM,390.85,50,19542.5,29789105.499999996
2025-08-01 09:23:14 AM,389.7,0,0.0,29789105.499999996
2025-08-01 09:23:18 AM,389.4,2358,918205.2,30707310.699999996
2025-08-01 09:23:25 AM,389.65,205,79878.25,30787188.949999996
2025-08-01 09:23:26 AM,389.2,0,0.0,30787188.949999996
2025-08-01 09:23:27 AM,389.2,128,49817.6,30837006.549999997
2025-08-01 09:23:33 AM,389.4,148,57631.2,30894637.749999996
2025-08-01 09:23:39 AM,389.1,0,0.0,30894637.749999996
2025-08-01 09:23:40 AM,389.1,152,59143.200000000004,30953780.949999996
2025-08-01 09:23:40 AM,389.0,0,0.0,30953780.949999996
2025-08-01 09:23:42 AM,389.0,100,38900.0,30992680.949999996
2025-08-01 09:23:48 AM,389.0,801,311589.0,31304269.949999996
2025-08-01 09:23:50 AM,388.85,10,3888.5,31308158.449999996
2025-08-01 09:23:52 AM,388.95,0,0.0,31308158.449999996
2025-08-01 09:23:56 AM,389.05,777,302291.85000000003,31610450.299999997
2025-08-01 09:24:03 AM,388.85,11,4277.35,31614727.65
2025-08-01 09:24:11 AM,388.8,74,28771.2,31643498.849999998
2025-08-01 09:24:13 AM,388.8,431,167572.80000000002,31811071.65
2025-08-01 09:24:13 AM,388.3,0,0.0,31811071.65
2025-08-01 09:24:19 AM,388.6,1019,395983.4,32207055.049999997
2025-08-01 09:24:25 AM,388.55,0,0.0,32207055.049999997
2025-08-01 09:24:26 AM,388.5,118,45843.0,32252898.049999997
2025-08-01 09:24:28 AM,388.2,51,19798.2,32272696.249999996
2025-08-01 09:24:31 AM,388.4,0,0.0,32272696.249999996
2025-08-01 09:24:34 AM,388.4,13,5049.2,32277745.449999996
2025-08-01 09:24:36 AM,388.4,1,388.4,32278133.849999994
2025-08-01 09:24:41 AM,388.4,731,283920.39999999997,32562054.249999993
2025-08-01 09:24:43 AM,388.4,518,201191.19999999998,32763245.44999999
2025-08-01 09:24:49 AM,388.4,285,110694.0,32873939.44999999
2025-08-01 09:24:51 AM,388.1,95,36869.5,32910808.94999999
2025-08-01 09:24:56 AM,388.1,540,209574.0,33120382.94999999
2025-08-01 09:24:58 AM,388.1,17,6597.700000000001,33126980.64999999
2025-08-01 09:25:03 AM,388.3,0,0.0,33126980.64999999
2025-08-01 09:25:04 AM,388.3,813,315687.9,33442668.54999999
2025-08-01 09:25:06 AM,388.1,2,776.2,33443444.74999999
2025-08-01 09:25:10 AM,388.3,0,0.0,33443444.74999999
2025-08-01 09:25:11 AM,388.3,566,219777.80000000002,33663222.54999999
2025-08-01 09:25:19 AM,388.85,500,194425.0,33857647.54999999
2025-08-01 09:25:22 AM,388.5,0,0.0,33857647.54999999
2025-08-01 09:25:26 AM,388.5,10,3885.0,33861532.54999999
2025-08-01 09:25:28 AM,388.75,11,4276.25,33865808.79999999
2025-08-01 09:25:29 AM,388.45,0,0.0,33865808.79999999
2025-08-01 09:25:34 AM,388.75,14,5442.5,33871251.29999999
2025-08-01 09:25:34 AM,388.45,0,0.0,33871251.29999999
2025-08-01 09:25:36 AM,388.45,15,5826.75,33877078.04999999
2025-08-01 09:25:41 AM,388.45,30,11653.5,33888731.54999999
2025-08-01 09:25:45 AM,388.75,0,0.0,33888731.54999999
2025-08-01 09:25:46 AM,388.5,0,0.0,33888731.54999999
2025-08-01 09:25:49 AM,388.5,99,38461.5,33927193.04999999
2025-08-01 09:25:56 AM,388.75,18,6997.5,33934190.54999999
2025-08-01 09:26:03 AM,388.55,0,0.0,33934190.54999999
2025-08-01 09:26:04 AM,388.55,104,40409.200000000004,33974599.74999999
2025-08-01 09:26:06 AM,388.75,143,55591.25,34030190.99999999
2025-08-01 09:26:11 AM,388.55,166,64499.3,34094690.29999999
2025-08-01 09:26:13 AM,388.75,5,1943.75,34096634.04999999
2025-08-01 09:26:17 AM,388.8,0,0.0,34096634.04999999
2025-08-01 09:26:19 AM,388.7,836,324953.2,34421587.24999999
2025-08-01 09:26:21 AM,389.05,58,22564.9,34444152.14999999
2025-08-01 09:26:27 AM,388.75,5,1943.75,34446095.89999999
2025-08-01 09:26:29 AM,388.55,600,233130.0,34679225.89999999
2025-08-01 09:26:29 AM,389.0,0,0.0,34679225.89999999
2025-08-01 09:26:35 AM,388.65,257,99883.04999999999,34779108.94999999
2025-08-01 09:26:44 AM,389.0,1,389.0,34779497.94999999
2025-08-01 09:26:50 AM,389.0,3,1167.0,34780664.94999999
2025-08-01 09:26:57 AM,389.0,27,10503.0,34791167.94999999
2025-08-01 09:26:59 AM,389.0,60,23340.0,34814507.94999999
2025-08-01 09:27:05 AM,388.85,233,90602.05,34905109.999999985
2025-08-01 09:27:06 AM,389.0,40,15560.0,34920669.999999985
2025-08-01 09:27:12 AM,389.0,71,27619.0,34948288.999999985
2025-08-01 09:27:20 AM,389.0,51,19839.0,34968127.999999985
2025-08-01 09:27:21 AM,389.3,1057,411490.10000000003,35379618.09999999
2025-08-01 09:27:28 AM,388.75,0,0.0,35379618.09999999
2025-08-01 09:27:28 AM,388.75,1002,389527.5,35769145.59999999
2025-08-01 09:27:32 AM,388.85,0,0.0,35769145.59999999
2025-08-01 09:27:34 AM,388.85,270,104989.5,35874135.09999999
2025-08-01 09:27:42 AM,388.85,16,6221.6,35880356.69999999
2025-08-01 09:27:48 AM,388.55,0,0.0,35880356.69999999
2025-08-01 09:27:49 AM,388.45,0,0.0,35880356.69999999
2025-08-01 09:27:50 AM,388.45,899,349216.55,36229573.249999985
2025-08-01 09:27:57 AM,388.4,25,9710.0,36239283.249999985
2025-08-01 09:28:05 AM,388.4,11,4272.4,36243555.64999998
2025-08-01 09:28:10 AM,388.35,0,0.0,36243555.64999998
2025-08-01 09:28:13 AM,388.3,257,99793.1,36343348.749999985
2025-08-01 09:28:17 AM,388.25,0,0.0,36343348.749999985
2025-08-01 09:28:17 AM,388.2,0,0.0,36343348.749999985
2025-08-01 09:28:20 AM,388.2,201,78028.2,36421376.94999999
2025-08-01 09:28:22 AM,388.15,10,3881.5,36425258.44999999
2025-08-01 09:28:29 AM,388.0,194,75272.0,36500530.44999999
2025-08-01 09:28:33 AM,388.2,0,0.0,36500530.44999999
2025-08-01 09:28:36 AM,388.2,60,23292.0,36523822.44999999
2025-08-01 09:28:43 AM,388.15,0,0.0,36523822.44999999
2025-08-01 09:28:43 AM,388.15,32,12420.8,36536243.249999985
2025-08-01 09:28:45 AM,388.15,10,3881.5,36540124.749999985
2025-08-01 09:28:51 AM,388.15,95,36874.25,36576998.999999985
2025-08-01 09:28:55 AM,387.85,0,0.0,36576998.999999985
2025-08-01 09:28:59 AM,387.8,1635,634053.0,37211051.999999985
2025-08-01 09:29:01 AM,387.5,0,0.0,37211051.999999985
2025-08-01 09:29:06 AM,387.75,0,0.0,37211051.999999985
2025-08-01 09:29:06 AM,387.75,80,31020.0,37242071.999999985
2025-08-01 09:29:15 AM,387.7,1,387.7,37242459.69999999
2025-08-01 09:29:22 AM,387.4,250,96850.0,37339309.69999999
2025-08-01 09:29:27 AM,387.25,0,0.0,37339309.69999999
2025-08-01 09:29:29 AM,387.5,88,34100.0,37373409.69999999
2025-08-01 09:29:30 AM,387.5,100,38750.0,37412159.69999999
2025-08-01 09:29:37 AM,387.15,100,38715.0,37450874.69999999
2025-08-01 09:29:38 AM,386.85,0,0.0,37450874.69999999
2025-08-01 09:29:38 AM,386.85,3200,1237920.0,38688794.69999999
2025-08-01 09:29:42 AM,387.15,0,0.0,38688794.69999999
2025-08-01 09:29:44 AM,387.05,509,197008.45,38885803.14999999
2025-08-01 09:29:51 AM,386.95,557,215531.15,39101334.29999999
2025-08-01 09:29:52 AM,386.85,36,13926.6,39115260.89999999
2025-08-01 09:29:58 AM,386.95,0,0.0,39115260.89999999
2025-08-01 09:29:59 AM,386.95,34,13156.3,39128417.19999999
2025-08-01 09:30:04 AM,386.55,0,0.0,39128417.19999999
2025-08-01 09:30:07 AM,386.55,66,25512.3,39153929.499999985
2025-08-01 09:30:07 AM,386.65,406,156979.9,39310909.39999998
2025-08-01 09:30:12 AM,386.0,0,0.0,39310909.39999998
2025-08-01 09:30:14 AM,386.1,1113,429729.30000000005,39740638.69999998
2025-08-01 09:30:15 AM,386.15,100,38615.0,39779253.69999998
2025-08-01 09:30:19 AM,386.1,0,0.0,39779253.69999998
2025-08-01 09:30:22 AM,386.1,604,233204.40000000002,40012458.09999998
2025-08-01 09:30:22 AM,386.0,400,154400.0,40166858.09999998
2025-08-01 09:30:26 AM,386.2,0,0.0,40166858.09999998
2025-08-01 09:30:29 AM,386.0,62,23932.0,40190790.09999998
2025-08-01 09:30:30 AM,386.05,5,1930.25,40192720.34999998
2025-08-01 09:30:33 AM,385.75,0,0.0,40192720.34999998
2025-08-01 09:30:36 AM,385.95,140,54033.0,40246753.34999998
2025-08-01 09:30:37 AM,385.8,5,1929.0,40248682.34999998
2025-08-01 09:30:40 AM,385.5,0,0.0,40248682.34999998
2025-08-01 09:30:44 AM,385.45,1396,538088.2,40786770.54999998
2025-08-01 09:30:47 AM,385.15,0,0.0,40786770.54999998
2025-08-01 09:30:49 AM,385.45,0,0.0,40786770.54999998
2025-08-01 09:30:51 AM,384.75,8652,3328857.0,44115627.54999998
2025-08-01 09:30:52 AM,384.65,468,180016.19999999998,44295643.749999985
2025-08-01 09:30:53 AM,384.6,0,0.0,44295643.749999985
2025-08-01 09:30:56 AM,384.55,0,0.0,44295643.749999985
2025-08-01 09:30:58 AM,384.75,0,0.0,44295643.749999985
2025-08-01 09:30:58 AM,384.75,601,231234.75,44526878.499999985
2025-08-01 09:31:02 AM,384.6,0,0.0,44526878.499999985
2025-08-01 09:31:04 AM,384.2,0,0.0,44526878.499999985
2025-08-01 09:31:06 AM,384.4,614,236021.59999999998,44762900.09999999
2025-08-01 09:31:08 AM,384.25,0,0.0,44762900.09999999
2025-08-01 09:31:10 AM,384.4,0,0.0,44762900.09999999
2025-08-01 09:31:13 AM,384.4,460,176824.0,44939724.09999999
2025-08-01 09:31:20 AM,384.6,0,0.0,44939724.09999999
2025-08-01 09:31:21 AM,384.75,1734,667156.5,45606880.59999999
2025-08-01 09:31:22 AM,384.55,0,0.0,45606880.59999999
2025-08-01 09:31:26 AM,384.75,0,0.0,45606880.59999999
2025-08-01 09:31:28 AM,384.55,59,22688.45,45629569.04999999
2025-08-01 09:31:28 AM,384.45,50,19222.5,45648791.54999999
2025-08-01 09:31:32 AM,384.75,0,0.0,45648791.54999999
2025-08-01 09:31:34 AM,384.55,0,0.0,45648791.54999999
2025-08-01 09:31:35 AM,384.55,503,193428.65,45842220.19999999
2025-08-01 09:31:38 AM,384.6,0,0.0,45842220.19999999
2025-08-01 09:31:40 AM,384.75,0,0.0,45842220.19999999
2025-08-01 09:31:42 AM,384.75,1026,394753.5,46236973.69999999
2025-08-01 09:31:42 AM,384.85,323,124306.55,46361280.249999985
2025-08-01 09:31:46 AM,384.75,0,0.0,46361280.249999985
2025-08-01 09:31:49 AM,385.0,1117,430045.0,46791325.249999985
2025-08-01 09:31:55 AM,385.15,0,0.0,46791325.249999985
2025-08-01 09:31:56 AM,385.0,1563,601755.0,47393080.249999985
2025-08-01 09:32:03 AM,385.0,178,68530.0,47461610.249999985
2025-08-01 09:32:06 AM,385.2,0,0.0,47461610.249999985
2025-08-01 09:32:10 AM,385.2,63,24267.6,47485877.84999999
2025-08-01 09:32:17 AM,385.2,372,143294.4,47629172.249999985
2025-08-01 09:32:18 AM,385.3,0,0.0,47629172.249999985
2025-08-01 09:32:24 AM,385.35,0,0.0,47629172.249999985
2025-08-01 09:32:24 AM,385.35,383,147589.05000000002,47776761.29999998
2025-08-01 09:32:31 AM,385.35,50,19267.5,47796028.79999998
2025-08-01 09:32:36 AM,385.5,0,0.0,47796028.79999998
2025-08-01 09:32:38 AM,385.5,10,3855.0,47799883.79999998
2025-08-01 09:32:42 AM,385.6,0,0.0,47799883.79999998
2025-08-01 09:32:45 AM,385.6,162,62467.200000000004,47862350.999999985
2025-08-01 09:32:48 AM,385.65,0,0.0,47862350.999999985
2025-08-01 09:32:48 AM,385.75,0,0.0,47862350.999999985
2025-08-01 09:32:52 AM,385.7,2839,1095002.3,48957353.29999998
2025-08-01 09:32:59 AM,385.6,60,23136.0,48980489.29999998
2025-08-01 09:33:00 AM,385.85,0,0.0,48980489.29999998
2025-08-01 09:33:06 AM,385.45,0,0.0,48980489.29999998
2025-08-01 09:33:06 AM,385.45,409,157649.05,49138138.34999998
2025-08-01 09:33:12 AM,384.8,0,0.0,49138138.34999998
2025-08-01 09:33:13 AM,384.95,3743,1440867.8499999999,50579006.19999998
2025-08-01 09:33:17 AM,384.85,0,0.0,50579006.19999998
2025-08-01 09:33:17 AM,385.2,0,0.0,50579006.19999998
2025-08-01 09:33:19 AM,385.3,3417,1316570.1,51895576.29999998
2025-08-01 09:33:22 AM,385.25,0,0.0,51895576.29999998
2025-08-01 09:33:22 AM,385.45,0,0.0,51895576.29999998
2025-08-01 09:33:26 AM,385.45,217,83642.65,51979218.94999998
2025-08-01 09:33:32 AM,385.7,0,0.0,51979218.94999998
2025-08-01 09:33:33 AM,385.95,413,159397.35,52138616.29999998
2025-08-01 09:33:40 AM,385.95,367,141643.65,52280259.94999998
2025-08-01 09:33:40 AM,385.7,45,17356.5,52297616.44999998
2025-08-01 09:33:42 AM,385.95,0,0.0,52297616.44999998
2025-08-01 09:33:46 AM,385.85,0,0.0,52297616.44999998
2025-08-01 09:33:47 AM,385.85,3,1157.5500000000002,52298773.99999998
2025-08-01 09:33:50 AM,386.35,0,0.0,52298773.99999998
2025-08-01 09:33:52 AM,386.5,0,0.0,52298773.99999998
2025-08-01 09:33:54 AM,386.6,498,192526.80000000002,52491300.799999975
2025-08-01 09:34:01 AM,386.85,322,124565.70000000001,52615866.49999998
2025-08-01 09:34:07 AM,387.6,0,0.0,52615866.49999998
2025-08-01 09:34:08 AM,387.6,542,210079.2,52825945.69999998
2025-08-01 09:34:12 AM,387.55,0,0.0,52825945.69999998
2025-08-01 09:34:15 AM,387.2,213,82473.59999999999,52908419.29999998
2025-08-01 09:34:17 AM,387.3,0,0.0,52908419.29999998
2025-08-01 09:34:20 AM,387.4,0,0.0,52908419.29999998
2025-08-01 09:34:22 AM,387.4,363,140626.19999999998,53049045.499999985
2025-08-01 09:34:25 AM,387.3,0,0.0,53049045.499999985
2025-08-01 09:34:29 AM,387.6,1117,432949.2,53481994.69999999
2025-08-01 09:34:36 AM,387.65,58,22483.699999999997,53504478.39999999
2025-08-01 09:34:40 AM,387.3,0,0.0,53504478.39999999
2025-08-01 09:34:43 AM,387.0,475,183825.0,53688303.39999999
2025-08-01 09:34:47 AM,387.25,0,0.0,53688303.39999999
2025-08-01 09:34:50 AM,386.85,1581,611609.8500000001,54299913.24999999
2025-08-01 09:34:51 AM,387.0,0,0.0,54299913.24999999
2025-08-01 09:34:54 AM,386.7,0,0.0,54299913.24999999
2025-08-01 09:34:57 AM,386.7,131,50657.7,54350570.949999996
2025-08-01 09:35:01 AM,386.85,0,0.0,54350570.949999996
2025-08-01 09:35:04 AM,386.85,14,5415.900000000001,54355986.849999994
2025-08-01 09:35:16 AM,387.15,0,0.0,54355986.849999994
2025-08-01 09:35:16 AM,387.1,0,0.0,54355986.849999994
2025-08-01 09:35:18 AM,387.15,209,80914.34999999999,54436901.199999996
2025-08-01 09:35:18 AM,386.9,125,48362.5,54485263.699999996
2025-08-01 09:35:21 AM,386.85,0,0.0,54485263.699999996
2025-08-01 09:35:25 AM,387.1,782,302712.2,54787975.9
2025-08-01 09:35:32 AM,387.1,7,2709.7000000000003,54790685.6
2025-08-01 09:35:39 AM,387.1,25,9677.5,54800363.1
2025-08-01 09:35:41 AM,387.3,0,0.0,54800363.1
2025-08-01 09:35:46 AM,387.1,0,0.0,54800363.1
2025-08-01 09:35:46 AM,387.1,13,5032.3,54805395.4
2025-08-01 09:35:52 AM,387.1,2595,1004524.5000000001,55809919.9
2025-08-01 09:35:56 AM,387.25,0,0.0,55809919.9
2025-08-01 09:35:59 AM,387.25,1,387.25,55810307.15
2025-08-01 09:36:01 AM,387.5,0,0.0,55810307.15
2025-08-01 09:36:05 AM,387.4,0,0.0,55810307.15
2025-08-01 09:36:06 AM,387.4,153,59272.2,55869579.35
2025-08-01 09:36:12 AM,387.15,50,19357.5,55888936.85
2025-08-01 09:36:19 AM,387.15,36,13937.4,55902874.25
2025-08-01 09:36:21 AM,387.4,0,0.0,55902874.25
2025-08-01 09:36:25 AM,387.0,0,0.0,55902874.25
2025-08-01 09:36:25 AM,387.1,0,0.0,55902874.25
2025-08-01 09:36:26 AM,387.1,324,125420.40000000001,56028294.65
2025-08-01 09:36:29 AM,387.05,0,0.0,56028294.65
2025-08-01 09:36:32 AM,386.85,0,0.0,56028294.65
2025-08-01 09:36:32 AM,386.85,32,12379.2,56040673.85
2025-08-01 09:36:37 AM,387.05,0,0.0,56040673.85
2025-08-01 09:36:37 AM,386.65,0,0.0,56040673.85
2025-08-01 09:36:38 AM,387.0,555,214785.0,56255458.85
2025-08-01 09:36:41 AM,386.85,0,0.0,56255458.85
2025-08-01 09:36:45 AM,387.05,0,0.0,56255458.85
2025-08-01 09:36:45 AM,387.05,93,35995.65,56291454.5
2025-08-01 09:36:49 AM,386.8,0,0.0,56291454.5
2025-08-01 09:36:52 AM,386.8,120,46416.0,56337870.5
2025-08-01 09:36:53 AM,387.05,0,0.0,56337870.5
2025-08-01 09:36:57 AM,386.7,0,0.0,56337870.5
2025-08-01 09:36:58 AM,387.0,165,63855.0,56401725.5
2025-08-01 09:37:05 AM,386.6,0,0.0,56401725.5
2025-08-01 09:37:05 AM,386.55,620,239661.0,56641386.5
2025-08-01 09:37:09 AM,386.4,0,0.0,56641386.5
2025-08-01 09:37:12 AM,386.4,5,1932.0,56643318.5
2025-08-01 09:37:19 AM,386.35,0,0.0,56643318.5
2025-08-01 09:37:19 AM,386.35,5,1931.75,56645250.25
2025-08-01 09:37:25 AM,386.15,0,0.0,56645250.25
2025-08-01 09:37:26 AM,386.15,99,38228.85,56683479.1
2025-08-01 09:37:33 AM,386.15,6,2316.8999999999996,56685796.0
2025-08-01 09:37:40 AM,386.15,2,772.3,56686568.3
2025-08-01 09:37:47 AM,386.15,13,5019.95,56691588.25
2025-08-01 09:37:47 AM,386.15,8,3089.2,56694677.45
2025-08-01 09:37:53 AM,386.15,164,63328.6,56758006.050000004
2025-08-01 09:37:59 AM,386.0,0,0.0,56758006.050000004
2025-08-01 09:38:00 AM,386.0,400,154400.0,56912406.050000004
2025-08-01 09:38:01 AM,385.85,0,0.0,56912406.050000004
2025-08-01 09:38:05 AM,385.55,0,0.0,56912406.050000004
2025-08-01 09:38:07 AM,385.55,1604,618422.2000000001,57530828.25000001
2025-08-01 09:38:11 AM,385.4,0,0.0,57530828.25000001
2025-08-01 09:38:13 AM,385.65,0,0.0,57530828.25000001
2025-08-01 09:38:14 AM,385.65,4016,1548770.4,59079598.650000006
2025-08-01 09:38:20 AM,385.65,10,3856.5,59083455.150000006
2025-08-01 09:38:27 AM,385.8,85,32793.0,59116248.150000006
2025-08-01 09:38:40 AM,385.8,35,13503.0,59129751.150000006
2025-08-01 09:38:41 AM,385.55,0,0.0,59129751.150000006
2025-08-01 09:38:45 AM,385.65,0,0.0,59129751.150000006
2025-08-01 09:38:47 AM,385.65,162,62475.299999999996,59192226.45
2025-08-01 09:38:49 AM,385.5,0,0.0,59192226.45
2025-08-01 09:38:53 AM,385.55,0,0.0,59192226.45
2025-08-01 09:38:54 AM,385.55,68,26217.4,59218443.85
2025-08-01 09:39:00 AM,385.05,1336,514426.8,59732870.65
2025-08-01 09:39:06 AM,385.4,0,0.0,59732870.65
2025-08-01 09:39:07 AM,385.15,801,308505.14999999997,60041375.8
2025-08-01 09:39:12 AM,384.9,0,0.0,60041375.8
2025-08-01 09:39:14 AM,384.95,1282,493505.89999999997,60534881.699999996
2025-08-01 09:39:16 AM,384.85,0,0.0,60534881.699999996
2025-08-01 09:39:21 AM,384.85,16,6157.6,60541039.3
2025-08-01 09:39:22 AM,384.8,0,0.0,60541039.3
2025-08-01 09:39:27 AM,384.8,230,88504.0,60629543.3
2025-08-01 09:39:34 AM,384.9,1234,474966.6,61104509.9
2025-08-01 09:39:37 AM,384.75,0,0.0,61104509.9
2025-08-01 09:39:39 AM,384.8,0,0.0,61104509.9
2025-08-01 09:39:40 AM,384.8,97,37325.6,61141835.5
2025-08-01 09:39:41 AM,384.8,25,9620.0,61151455.5
2025-08-01 09:39:47 AM,384.75,47,18083.25,61169538.75
2025-08-01 09:39:50 AM,384.8,0,0.0,61169538.75
2025-08-01 09:39:53 AM,384.8,5,1924.0,61171462.75
2025-08-01 09:39:58 AM,384.6,0,0.0,61171462.75
2025-08-01 09:40:00 AM,384.75,158,60790.5,61232253.25
2025-08-01 09:40:01 AM,384.6,190,73074.0,61305327.25
2025-08-01 09:40:07 AM,384.6,90,34614.0,61339941.25
2025-08-01 09:40:13 AM,384.6,387,148840.2,61488781.45
2025-08-01 09:40:20 AM,384.65,213,81930.45,61570711.900000006
2025-08-01 09:40:20 AM,384.65,188,72314.2,61643026.10000001
2025-08-01 09:40:23 AM,384.75,0,0.0,61643026.10000001
2025-08-01 09:40:25 AM,384.6,0,0.0,61643026.10000001
2025-08-01 09:40:26 AM,384.75,144,55404.0,61698430.10000001
2025-08-01 09:40:28 AM,384.6,0,0.0,61698430.10000001
2025-08-01 09:40:33 AM,384.75,131,50402.25,61748832.35000001
2025-08-01 09:40:39 AM,384.6,6,2307.6000000000004,61751139.95000001
2025-08-01 09:40:40 AM,385.25,3922,1510950.5,63262090.45000001
2025-08-01 09:40:49 AM,385.3,0,0.0,63262090.45000001
2025-08-01 09:40:50 AM,385.35,0,0.0,63262090.45000001
2025-08-01 09:40:53 AM,385.55,835,321934.25,63584024.70000001
2025-08-01 09:41:06 AM,385.55,7,2698.85,63586723.55000001
2025-08-01 09:41:13 AM,385.8,71,27391.8,63614115.35000001
2025-08-01 09:41:26 AM,385.8,289,111496.2,63725611.55000001
2025-08-01 09:41:32 AM,385.8,1,385.8,63725997.35000001
2025-08-01 09:41:37 AM,385.75,0,0.0,63725997.35000001
2025-08-01 09:41:39 AM,385.7,51,19670.7,63745668.05000001
2025-08-01 09:41:41 AM,385.75,0,0.0,63745668.05000001
2025-08-01 09:41:46 AM,385.75,40,15430.0,63761098.05000001
2025-08-01 09:41:53 AM,385.75,30,11572.5,63772670.55000001
2025-08-01 09:41:58 AM,385.7,0,0.0,63772670.55000001
2025-08-01 09:41:58 AM,385.7,703,271147.1,64043817.65000001
2025-08-01 09:42:05 AM,385.4,56,21582.399999999998,64065400.05000001
2025-08-01 09:42:05 AM,385.6,0,0.0,64065400.05000001
2025-08-01 09:42:06 AM,385.6,21,8097.6,64073497.65000001
2025-08-01 09:42:12 AM,385.6,100,38560.0,64112057.65000001
2025-08-01 09:42:18 AM,385.6,60,23136.0,64135193.65000001
2025-08-01 09:42:20 AM,385.35,148,57031.8,64192225.45000001
2025-08-01 09:42:25 AM,385.25,21,8090.25,64200315.70000001
2025-08-01 09:42:26 AM,385.0,47,18095.0,64218410.70000001
2025-08-01 09:42:31 AM,385.25,8057,3103959.25,67322369.95000002
2025-08-01 09:42:36 AM,385.45,0,0.0,67322369.95000002
2025-08-01 09:42:38 AM,385.45,42,16188.9,67338558.85000002
2025-08-01 09:42:51 AM,385.45,3,1156.35,67339715.20000002
2025-08-01 09:42:57 AM,385.45,111,42784.95,67382500.15000002
2025-08-01 09:42:58 AM,385.2,97,37364.4,67419864.55000003
2025-08-01 09:43:04 AM,385.05,0,0.0,67419864.55000003
2025-08-01 09:43:04 AM,385.05,150,57757.5,67477622.05000003
2025-08-01 09:43:04 AM,385.15,0,0.0,67477622.05000003
2025-08-01 09:43:05 AM,385.15,10,3851.5,67481473.55000003
2025-08-01 09:43:10 AM,385.15,270,103990.5,67585464.05000003
2025-08-01 09:43:17 AM,385.15,11,4236.65,67589700.70000003
2025-08-01 09:43:24 AM,385.15,333,128254.95,67717955.65000004
2025-08-01 09:43:28 AM,385.05,0,0.0,67717955.65000004
2025-08-01 09:43:30 AM,385.05,30,11551.5,67729507.15000004
2025-08-01 09:43:31 AM,385.15,424,163303.59999999998,67892810.75000003
2025-08-01 09:43:37 AM,385.15,329,126714.34999999999,68019525.10000002
2025-08-01 09:43:44 AM,385.15,68,26190.199999999997,68045715.30000003
2025-08-01 09:43:45 AM,385.15,17,6547.549999999999,68052262.85000002
2025-08-01 09:43:50 AM,385.15,715,275382.25,68327645.10000002
2025-08-01 09:43:51 AM,385.15,8,3081.2,68330726.30000003
2025-08-01 09:43:56 AM,385.15,13,5006.95,68335733.25000003
2025-08-01 09:43:57 AM,385.25,226,87066.5,68422799.75000003
2025-08-01 09:44:03 AM,385.25,160,61640.0,68484439.75000003
2025-08-01 09:44:10 AM,385.3,132,50859.6,68535299.35000002
2025-08-01 09:44:11 AM,385.25,486,187231.5,68722530.85000002
2025-08-01 09:44:17 AM,385.25,15,5778.75,68728309.60000002
2025-08-01 09:44:18 AM,385.1,158,60845.8,68789155.40000002
2025-08-01 09:44:22 AM,385.25,0,0.0,68789155.40000002
2025-08-01 09:44:23 AM,385.25,50,19262.5,68808417.90000002
2025-08-01 09:44:30 AM,385.25,3,1155.75,68809573.65000002
2025-08-01 09:44:36 AM,385.0,1569,604065.0,69413638.65000002
2025-08-01 09:44:46 AM,384.75,0,0.0,69413638.65000002
2025-08-01 09:44:48 AM,384.8,0,0.0,69413638.65000002
2025-08-01 09:44:49 AM,384.8,31,11928.800000000001,69425567.45000002
2025-08-01 09:44:50 AM,384.8,21,8080.8,69433648.25000001
2025-08-01 09:44:52 AM,384.55,0,0.0,69433648.25000001
2025-08-01 09:44:54 AM,384.8,0,0.0,69433648.25000001
2025-08-01 09:44:55 AM,384.8,66,25396.8,69459045.05000001
2025-08-01 09:45:00 AM,384.85,0,0.0,69459045.05000001
2025-08-01 09:45:02 AM,384.85,502,193194.7,69652239.75000001
2025-08-01 09:45:03 AM,384.8,1,384.8,69652624.55000001
2025-08-01 09:45:09 AM,384.85,13,5003.05,69657627.60000001
2025-08-01 09:45:10 AM,384.85,2,769.7,69658397.30000001
2025-08-01 09:45:15 AM,384.85,40,15394.0,69673791.30000001
2025-08-01 09:45:20 AM,384.9,0,0.0,69673791.30000001
2025-08-01 09:45:22 AM,384.9,483,185906.69999999998,69859698.00000001
2025-08-01 09:45:28 AM,384.85,0,0.0,69859698.00000001
2025-08-01 09:45:30 AM,384.85,100,38485.0,69898183.00000001
2025-08-01 09:45:34 AM,384.9,608,234019.19999999998,70132202.20000002
2025-08-01 09:45:40 AM,384.85,0,0.0,70132202.20000002
2025-08-01 09:45:41 AM,384.85,45,17318.25,70149520.45000002
2025-08-01 09:45:43 AM,384.85,50,19242.5,70168762.95000002
2025-08-01 09:45:48 AM,384.85,43,16548.55,70185311.50000001
2025-08-01 09:45:49 AM,384.55,270,103828.5,70289140.00000001
2025-08-01 09:45:54 AM,384.6,0,0.0,70289140.00000001
2025-08-01 09:45:55 AM,384.85,138,53109.3,70342249.30000001
2025-08-01 09:46:00 AM,384.85,54,20781.9,70363031.20000002
2025-08-01 09:46:02 AM,384.55,0,0.0,70363031.20000002
2025-08-01 09:46:02 AM,384.55,1265,486455.75,70849486.95000002
2025-08-01 09:46:15 AM,384.55,78,29994.9,70879481.85000002
2025-08-01 09:46:33 AM,384.85,0,0.0,70879481.85000002
2025-08-01 09:46:33 AM,384.85,151,58112.350000000006,70937594.20000002
2025-08-01 09:46:37 AM,384.9,0,0.0,70937594.20000002
2025-08-01 09:46:39 AM,384.9,15,5773.5,70943367.70000002
2025-08-01 09:46:41 AM,384.9,25,9622.5,70952990.20000002
2025-08-01 09:46:45 AM,385.15,0,0.0,70952990.20000002
2025-08-01 09:46:45 AM,385.15,841,323911.14999999997,71276901.35000002
2025-08-01 09:46:49 AM,384.85,0,0.0,71276901.35000002
2025-08-01 09:46:52 AM,384.85,1,384.85,71277286.20000002
2025-08-01 09:46:53 AM,384.95,0,0.0,71277286.20000002
2025-08-01 09:46:54 AM,385.0,8,3080.0,71280366.20000002
2025-08-01 09:46:58 AM,385.0,25,9625.0,71289991.20000002
2025-08-01 09:47:00 AM,385.05,1,385.05,71290376.25000001
2025-08-01 09:47:06 AM,385.15,0,0.0,71290376.25000001
2025-08-01 09:47:09 AM,384.8,0,0.0,71290376.25000001
2025-08-01 09:47:10 AM,384.8,380,146224.0,71436600.25000001
2025-08-01 09:47:14 AM,385.1,0,0.0,71436600.25000001
2025-08-01 09:47:16 AM,385.1,150,57765.0,71494365.25000001
2025-08-01 09:47:21 AM,384.75,0,0.0,71494365.25000001
2025-08-01 09:47:22 AM,384.75,30,11542.5,71505907.75000001
2025-08-01 09:47:26 AM,385.05,0,0.0,71505907.75000001
2025-08-01 09:47:29 AM,384.85,195,75045.75,71580953.50000001
2025-08-01 09:47:33 AM,384.9,0,0.0,71580953.50000001
2025-08-01 09:47:35 AM,384.85,21,8081.85,71589035.35000001
2025-08-01 09:47:42 AM,384.85,103,39639.55,71628674.9
2025-08-01 09:47:49 AM,384.85,4,1539.4,71630214.30000001
2025-08-01 09:47:51 AM,385.0,100,38500.0,71668714.30000001
2025-08-01 09:47:55 AM,384.85,0,0.0,71668714.30000001
2025-08-01 09:47:56 AM,384.85,355,136621.75,71805336.05000001
2025-08-01 09:48:02 AM,385.05,2,770.1,71806106.15
2025-08-01 09:48:08 AM,385.1,0,0.0,71806106.15
2025-08-01 09:48:09 AM,385.1,5,1925.5,71808031.65
2025-08-01 09:48:11 AM,385.1,1,385.1,71808416.75
2025-08-01 09:48:18 AM,385.15,5,1925.75,71810342.5
2025-08-01 09:48:37 AM,385.15,1,385.15,71810727.65
2025-08-01 09:48:44 AM,384.95,0,0.0,71810727.65
2025-08-01 09:48:47 AM,384.95,50,19247.5,71829975.15
2025-08-01 09:48:56 AM,384.9,0,0.0,71829975.15
2025-08-01 09:48:56 AM,384.9,458,176284.19999999998,72006259.35000001
2025-08-01 09:49:00 AM,384.85,0,0.0,72006259.35000001
2025-08-01 09:49:00 AM,385.05,45,17327.25,72023586.60000001
2025-08-01 09:49:00 AM,384.85,0,0.0,72023586.60000001
2025-08-01 09:49:02 AM,384.85,36,13854.6,72037441.2
2025-08-01 09:49:19 AM,385.0,25,9625.0,72047066.2
2025-08-01 09:49:21 AM,383.8,10109,3879834.2,75926900.4
2025-08-01 09:49:22 AM,383.5,0,0.0,75926900.4
2025-08-01 09:49:22 AM,383.8,0,0.0,75926900.4
2025-08-01 09:49:25 AM,383.55,0,0.0,75926900.4
2025-08-01 09:49:25 AM,383.55,312,119667.6,76046568.0
2025-08-01 09:49:25 AM,383.8,0,0.0,76046568.0
2025-08-01 09:49:27 AM,383.8,46,17654.8,76064222.8
2025-08-01 09:49:31 AM,383.5,0,0.0,76064222.8
2025-08-01 09:49:31 AM,383.5,447,171424.5,76235647.3
2025-08-01 09:49:34 AM,384.15,147,56470.049999999996,76292117.35
2025-08-01 09:49:37 AM,384.25,0,0.0,76292117.35
2025-08-01 09:49:37 AM,384.25,92,35351.0,76327468.35
2025-08-01 09:49:40 AM,384.6,0,0.0,76327468.35
2025-08-01 09:49:40 AM,384.6,479,184223.40000000002,76511691.75
2025-08-01 09:49:43 AM,384.75,0,0.0,76511691.75
2025-08-01 09:49:44 AM,384.75,533,205071.75,76716763.5
2025-08-01 09:49:52 AM,384.6,0,0.0,76716763.5
2025-08-01 09:49:53 AM,384.6,412,158455.2,76875218.7
2025-08-01 09:49:56 AM,384.5,0,0.0,76875218.7
2025-08-01 09:49:56 AM,384.35,283,108771.05,76983989.75
2025-08-01 09:49:59 AM,384.35,25,9608.75,76993598.5
2025-08-01 09:50:03 AM,384.0,209,80256.0,77073854.5
2025-08-01 09:50:06 AM,384.05,314,120591.7,77194446.2
2025-08-01 09:50:12 AM,384.35,17,6533.950000000001,77200980.15
2025-08-01 09:50:16 AM,384.35,52,19986.2,77220966.35000001
2025-08-01 09:50:19 AM,384.35,248,95318.8,77316285.15
2025-08-01 09:50:20 AM,383.95,0,0.0,77316285.15
2025-08-01 09:50:22 AM,383.85,1473,565411.05,77881696.2
2025-08-01 09:50:23 AM,383.9,0,0.0,77881696.2
2025-08-01 09:50:24 AM,384.0,0,0.0,77881696.2
2025-08-01 09:50:25 AM,384.0,404,155136.0,78036832.2
2025-08-01 09:50:34 AM,384.0,200,76800.0,78113632.2
2025-08-01 09:50:39 AM,384.05,0,0.0,78113632.2
2025-08-01 09:50:41 AM,384.05,2,768.1,78114400.3
2025-08-01 09:50:42 AM,384.25,0,0.0,78114400.3
2025-08-01 09:50:43 AM,384.25,505,194046.25,78308446.55
2025-08-01 09:50:45 AM,384.05,0,0.0,78308446.55
2025-08-01 09:50:47 AM,384.05,572,219676.6,78528123.14999999
2025-08-01 09:50:50 AM,384.15,20,7683.0,78535806.14999999
2025-08-01 09:50:50 AM,383.8,0,0.0,78535806.14999999
2025-08-01 09:50:51 AM,384.1,0,0.0,78535806.14999999
2025-08-01 09:50:53 AM,384.1,350,134435.0,78670241.14999999
2025-08-01 09:50:56 AM,383.95,0,0.0,78670241.14999999
2025-08-01 09:50:56 AM,383.95,12,4607.4,78674848.55
2025-08-01 09:50:57 AM,384.0,0,0.0,78674848.55
2025-08-01 09:51:00 AM,384.0,3,1152.0,78676000.55
2025-08-01 09:51:03 AM,383.85,0,0.0,78676000.55
2025-08-01 09:51:06 AM,383.85,100,38385.0,78714385.55
2025-08-01 09:51:08 AM,383.85,315,120912.75,78835298.3
2025-08-01 09:51:11 AM,384.0,0,0.0,78835298.3
2025-08-01 09:51:12 AM,384.0,28,10752.0,78846050.3
2025-08-01 09:51:18 AM,383.75,0,0.0,78846050.3
2025-08-01 09:51:19 AM,384.0,30,11520.0,78857570.3
2025-08-01 09:51:21 AM,384.0,1,384.0,78857954.3
2025-08-01 09:51:22 AM,383.8,0,0.0,78857954.3
2025-08-01 09:51:25 AM,383.8,61,23411.8,78881366.1
2025-08-01 09:51:29 AM,383.45,0,0.0,78881366.1
2025-08-01 09:51:31 AM,383.45,569,218183.05,79099549.14999999
2025-08-01 09:51:32 AM,383.8,0,0.0,79099549.14999999
2025-08-01 09:51:33 AM,383.8,521,199959.80000000002,79299508.94999999
2025-08-01 09:51:37 AM,383.8,5,1919.0,79301427.94999999
2025-08-01 09:51:40 AM,383.8,1,383.8,79301811.74999999
2025-08-01 09:51:43 AM,383.15,0,0.0,79301811.74999999
2025-08-01 09:51:44 AM,383.15,6173,2365184.9499999997,81666996.69999999
2025-08-01 09:51:45 AM,383.5,0,0.0,81666996.69999999
2025-08-01 09:51:46 AM,383.05,878,336317.9,82003314.6
2025-08-01 09:51:46 AM,383.45,0,0.0,82003314.6
2025-08-01 09:51:50 AM,383.45,3,1150.35,82004464.94999999
2025-08-01 09:51:52 AM,383.15,1280,490432.0,82494896.94999999
2025-08-01 09:51:59 AM,383.15,251,96170.65,82591067.6
2025-08-01 09:52:00 AM,383.4,0,0.0,82591067.6
2025-08-01 09:52:02 AM,383.4,26,9968.4,82601036.0
2025-08-01 09:52:05 AM,383.05,140,53627.0,82654663.0
2025-08-01 09:52:08 AM,383.45,159,60968.549999999996,82715631.55
2025-08-01 09:52:11 AM,383.15,0,0.0,82715631.55
2025-08-01 09:52:11 AM,383.15,304,116477.59999999999,82832109.14999999
2025-08-01 09:52:14 AM,383.05,0,0.0,82832109.14999999
2025-08-01 09:52:14 AM,383.4,426,163328.4,82995437.55
2025-08-01 09:52:17 AM,383.15,25,9578.75,83005016.3
2025-08-01 09:52:20 AM,383.4,26,9968.4,83014984.7
2025-08-01 09:52:26 AM,383.2,0,0.0,83014984.7
2025-08-01 09:52:27 AM,383.2,56,21459.2,83036443.9
2025-08-01 09:52:29 AM,383.3,0,0.0,83036443.9
2025-08-01 09:52:29 AM,383.3,21,8049.3,83044493.2
2025-08-01 09:52:32 AM,383.4,0,0.0,83044493.2
2025-08-01 09:52:33 AM,383.45,137,52532.65,83097025.85000001
2025-08-01 09:52:35 AM,383.45,3,1150.35,83098176.2
2025-08-01 09:52:38 AM,383.4,0,0.0,83098176.2
2025-08-01 09:52:39 AM,383.4,50,19170.0,83117346.2
2025-08-01 09:52:41 AM,383.4,500,191700.0,83309046.2
2025-08-01 09:52:44 AM,383.45,0,0.0,83309046.2
2025-08-01 09:52:45 AM,383.45,5,1917.25,83310963.45
2025-08-01 09:52:50 AM,383.8,0,0.0,83310963.45
2025-08-01 09:52:51 AM,383.8,1414,542693.2000000001,83853656.65
2025-08-01 09:52:53 AM,384.25,0,0.0,83853656.65
2025-08-01 09:52:54 AM,384.25,200,76850.0,83930506.65
2025-08-01 09:52:59 AM,383.6,0,0.0,83930506.65
2025-08-01 09:52:59 AM,383.6,52,19947.2,83950453.85000001
2025-08-01 09:53:05 AM,383.6,300,115080.0,84065533.85000001
2025-08-01 09:53:08 AM,383.85,0,0.0,84065533.85000001
2025-08-01 09:53:09 AM,383.85,1,383.85,84065917.7
2025-08-01 09:53:14 AM,384.0,0,0.0,84065917.7
2025-08-01 09:53:15 AM,384.0,16,6144.0,84072061.7
2025-08-01 09:53:17 AM,384.0,346,132864.0,84204925.7
2025-08-01 09:53:22 AM,384.0,11,4224.0,84209149.7
2025-08-01 09:53:28 AM,384.0,435,167040.0,84376189.7
2025-08-01 09:53:33 AM,384.3,0,0.0,84376189.7
2025-08-01 09:53:34 AM,384.3,471,181005.30000000002,84557195.0
2025-08-01 09:53:39 AM,384.45,0,0.0,84557195.0
2025-08-01 09:53:40 AM,384.45,13,4997.849999999999,84562192.85
2025-08-01 09:53:42 AM,384.4,0,0.0,84562192.85
2025-08-01 09:53:42 AM,384.4,39,14991.599999999999,84577184.44999999
2025-08-01 09:53:44 AM,384.0,0,0.0,84577184.44999999
2025-08-01 09:53:47 AM,384.3,504,193687.2,84770871.64999999
2025-08-01 09:53:48 AM,384.3,200,76860.0,84847731.64999999
2025-08-01 09:53:53 AM,384.05,540,207387.0,85055118.64999999
2025-08-01 09:53:57 AM,384.3,0,0.0,85055118.64999999
2025-08-01 09:53:59 AM,383.7,4729,1814517.3,86869635.94999999
2025-08-01 09:54:03 AM,383.75,0,0.0,86869635.94999999
2025-08-01 09:54:05 AM,383.75,103,39526.25,86909162.19999999
2025-08-01 09:54:06 AM,383.6,10,3836.0,86912998.19999999
2025-08-01 09:54:09 AM,383.75,0,0.0,86912998.19999999
2025-08-01 09:54:11 AM,383.75,29,11128.75,86924126.94999999
2025-08-01 09:54:24 AM,383.75,5,1918.75,86926045.69999999
2025-08-01 09:54:25 AM,383.75,1,383.75,86926429.44999999
2025-08-01 09:54:30 AM,383.75,10,3837.5,86930266.94999999
2025-08-01 09:54:37 AM,383.85,0,0.0,86930266.94999999
2025-08-01 09:54:37 AM,383.85,147,56425.950000000004,86986692.89999999
2025-08-01 09:54:40 AM,384.05,0,0.0,86986692.89999999
2025-08-01 09:54:42 AM,384.15,92,35341.799999999996,87022034.69999999
2025-08-01 09:54:43 AM,383.85,0,0.0,87022034.69999999
2025-08-01 09:54:43 AM,383.85,150,57577.5,87079612.19999999
2025-08-01 09:54:48 AM,384.0,15,5760.0,87085372.19999999
2025-08-01 09:54:52 AM,383.9,0,0.0,87085372.19999999
2025-08-01 09:54:54 AM,383.9,500,191950.0,87277322.19999999
2025-08-01 09:54:55 AM,384.2,0,0.0,87277322.19999999
2025-08-01 09:54:55 AM,383.85,7,2686.9500000000003,87280009.14999999
2025-08-01 09:54:58 AM,383.65,0,0.0,87280009.14999999
2025-08-01 09:55:00 AM,383.65,500,191825.0,87471834.14999999
2025-08-01 09:55:01 AM,384.15,75,28811.25,87500645.39999999
2025-08-01 09:55:06 AM,384.2,3,1152.6,87501797.99999999
2025-08-01 09:55:10 AM,384.25,0,0.0,87501797.99999999
2025-08-01 09:55:11 AM,384.25,5,1921.25,87503719.24999999
2025-08-01 09:55:14 AM,384.15,0,0.0,87503719.24999999
2025-08-01 09:55:17 AM,383.95,0,0.0,87503719.24999999
2025-08-01 09:55:18 AM,383.95,43,16509.85,87520229.09999998
2025-08-01 09:55:23 AM,383.8,0,0.0,87520229.09999998
2025-08-01 09:55:23 AM,383.8,97,37228.6,87557457.69999997
2025-08-01 09:55:25 AM,383.85,26,9980.1,87567437.79999997
2025-08-01 09:55:29 AM,383.5,114,43719.0,87611156.79999997
2025-08-01 09:55:35 AM,383.8,0,0.0,87611156.79999997
2025-08-01 09:55:35 AM,383.8,467,179234.6,87790391.39999996
2025-08-01 09:55:42 AM,383.45,1,383.45,87790774.84999996
2025-08-01 09:55:46 AM,383.5,0,0.0,87790774.84999996
2025-08-01 09:55:48 AM,383.4,547,209719.8,88000494.64999996
2025-08-01 09:55:49 AM,383.5,0,0.0,88000494.64999996
2025-08-01 09:55:49 AM,383.5,6,2301.0,88002795.64999996
2025-08-01 09:55:52 AM,383.4,0,0.0,88002795.64999996
2025-08-01 09:55:54 AM,383.4,135,51759.0,88054554.64999996
2025-08-01 09:55:55 AM,383.4,10,3834.0,88058388.64999996
2025-08-01 09:55:57 AM,383.5,0,0.0,88058388.64999996
2025-08-01 09:56:00 AM,383.5,170,65195.0,88123583.64999996
2025-08-01 09:56:07 AM,383.5,1,383.5,88123967.14999996
2025-08-01 09:56:09 AM,383.0,0,0.0,88123967.14999996
2025-08-01 09:56:12 AM,383.0,5504,2108032.0,90231999.14999996
2025-08-01 09:56:15 AM,383.3,0,0.0,90231999.14999996
2025-08-01 09:56:18 AM,383.0,0,0.0,90231999.14999996
2025-08-01 09:56:18 AM,383.0,755,289165.0,90521164.14999996
2025-08-01 09:56:22 AM,383.2,0,0.0,90521164.14999996
2025-08-01 09:56:24 AM,383.2,384,147148.8,90668312.94999996
2025-08-01 09:56:27 AM,383.0,0,0.0,90668312.94999996
2025-08-01 09:56:30 AM,383.0,1076,412108.0,91080420.94999996
2025-08-01 09:56:33 AM,383.2,0,0.0,91080420.94999996
2025-08-01 09:56:35 AM,383.2,150,57480.0,91137900.94999996
2025-08-01 09:56:36 AM,383.15,0,0.0,91137900.94999996
2025-08-01 09:56:36 AM,383.15,13,4980.95,91142881.89999996
2025-08-01 09:56:37 AM,383.0,0,0.0,91142881.89999996
2025-08-01 09:56:39 AM,383.15,0,0.0,91142881.89999996
2025-08-01 09:56:41 AM,383.0,0,0.0,91142881.89999996
2025-08-01 09:56:41 AM,383.0,330,126390.0,91269271.89999996
2025-08-01 09:56:42 AM,382.7,1005,384613.5,91653885.39999996
2025-08-01 09:56:46 AM,382.5,0,0.0,91653885.39999996
2025-08-01 09:56:48 AM,382.55,1119,428073.45,92081958.84999996
2025-08-01 09:56:49 AM,382.55,7,2677.85,92084636.69999996
2025-08-01 09:56:50 AM,382.5,0,0.0,92084636.69999996
2025-08-01 09:56:54 AM,382.55,0,0.0,92084636.69999996
2025-08-01 09:56:54 AM,382.55,237,90664.35,92175301.04999995
2025-08-01 09:56:55 AM,382.5,122,46665.0,92221966.04999995
2025-08-01 09:57:00 AM,382.5,6,2295.0,92224261.04999995
2025-08-01 09:57:06 AM,382.45,0,0.0,92224261.04999995
2025-08-01 09:57:06 AM,382.45,929,355296.05,92579557.09999995
2025-08-01 09:57:13 AM,382.95,150,57442.5,92636999.59999995
2025-08-01 09:57:17 AM,382.65,32,12244.8,92649244.39999995
2025-08-01 09:57:19 AM,382.9,20,7658.0,92656902.39999995
2025-08-01 09:57:22 AM,382.6,0,0.0,92656902.39999995
2025-08-01 09:57:23 AM,382.6,100,38260.0,92695162.39999995
2025-08-01 09:57:28 AM,382.35,1235,472202.25,93167364.64999995
2025-08-01 09:57:37 AM,382.8,6,2296.8,93169661.44999994
2025-08-01 09:57:40 AM,382.5,700,267750.0,93437411.44999994
2025-08-01 09:57:42 AM,382.9,0,0.0,93437411.44999994
2025-08-01 09:57:43 AM,382.65,125,47831.25,93485242.69999994
2025-08-01 09:57:46 AM,382.9,0,0.0,93485242.69999994
2025-08-01 09:57:47 AM,382.9,10,3829.0,93489071.69999994
2025-08-01 09:57:49 AM,382.8,11,4210.8,93493282.49999994
2025-08-01 09:57:57 AM,382.85,0,0.0,93493282.49999994
2025-08-01 09:57:59 AM,382.85,1,382.85,93493665.34999993
2025-08-01 09:58:01 AM,382.85,13,4977.05,93498642.39999993
2025-08-01 09:58:05 AM,382.85,22,8422.7,93507065.09999993
2025-08-01 09:58:08 AM,382.85,5,1914.25,93508979.34999993
2025-08-01 09:58:11 AM,382.8,0,0.0,93508979.34999993
2025-08-01 09:58:11 AM,382.8,1093,418400.4,93927379.74999994
2025-08-01 09:58:14 AM,382.6,28,10712.800000000001,93938092.54999994
2025-08-01 09:58:15 AM,382.65,0,0.0,93938092.54999994
2025-08-01 09:58:17 AM,382.5,230,87975.0,94026067.54999994
2025-08-01 09:58:20 AM,382.65,700,267855.0,94293922.54999994
2025-08-01 09:58:22 AM,382.45,0,0.0,94293922.54999994
2025-08-01 09:58:23 AM,382.45,50,19122.5,94313045.04999994
2025-08-01 09:58:26 AM,382.3,50,19115.0,94332160.04999994
2025-08-01 09:58:32 AM,382.55,7,2677.85,94334837.89999993
2025-08-01 09:58:35 AM,382.25,0,0.0,94334837.89999993
2025-08-01 09:58:35 AM,382.25,22,8409.5,94343247.39999993
2025-08-01 09:58:38 AM,382.5,35,13387.5,94356634.89999993
2025-08-01 09:58:41 AM,382.5,6,2295.0,94358929.89999993
2025-08-01 09:58:44 AM,382.5,1,382.5,94359312.39999993
2025-08-01 09:58:47 AM,382.25,0,0.0,94359312.39999993
2025-08-01 09:58:47 AM,382.25,9,3440.25,94362752.64999993
2025-08-01 09:58:50 AM,382.5,25,9562.5,94372315.14999993
2025-08-01 09:58:56 AM,382.5,31,11857.5,94384172.64999993
2025-08-01 09:59:02 AM,382.5,9,3442.5,94387615.14999993
2025-08-01 09:59:06 AM,382.5,2,765.0,94388380.14999993
2025-08-01 09:59:12 AM,382.7,0,0.0,94388380.14999993
2025-08-01 09:59:12 AM,382.7,150,57405.0,94445785.14999993
2025-08-01 09:59:17 AM,382.5,0,0.0,94445785.14999993
2025-08-01 09:59:18 AM,382.5,70,26775.0,94472560.14999993
2025-08-01 09:59:21 AM,382.7,0,0.0,94472560.14999993
2025-08-01 09:59:21 AM,382.7,250,95675.0,94568235.14999993
2025-08-01 09:59:25 AM,382.65,10,3826.5,94572061.64999993
2025-08-01 09:59:32 AM,382.5,0,0.0,94572061.64999993
2025-08-01 09:59:34 AM,382.65,4,1530.6,94573592.24999993
2025-08-01 09:59:37 AM,382.65,100,38265.0,94611857.24999993
2025-08-01 09:59:41 AM,382.5,0,0.0,94611857.24999993
2025-08-01 09:59:42 AM,382.65,0,0.0,94611857.24999993
2025-08-01 09:59:43 AM,382.65,299,114412.34999999999,94726269.59999992
2025-08-01 09:59:46 AM,382.65,5,1913.25,94728182.84999992
2025-08-01 09:59:50 AM,382.65,5,1913.25,94730096.09999992
2025-08-01 09:59:52 AM,382.65,26,9948.9,94740044.99999993
2025-08-01 09:59:58 AM,382.55,270,103288.5,94843333.49999993
2025-08-01 10:00:00 AM,382.65,0,0.0,94843333.49999993
2025-08-01 10:00:02 AM,382.65,112,42856.799999999996,94886190.29999992
2025-08-01 10:00:08 AM,382.85,140,53599.0,94939789.29999992
2025-08-01 10:00:11 AM,382.65,0,0.0,94939789.29999992
2025-08-01 10:00:11 AM,382.65,30,11479.5,94951268.79999992
2025-08-01 10:00:16 AM,382.85,0,0.0,94951268.79999992
2025-08-01 10:00:18 AM,382.85,1,382.85,94951651.64999992
2025-08-01 10:00:27 AM,382.85,100,38285.0,94989936.64999992
2025-08-01 10:00:30 AM,382.85,1500,574275.0,95564211.64999992
2025-08-01 10:00:33 AM,382.65,35,13392.75,95577604.39999992
2025-08-01 10:00:40 AM,382.6,0,0.0,95577604.39999992
2025-08-01 10:00:40 AM,382.6,1469,562039.4,96139643.79999992
2025-08-01 10:00:49 AM,382.6,204,78050.40000000001,96217694.19999993
2025-08-01 10:00:52 AM,382.6,11,4208.6,96221902.79999992
2025-08-01 10:00:56 AM,382.6,3,1147.8000000000002,96223050.59999992
2025-08-01 10:00:59 AM,382.6,50,19130.0,96242180.59999992
2025-08-01 10:01:02 AM,382.6,6,2295.6000000000004,96244476.19999991
2025-08-01 10:01:04 AM,382.7,0,0.0,96244476.19999991
2025-08-01 10:01:05 AM,382.7,1001,383082.7,96627558.89999992
2025-08-01 10:01:08 AM,382.7,2,765.4,96628324.29999992
2025-08-01 10:01:11 AM,382.7,6,2296.2,96630620.49999993
2025-08-01 10:01:18 AM,382.7,10,3827.0,96634447.49999993
2025-08-01 10:01:21 AM,382.7,50,19135.0,96653582.49999993
2025-08-01 10:01:23 AM,382.9,0,0.0,96653582.49999993
2025-08-01 10:01:24 AM,382.9,2,765.8,96654348.29999992
2025-08-01 10:01:27 AM,382.9,2,765.8,96655114.09999992
2025-08-01 10:01:33 AM,382.9,8,3063.2,96658177.29999992
2025-08-01 10:01:39 AM,382.85,0,0.0,96658177.29999992
2025-08-01 10:01:39 AM,382.85,3,1148.5500000000002,96659325.84999992
2025-08-01 10:01:44 AM,382.9,0,0.0,96659325.84999992
2025-08-01 10:01:46 AM,382.9,140,53606.0,96712931.84999992
2025-08-01 10:01:58 AM,382.85,1,382.85,96713314.69999991
2025-08-01 10:02:10 AM,382.8,0,0.0,96713314.69999991
2025-08-01 10:02:11 AM,382.8,391,149674.80000000002,96862989.49999991
2025-08-01 10:02:16 AM,382.85,0,0.0,96862989.49999991
2025-08-01 10:02:17 AM,382.8,482,184509.6,97047499.0999999
2025-08-01 10:02:19 AM,382.85,0,0.0,97047499.0999999
2025-08-01 10:02:19 AM,382.85,100,38285.0,97085784.0999999
2025-08-01 10:02:24 AM,383.0,0,0.0,97085784.0999999
2025-08-01 10:02:25 AM,383.0,678,259674.0,97345458.0999999
2025-08-01 10:02:31 AM,383.05,50,19152.5,97364610.5999999
2025-08-01 10:02:42 AM,383.05,52,19918.600000000002,97384529.1999999
2025-08-01 10:02:49 AM,383.0,61,23363.0,97407892.1999999
2025-08-01 10:02:55 AM,382.7,0,0.0,97407892.1999999
2025-08-01 10:02:55 AM,382.7,3408,1304241.5999999999,98712133.7999999
2025-08-01 10:02:57 AM,382.7,725,277457.5,98989591.2999999
2025-08-01 10:03:07 AM,382.5,1,382.5,98989973.7999999
2025-08-01 10:03:09 AM,382.7,19,7271.3,98997245.09999989
2025-08-01 10:03:14 AM,382.7,145,55491.5,99052736.59999989
2025-08-01 10:03:21 AM,382.5,10,3825.0,99056561.59999989
2025-08-01 10:03:36 AM,382.7,1,382.7,99056944.2999999
2025-08-01 10:03:43 AM,382.6,0,0.0,99056944.2999999
2025-08-01 10:03:46 AM,382.6,1,382.6,99057326.89999989
2025-08-01 10:03:51 AM,382.7,0,0.0,99057326.89999989
2025-08-01 10:03:52 AM,382.7,30,11481.0,99068807.89999989
2025-08-01 10:03:54 AM,382.65,52,19897.8,99088705.69999988
2025-08-01 10:03:58 AM,382.6,9,3443.4,99092149.09999989
2025-08-01 10:04:00 AM,382.7,75,28702.5,99120851.59999989
2025-08-01 10:04:11 AM,382.5,0,0.0,99120851.59999989
2025-08-01 10:04:11 AM,382.5,2259,864067.5,99984919.09999989
2025-08-01 10:04:17 AM,382.05,274,104681.7,100089600.7999999
2025-08-01 10:04:23 AM,382.15,20,7643.0,100097243.7999999
2025-08-01 10:04:30 AM,382.05,23,8787.15,100106030.9499999
2025-08-01 10:04:38 AM,382.05,14,5348.7,100111379.6499999
2025-08-01 10:04:42 AM,382.05,250,95512.5,100206892.1499999
2025-08-01 10:05:06 AM,382.15,0,0.0,100206892.1499999
2025-08-01 10:05:07 AM,382.15,50,19107.5,100225999.6499999
2025-08-01 10:05:13 AM,382.15,24,9171.599999999999,100235171.2499999
2025-08-01 10:05:15 AM,381.8,0,0.0,100235171.2499999
2025-08-01 10:05:15 AM,381.8,8008,3057454.4,103292625.6499999
2025-08-01 10:05:19 AM,381.35,529,201734.15000000002,103494359.79999991
2025-08-01 10:05:20 AM,381.25,0,0.0,103494359.79999991
2025-08-01 10:05:21 AM,381.5,68,25942.0,103520301.79999991
2025-08-01 10:05:24 AM,381.2,0,0.0,103520301.79999991
2025-08-01 10:05:25 AM,381.5,161,61421.5,103581723.29999991
2025-08-01 10:05:28 AM,381.25,12,4575.0,103586298.29999991
2025-08-01 10:05:31 AM,381.5,0,0.0,103586298.29999991
2025-08-01 10:05:32 AM,381.5,24,9156.0,103595454.29999991
2025-08-01 10:05:34 AM,381.25,0,0.0,103595454.29999991
2025-08-01 10:05:34 AM,381.25,105,40031.25,103635485.54999991
2025-08-01 10:05:38 AM,381.55,991,378116.05,104013601.5999999
2025-08-01 10:05:40 AM,381.5,0,0.0,104013601.5999999
2025-08-01 10:05:40 AM,381.5,723,275824.5,104289426.0999999
2025-08-01 10:05:43 AM,381.55,0,0.0,104289426.0999999
2025-08-01 10:05:44 AM,381.8,447,170664.6,104460090.6999999
2025-08-01 10:05:46 AM,381.55,0,0.0,104460090.6999999
2025-08-01 10:05:46 AM,381.55,151,57614.05,104517704.7499999
2025-08-01 10:05:55 AM,381.5,0,0.0,104517704.7499999
2025-08-01 10:05:56 AM,381.7,108,41223.6,104558928.34999989
2025-08-01 10:05:58 AM,381.7,111,42368.7,104601297.0499999
2025-08-01 10:06:01 AM,381.55,0,0.0,104601297.0499999
2025-08-01 10:06:02 AM,381.5,66,25179.0,104626476.0499999
2025-08-01 10:06:08 AM,381.45,115,43866.75,104670342.7999999
2025-08-01 10:06:10 AM,381.45,18,6866.099999999999,104677208.89999989
2025-08-01 10:06:13 AM,381.5,605,230807.5,104908016.39999989
2025-08-01 10:06:16 AM,381.5,5,1907.5,104909923.89999989
2025-08-01 10:06:18 AM,381.45,0,0.0,104909923.89999989
2025-08-01 10:06:19 AM,381.45,31,11824.949999999999,104921748.84999989
2025-08-01 10:06:21 AM,381.5,0,0.0,104921748.84999989
2025-08-01 10:06:22 AM,381.5,8,3052.0,104924800.84999989
2025-08-01 10:06:24 AM,381.25,0,0.0,104924800.84999989
2025-08-01 10:06:25 AM,381.25,2403,916143.75,105840944.59999989
2025-08-01 10:06:27 AM,381.3,0,0.0,105840944.59999989
2025-08-01 10:06:28 AM,381.3,5,1906.5,105842851.09999989
2025-08-01 10:06:31 AM,380.8,8951,3408540.8000000003,109251391.89999989
2025-08-01 10:06:33 AM,380.8,10,3808.0,109255199.89999989
2025-08-01 10:06:34 AM,380.85,0,0.0,109255199.89999989
2025-08-01 10:06:37 AM,380.55,162,61649.1,109316848.99999988
2025-08-01 10:06:40 AM,380.7,151,57485.7,109374334.69999988
2025-08-01 10:06:42 AM,380.75,0,0.0,109374334.69999988
2025-08-01 10:06:43 AM,380.75,54,20560.5,109394895.19999988
2025-08-01 10:06:50 AM,380.7,744,283240.8,109678135.99999988
2025-08-01 10:06:51 AM,380.7,6,2284.2,109680420.19999988
2025-08-01 10:06:56 AM,380.7,214,81469.8,109761889.99999988
2025-08-01 10:06:58 AM,380.7,528,201009.6,109962899.59999987
2025-08-01 10:07:02 AM,380.7,26,9898.199999999999,109972797.79999988
2025-08-01 10:07:08 AM,380.7,10,3807.0,109976604.79999988
2025-08-01 10:07:12 AM,380.55,0,0.0,109976604.79999988
2025-08-01 10:07:14 AM,380.35,246,93566.1,110070170.89999987
2025-08-01 10:07:16 AM,380.4,3,1141.1999999999998,110071312.09999987
2025-08-01 10:07:21 AM,380.6,102,38821.200000000004,110110133.29999988
2025-08-01 10:07:27 AM,380.85,0,0.0,110110133.29999988
2025-08-01 10:07:27 AM,380.95,1810,689519.5,110799652.79999988
2025-08-01 10:07:31 AM,380.65,0,0.0,110799652.79999988
2025-08-01 10:07:33 AM,380.85,124,47225.4,110846878.19999988
2025-08-01 10:07:35 AM,380.6,0,0.0,110846878.19999988
2025-08-01 10:07:35 AM,380.6,120,45672.0,110892550.19999988
2025-08-01 10:07:39 AM,380.85,0,0.0,110892550.19999988
2025-08-01 10:07:39 AM,380.85,252,95974.20000000001,110988524.39999989
2025-08-01 10:07:41 AM,380.85,22,8378.7,110996903.09999989
2025-08-01 10:07:44 AM,380.9,0,0.0,110996903.09999989
2025-08-01 10:07:44 AM,381.0,0,0.0,110996903.09999989
2025-08-01 10:07:45 AM,381.0,203,77343.0,111074246.09999989
2025-08-01 10:07:47 AM,380.95,1,380.95,111074627.0499999
2025-08-01 10:07:49 AM,380.7,0,0.0,111074627.0499999
2025-08-01 10:07:51 AM,380.85,232,88357.20000000001,111162984.2499999
2025-08-01 10:07:58 AM,380.85,130,49510.5,111212494.7499999
2025-08-01 10:07:59 AM,380.85,115,43797.75,111256292.4999999
2025-08-01 10:08:03 AM,380.7,0,0.0,111256292.4999999
2025-08-01 10:08:04 AM,380.85,87,33133.950000000004,111289426.4499999
2025-08-01 10:08:05 AM,380.85,10,3808.5,111293234.9499999
2025-08-01 10:08:09 AM,380.7,0,0.0,111293234.9499999
2025-08-01 10:08:10 AM,380.85,41,15614.85,111308849.7999999
2025-08-01 10:08:16 AM,380.85,1,380.85,111309230.64999989
2025-08-01 10:08:22 AM,380.85,108,41131.8,111350362.44999988
2025-08-01 10:08:24 AM,380.7,0,0.0,111350362.44999988
2025-08-01 10:08:24 AM,380.85,130,49510.5,111399872.94999988
2025-08-01 10:08:28 AM,380.85,30,11425.5,111411298.44999988
2025-08-01 10:08:30 AM,380.85,5,1904.25,111413202.69999988
2025-08-01 10:08:33 AM,380.75,0,0.0,111413202.69999988
2025-08-01 10:08:34 AM,380.85,0,0.0,111413202.69999988
2025-08-01 10:08:34 AM,380.85,225,85691.25,111498893.94999988
2025-08-01 10:08:36 AM,380.8,0,0.0,111498893.94999988
2025-08-01 10:08:36 AM,380.8,38,14470.4,111513364.34999989
2025-08-01 10:08:39 AM,380.85,0,0.0,111513364.34999989
2025-08-01 10:08:40 AM,380.85,2,761.7,111514126.0499999
2025-08-01 10:08:47 AM,380.85,22,8378.7,111522504.7499999
2025-08-01 10:08:48 AM,380.85,100,38085.0,111560589.7499999
2025-08-01 10:08:51 AM,380.8,0,0.0,111560589.7499999
2025-08-01 10:08:52 AM,380.8,511,194588.80000000002,111755178.5499999
2025-08-01 10:08:54 AM,380.55,0,0.0,111755178.5499999
2025-08-01 10:08:54 AM,380.55,1888,718478.4,112473656.9499999
2025-08-01 10:08:58 AM,380.55,421,160211.55000000002,112633868.4999999
2025-08-01 10:09:04 AM,380.55,5,1902.75,112635771.2499999
2025-08-01 10:09:09 AM,380.65,0,0.0,112635771.2499999
2025-08-01 10:09:10 AM,380.65,975,371133.75,113006904.9999999
2025-08-01 10:09:13 AM,380.95,0,0.0,113006904.9999999
2025-08-01 10:09:16 AM,380.95,301,114665.95,113121570.9499999
2025-08-01 10:09:21 AM,381.0,0,0.0,113121570.9499999
2025-08-01 10:09:22 AM,381.0,1352,515112.0,113636682.9499999
2025-08-01 10:09:24 AM,381.0,100,38100.0,113674782.9499999
2025-08-01 10:09:27 AM,381.3,0,0.0,113674782.9499999
2025-08-01 10:09:28 AM,381.35,328,125082.8,113799865.7499999
2025-08-01 10:09:30 AM,381.35,485,184954.75,113984820.4999999
2025-08-01 10:09:39 AM,381.5,0,0.0,113984820.4999999
2025-08-01 10:09:39 AM,381.5,100,38150.0,114022970.4999999
2025-08-01 10:09:41 AM,381.55,1,381.55,114023352.0499999
2025-08-01 10:09:45 AM,381.55,36,13735.800000000001,114037087.84999989
2025-08-01 10:09:47 AM,381.3,45,17158.5,114054246.34999989
2025-08-01 10:09:51 AM,381.55,0,0.0,114054246.34999989
2025-08-01 10:09:51 AM,381.55,10,3815.5,114058061.84999989
2025-08-01 10:09:56 AM,381.2,300,114360.0,114172421.84999989
2025-08-01 10:10:01 AM,381.45,0,0.0,114172421.84999989
2025-08-01 10:10:02 AM,381.5,2,763.0,114173184.84999989
2025-08-01 10:10:08 AM,381.55,277,105689.35,114278874.19999988
2025-08-01 10:10:10 AM,381.5,0,0.0,114278874.19999988
2025-08-01 10:10:10 AM,381.5,3760,1434440.0,115713314.19999988
2025-08-01 10:10:12 AM,381.05,0,0.0,115713314.19999988
2025-08-01 10:10:13 AM,381.4,0,0.0,115713314.19999988
2025-08-01 10:10:14 AM,381.4,478,182309.19999999998,115895623.39999989
2025-08-01 10:10:16 AM,381.1,0,0.0,115895623.39999989
2025-08-01 10:10:16 AM,381.1,35,13338.5,115908961.89999989
2025-08-01 10:10:20 AM,381.35,20,7627.0,115916588.89999989
2025-08-01 10:10:26 AM,381.05,15,5715.75,115922304.64999989
2025-08-01 10:10:27 AM,381.0,0,0.0,115922304.64999989
2025-08-01 10:10:27 AM,381.0,200,76200.0,115998504.64999989
2025-08-01 10:10:32 AM,381.0,58,22098.0,116020602.64999989
2025-08-01 10:10:33 AM,381.0,242,92202.0,116112804.64999989
2025-08-01 10:10:36 AM,381.35,0,0.0,116112804.64999989
2025-08-01 10:10:38 AM,381.35,200,76270.0,116189074.64999989
2025-08-01 10:10:39 AM,381.35,110,41948.5,116231023.14999989
2025-08-01 10:10:42 AM,381.4,0,0.0,116231023.14999989
2025-08-01 10:10:44 AM,381.4,17,6483.799999999999,116237506.94999988
2025-08-01 10:10:45 AM,381.35,0,0.0,116237506.94999988
2025-08-01 10:10:45 AM,381.35,10,3813.5,116241320.44999988
2025-08-01 10:10:48 AM,381.05,0,0.0,116241320.44999988
2025-08-01 10:10:50 AM,381.3,501,191031.30000000002,116432351.74999988
2025-08-01 10:10:52 AM,381.35,1,381.35,116432733.09999987
2025-08-01 10:10:56 AM,381.0,125,47625.0,116480358.09999987
2025-08-01 10:10:57 AM,381.05,0,0.0,116480358.09999987
2025-08-01 10:10:57 AM,381.05,25,9526.25,116489884.34999987
2025-08-01 10:11:06 AM,381.3,0,0.0,116489884.34999987
2025-08-01 10:11:07 AM,381.3,155,59101.5,116548985.84999987
2025-08-01 10:11:12 AM,381.0,0,0.0,116548985.84999987
2025-08-01 10:11:14 AM,381.0,691,263271.0,116812256.84999987
2025-08-01 10:11:19 AM,381.0,20,7620.0,116819876.84999987
2025-08-01 10:11:21 AM,381.0,208,79248.0,116899124.84999987
2025-08-01 10:11:25 AM,381.0,32,12192.0,116911316.84999987
2025-08-01 10:11:31 AM,380.95,19,7238.05,116918554.89999987
2025-08-01 10:11:33 AM,381.0,0,0.0,116918554.89999987
2025-08-01 10:11:36 AM,381.1,0,0.0,116918554.89999987
2025-08-01 10:11:36 AM,381.1,992,378051.2,117296606.09999987
2025-08-01 10:11:42 AM,381.3,0,0.0,117296606.09999987
2025-08-01 10:11:42 AM,381.3,11,4194.3,117300800.39999987
2025-08-01 10:11:49 AM,381.3,22,8388.6,117309188.99999987
2025-08-01 10:11:54 AM,381.45,0,0.0,117309188.99999987
2025-08-01 10:11:54 AM,381.45,200,76290.0,117385478.99999987
2025-08-01 10:11:57 AM,381.05,0,0.0,117385478.99999987
2025-08-01 10:12:00 AM,381.45,0,0.0,117385478.99999987
2025-08-01 10:12:00 AM,381.45,344,131218.8,117516697.79999986
2025-08-01 10:12:03 AM,381.35,0,0.0,117516697.79999986
2025-08-01 10:12:06 AM,381.45,0,0.0,117516697.79999986
2025-08-01 10:12:06 AM,381.45,4218,1608956.0999999999,119125653.89999986
2025-08-01 10:12:12 AM,381.45,101,38526.45,119164180.34999986
2025-08-01 10:12:18 AM,381.45,1,381.45,119164561.79999986
2025-08-01 10:12:21 AM,381.4,0,0.0,119164561.79999986
2025-08-01 10:12:23 AM,381.4,119,45386.6,119209948.39999986
2025-08-01 10:12:24 AM,381.4,1027,391697.8,119601646.19999985
2025-08-01 10:12:29 AM,381.45,54,20598.3,119622244.49999985
2025-08-01 10:12:33 AM,381.55,0,0.0,119622244.49999985
2025-08-01 10:12:35 AM,381.4,25,9535.0,119631779.49999985
2025-08-01 10:12:39 AM,381.7,0,0.0,119631779.49999985
2025-08-01 10:12:40 AM,381.7,481,183597.69999999998,119815377.19999985
2025-08-01 10:12:41 AM,381.85,11,4200.35,119819577.54999985
2025-08-01 10:12:46 AM,382.1,10,3821.0,119823398.54999985
2025-08-01 10:12:52 AM,382.15,500,191075.0,120014473.54999985
2025-08-01 10:12:53 AM,382.1,2,764.2,120015237.74999985
2025-08-01 10:13:00 AM,382.0,0,0.0,120015237.74999985
2025-08-01 10:13:03 AM,382.0,85,32470.0,120047707.74999985
2025-08-01 10:13:09 AM,381.65,0,0.0,120047707.74999985
2025-08-01 10:13:09 AM,381.65,407,155331.55,120203039.29999985
2025-08-01 10:13:10 AM,381.55,91,34721.05,120237760.34999985
2025-08-01 10:13:12 AM,381.5,0,0.0,120237760.34999985
2025-08-01 10:13:15 AM,381.85,1479,564756.15,120802516.49999985
2025-08-01 10:13:18 AM,381.95,0,0.0,120802516.49999985
2025-08-01 10:13:21 AM,381.95,15,5729.25,120808245.74999985
2025-08-01 10:13:22 AM,381.35,1443,550288.05,121358533.79999985
2025-08-01 10:13:24 AM,381.8,0,0.0,121358533.79999985
2025-08-01 10:13:27 AM,381.5,0,0.0,121358533.79999985
2025-08-01 10:13:27 AM,381.5,656,250264.0,121608797.79999985
2025-08-01 10:13:30 AM,381.8,0,0.0,121608797.79999985
2025-08-01 10:13:33 AM,381.5,0,0.0,121608797.79999985
2025-08-01 10:13:33 AM,381.5,9,3433.5,121612231.29999985
2025-08-01 10:13:39 AM,381.8,0,0.0,121612231.29999985
2025-08-01 10:13:39 AM,381.8,5,1909.0,121614140.29999985
2025-08-01 10:13:45 AM,381.8,61,23289.8,121637430.09999985
2025-08-01 10:13:51 AM,381.8,111,42379.8,121679809.89999984
2025-08-01 10:14:00 AM,382.1,0,0.0,121679809.89999984
2025-08-01 10:14:03 AM,382.1,302,115394.20000000001,121795204.09999985
2025-08-01 10:14:14 AM,382.1,14,5349.400000000001,121800553.49999985
2025-08-01 10:14:15 AM,381.85,110,42003.5,121842556.99999985
2025-08-01 10:14:18 AM,381.8,0,0.0,121842556.99999985
2025-08-01 10:14:20 AM,381.8,148,56506.4,121899063.39999986
2025-08-01 10:14:24 AM,382.05,0,0.0,121899063.39999986
2025-08-01 10:14:26 AM,382.05,52,19866.600000000002,121918929.99999985
2025-08-01 10:14:31 AM,382.05,25,9551.25,121928481.24999985
2025-08-01 10:14:32 AM,381.8,50,19090.0,121947571.24999985
2025-08-01 10:14:36 AM,382.0,0,0.0,121947571.24999985
2025-08-01 10:14:37 AM,382.0,122,46604.0,121994175.24999985
2025-08-01 10:14:42 AM,381.75,0,0.0,121994175.24999985
2025-08-01 10:14:43 AM,381.2,3713,1415395.5999999999,123409570.84999985
2025-08-01 10:14:48 AM,381.25,0,0.0,123409570.84999985
2025-08-01 10:14:49 AM,381.0,1401,533781.0,123943351.84999985
2025-08-01 10:14:54 AM,381.25,0,0.0,123943351.84999985
2025-08-01 10:14:55 AM,381.25,5,1906.25,123945258.09999985
2025-08-01 10:15:02 AM,381.0,0,0.0,123945258.09999985
2025-08-01 10:15:04 AM,380.85,0,0.0,123945258.09999985
2025-08-01 10:15:06 AM,380.65,0,0.0,123945258.09999985
2025-08-01 10:15:06 AM,380.55,2414,918647.7000000001,124863905.79999985
2025-08-01 10:15:07 AM,380.85,57,21708.45,124885614.24999985
2025-08-01 10:15:12 AM,380.85,300,114255.0,124999869.24999985
2025-08-01 10:15:14 AM,380.8,0,0.0,124999869.24999985
2025-08-01 10:15:18 AM,380.55,0,0.0,124999869.24999985
2025-08-01 10:15:18 AM,380.55,79,30063.45,125029932.69999985
2025-08-01 10:15:21 AM,380.8,0,0.0,125029932.69999985
2025-08-01 10:15:24 AM,380.8,50,19040.0,125048972.69999985
2025-08-01 10:15:25 AM,380.8,10,3808.0,125052780.69999985
2025-08-01 10:15:30 AM,380.8,16,6092.8,125058873.49999985
2025-08-01 10:15:36 AM,380.8,102,38841.6,125097715.09999985
2025-08-01 10:15:37 AM,380.8,10,3808.0,125101523.09999985
2025-08-01 10:15:42 AM,380.8,158,60166.4,125161689.49999985
2025-08-01 10:15:43 AM,380.8,203,77302.40000000001,125238991.89999986
2025-08-01 10:15:47 AM,380.7,0,0.0,125238991.89999986
2025-08-01 10:15:48 AM,380.7,255,97078.5,125336070.39999986
2025-08-01 10:15:49 AM,380.7,26,9898.199999999999,125345968.59999986
2025-08-01 10:15:53 AM,380.5,0,0.0,125345968.59999986
2025-08-01 10:15:54 AM,380.5,577,219548.5,125565517.09999986
2025-08-01 10:15:59 AM,380.7,0,0.0,125565517.09999986
2025-08-01 10:16:00 AM,380.7,2,761.4,125566278.49999987
2025-08-01 10:16:06 AM,380.7,20,7614.0,125573892.49999987
2025-08-01 10:16:11 AM,380.5,0,0.0,125573892.49999987
2025-08-01 10:16:11 AM,380.5,1010,384305.0,125958197.49999987
2025-08-01 10:16:14 AM,380.75,0,0.0,125958197.49999987
2025-08-01 10:16:17 AM,380.5,0,0.0,125958197.49999987
2025-08-01 10:16:17 AM,380.5,64,24352.0,125982549.49999987
2025-08-01 10:16:23 AM,380.7,12,4568.4,125987117.89999987
2025-08-01 10:16:26 AM,380.5,0,0.0,125987117.89999987
2025-08-01 10:16:29 AM,380.5,51,19405.5,126006523.39999987
2025-08-01 10:16:35 AM,380.7,0,0.0,126006523.39999987
2025-08-01 10:16:35 AM,380.7,737,280575.89999999997,126287099.29999988
2025-08-01 10:16:46 AM,380.7,132,50252.4,126337351.69999988
2025-08-01 10:16:50 AM,380.85,0,0.0,126337351.69999988
2025-08-01 10:16:52 AM,380.85,1002,381611.7,126718963.39999989
2025-08-01 10:16:59 AM,380.7,0,0.0,126718963.39999989
2025-08-01 10:17:00 AM,380.8,0,0.0,126718963.39999989
2025-08-01 10:17:03 AM,380.85,0,0.0,126718963.39999989
2025-08-01 10:17:03 AM,380.85,96,36561.600000000006,126755524.99999988
2025-08-01 10:17:03 AM,380.85,2,761.7,126756286.69999988
2025-08-01 10:17:08 AM,380.85,1,380.85,126756667.54999988
2025-08-01 10:17:11 AM,380.95,0,0.0,126756667.54999988
2025-08-01 10:17:14 AM,380.85,0,0.0,126756667.54999988
2025-08-01 10:17:14 AM,380.85,50,19042.5,126775710.04999988
2025-08-01 10:17:18 AM,381.05,0,0.0,126775710.04999988
2025-08-01 10:17:20 AM,381.1,0,0.0,126775710.04999988
2025-08-01 10:17:20 AM,381.1,51,19436.100000000002,126795146.14999987
2025-08-01 10:17:21 AM,381.05,0,0.0,126795146.14999987
2025-08-01 10:17:23 AM,381.15,0,0.0,126795146.14999987
2025-08-01 10:17:26 AM,381.25,0,0.0,126795146.14999987
2025-08-01 10:17:26 AM,381.25,741,282506.25,127077652.39999987
2025-08-01 10:17:29 AM,381.15,0,0.0,127077652.39999987
2025-08-01 10:17:32 AM,381.0,2,762.0,127078414.39999987
2025-08-01 10:17:33 AM,381.05,0,0.0,127078414.39999987
2025-08-01 10:17:35 AM,381.15,0,0.0,127078414.39999987
2025-08-01 10:17:37 AM,381.15,13,4954.95,127083369.34999987
2025-08-01 10:17:42 AM,381.0,0,0.0,127083369.34999987
2025-08-01 10:17:43 AM,381.15,524,199722.59999999998,127283091.94999987
2025-08-01 10:17:47 AM,380.7,0,0.0,127283091.94999987
2025-08-01 10:17:49 AM,380.7,500,190350.0,127473441.94999987
2025-08-01 10:17:51 AM,380.6,0,0.0,127473441.94999987
2025-08-01 10:17:54 AM,380.9,0,0.0,127473441.94999987
2025-08-01 10:17:55 AM,380.9,235,89511.5,127562953.44999987
2025-08-01 10:18:01 AM,380.9,200,76180.0,127639133.44999987
2025-08-01 10:18:03 AM,380.55,0,0.0,127639133.44999987
2025-08-01 10:18:06 AM,380.9,0,0.0,127639133.44999987
2025-08-01 10:18:07 AM,380.9,325,123792.49999999999,127762925.94999987
2025-08-01 10:18:26 AM,380.85,0,0.0,127762925.94999987
2025-08-01 10:18:27 AM,380.5,0,0.0,127762925.94999987
2025-08-01 10:18:30 AM,380.5,505,192152.5,127955078.44999987
2025-08-01 10:18:33 AM,380.55,0,0.0,127955078.44999987
2025-08-01 10:18:35 AM,380.5,0,0.0,127955078.44999987
2025-08-01 10:18:36 AM,380.5,476,181118.0,128136196.44999987
2025-08-01 10:18:38 AM,380.8,0,0.0,128136196.44999987
2025-08-01 10:18:39 AM,380.7,0,0.0,128136196.44999987
2025-08-01 10:18:42 AM,380.5,140,53270.0,128189466.44999987
2025-08-01 10:18:45 AM,380.8,0,0.0,128189466.44999987
2025-08-01 10:18:46 AM,380.75,0,0.0,128189466.44999987
2025-08-01 10:18:47 AM,380.75,19,7234.25,128196700.69999987
2025-08-01 10:18:53 AM,380.75,15,5711.25,128202411.94999987
2025-08-01 10:18:58 AM,380.75,500,190375.0,128392786.94999987
2025-08-01 10:19:01 AM,380.55,0,0.0,128392786.94999987
2025-08-01 10:19:04 AM,380.55,46,17505.3,128410292.24999987
2025-08-01 10:19:04 AM,380.75,30,11422.5,128421714.74999987
2025-08-01 10:19:10 AM,380.75,35,13326.25,128435040.99999987
2025-08-01 10:19:19 AM,380.8,0,0.0,128435040.99999987
2025-08-01 10:19:22 AM,380.8,50,19040.0,128454080.99999987
2025-08-01 10:19:27 AM,380.8,11,4188.8,128458269.79999986
2025-08-01 10:19:28 AM,380.8,20,7616.0,128465885.79999986
2025-08-01 10:19:44 AM,380.8,3,1142.4,128467028.19999987
2025-08-01 10:19:49 AM,380.5,0,0.0,128467028.19999987
2025-08-01 10:19:50 AM,380.5,3374,1283807.0,129750835.19999987
2025-08-01 10:19:55 AM,380.55,0,0.0,129750835.19999987
2025-08-01 10:19:56 AM,380.55,25,9513.75,129760348.94999987
2025-08-01 10:20:01 AM,380.55,1,380.55,129760729.49999987
2025-08-01 10:20:06 AM,380.55,2,761.1,129761490.59999986
2025-08-01 10:20:13 AM,380.55,146,55560.3,129817050.89999986
2025-08-01 10:20:16 AM,380.6,0,0.0,129817050.89999986
2025-08-01 10:20:18 AM,380.6,40,15224.0,129832274.89999986
2025-08-01 10:20:24 AM,380.6,23,8753.800000000001,129841028.69999985
2025-08-01 10:20:25 AM,380.55,0,0.0,129841028.69999985
2025-08-01 10:20:25 AM,380.6,475,180785.0,130021813.69999985
2025-08-01 10:20:29 AM,380.5,0,0.0,130021813.69999985
2025-08-01 10:20:29 AM,380.5,738,280809.0,130302622.69999985
2025-08-01 10:20:31 AM,380.5,65,24732.5,130327355.19999985
2025-08-01 10:20:35 AM,380.4,410,155964.0,130483319.19999985
2025-08-01 10:20:37 AM,380.5,45,17122.5,130500441.69999985
2025-08-01 10:20:42 AM,380.5,20,7610.0,130508051.69999985
2025-08-01 10:20:48 AM,380.5,28,10654.0,130518705.69999985
2025-08-01 10:20:54 AM,380.5,300,114150.0,130632855.69999985
2025-08-01 10:20:56 AM,380.5,100,38050.0,130670905.69999985
2025-08-01 10:20:59 AM,380.5,61,23210.5,130694116.19999985
2025-08-01 10:21:01 AM,380.5,100,38050.0,130732166.19999985
2025-08-01 10:21:05 AM,380.5,43,16361.5,130748527.69999985
2025-08-01 10:21:10 AM,380.5,75,28537.5,130777065.19999985
2025-08-01 10:21:12 AM,380.5,220,83710.0,130860775.19999985
2025-08-01 10:21:16 AM,380.4,0,0.0,130860775.19999985
2025-08-01 10:21:16 AM,380.4,215,81786.0,130942561.19999985
2025-08-01 10:21:18 AM,380.4,32,12172.8,130954733.99999985
2025-08-01 10:21:20 AM,380.5,0,0.0,130954733.99999985
2025-08-01 10:21:22 AM,380.45,524,199355.8,131154089.79999985
2025-08-01 10:21:28 AM,380.5,0,0.0,131154089.79999985
2025-08-01 10:21:29 AM,380.45,220,83699.0,131237788.79999985
2025-08-01 10:21:32 AM,380.45,12,4565.4,131242354.19999985
2025-08-01 10:21:38 AM,380.55,285,108456.75,131350810.94999985
2025-08-01 10:21:39 AM,380.25,0,0.0,131350810.94999985
2025-08-01 10:21:39 AM,380.55,0,0.0,131350810.94999985
2025-08-01 10:21:40 AM,380.55,1569,597082.9500000001,131947893.89999986
2025-08-01 10:21:42 AM,380.6,0,0.0,131947893.89999986
2025-08-01 10:21:43 AM,380.65,575,218873.75,132166767.64999986
2025-08-01 10:21:48 AM,380.7,0,0.0,132166767.64999986
2025-08-01 10:21:49 AM,380.7,500,190350.0,132357117.64999986
2025-08-01 10:22:01 AM,380.6,100,38060.0,132395177.64999986
2025-08-01 10:22:02 AM,380.6,70,26642.0,132421819.64999986
2025-08-01 10:22:06 AM,380.5,0,0.0,132421819.64999986
2025-08-01 10:22:06 AM,380.5,63,23971.5,132445791.14999986
2025-08-01 10:22:08 AM,380.5,10,3805.0,132449596.14999986
2025-08-01 10:22:12 AM,380.5,210,79905.0,132529501.14999986
2025-08-01 10:22:14 AM,380.5,1054,401047.0,132930548.14999986
2025-08-01 10:22:20 AM,380.5,56,21308.0,132951856.14999986
2025-08-01 10:22:24 AM,380.4,0,0.0,132951856.14999986
2025-08-01 10:22:24 AM,380.4,400,152160.0,133104016.14999986
2025-08-01 10:22:35 AM,380.25,791,300777.75,133404793.89999986
2025-08-01 10:22:36 AM,380.4,0,0.0,133404793.89999986
2025-08-01 10:22:37 AM,380.4,600,228240.0,133633033.89999986
2025-08-01 10:22:39 AM,380.25,0,0.0,133633033.89999986
2025-08-01 10:22:41 AM,380.4,57,21682.8,133654716.69999985
2025-08-01 10:22:46 AM,380.4,500,190200.0,133844916.69999985
2025-08-01 10:22:48 AM,380.4,550,209220.0,134054136.69999985
2025-08-01 10:22:51 AM,380.4,40,15216.0,134069352.69999985
2025-08-01 10:22:54 AM,380.25,0,0.0,134069352.69999985
2025-08-01 10:22:54 AM,380.25,100,38025.0,134107377.69999985
2025-08-01 10:22:57 AM,380.2,0,0.0,134107377.69999985
2025-08-01 10:22:57 AM,380.2,172,65394.4,134172772.09999986
2025-08-01 10:22:59 AM,380.25,94,35743.5,134208515.59999986
2025-08-01 10:23:02 AM,380.2,0,0.0,134208515.59999986
2025-08-01 10:23:02 AM,380.2,478,181735.6,134390251.19999987
2025-08-01 10:23:05 AM,380.2,50,19010.0,134409261.19999987
2025-08-01 10:23:08 AM,380.2,17,6463.4,134415724.59999987
2025-08-01 10:23:11 AM,380.2,32,12166.4,134427890.99999988
2025-08-01 10:23:15 AM,379.55,0,0.0,134427890.99999988
2025-08-01 10:23:17 AM,379.75,0,0.0,134427890.99999988
2025-08-01 10:23:17 AM,379.75,12593,4782191.75,139210082.74999988
2025-08-01 10:23:18 AM,379.9,0,0.0,139210082.74999988
2025-08-01 10:23:20 AM,379.9,806,306199.39999999997,139516282.1499999
2025-08-01 10:23:23 AM,379.55,0,0.0,139516282.1499999
2025-08-01 10:23:23 AM,379.55,51,19357.05,139535639.1999999
2025-08-01 10:23:24 AM,379.45,0,0.0,139535639.1999999
2025-08-01 10:23:25 AM,380.05,5451,2071652.55,141607291.7499999
2025-08-01 10:23:38 AM,379.5,0,0.0,141607291.7499999
2025-08-01 10:23:39 AM,379.45,0,0.0,141607291.7499999
2025-08-01 10:23:40 AM,379.75,4250,1613937.5,143221229.2499999
2025-08-01 10:23:42 AM,379.5,900,341550.0,143562779.2499999
2025-08-01 10:23:44 AM,379.9,0,0.0,143562779.2499999
2025-08-01 10:23:45 AM,379.85,0,0.0,143562779.2499999
2025-08-01 10:23:45 AM,379.85,254,96481.90000000001,143659261.14999992
2025-08-01 10:23:47 AM,379.5,0,0.0,143659261.14999992
2025-08-01 10:23:47 AM,379.5,72,27324.0,143686585.14999992
2025-08-01 10:23:51 AM,379.75,0,0.0,143686585.14999992
2025-08-01 10:23:51 AM,379.75,5,1898.75,143688483.89999992
2025-08-01 10:23:56 AM,379.7,0,0.0,143688483.89999992
2025-08-01 10:23:57 AM,379.7,155,58853.5,143747337.39999992
2025-08-01 10:23:58 AM,379.75,0,0.0,143747337.39999992
2025-08-01 10:23:59 AM,379.75,108,41013.0,143788350.39999992
2025-08-01 10:24:01 AM,379.75,826,313673.5,144102023.89999992
2025-08-01 10:24:03 AM,379.85,1510,573573.5,144675597.39999992
2025-08-01 10:24:07 AM,379.8,210,79758.0,144755355.39999992
2025-08-01 10:24:09 AM,379.8,133,50513.4,144805868.79999992
2025-08-01 10:24:11 AM,380.0,0,0.0,144805868.79999992
2025-08-01 10:24:11 AM,379.8,0,0.0,144805868.79999992
2025-08-01 10:24:11 AM,379.8,104,39499.200000000004,144845367.9999999
2025-08-01 10:24:12 AM,379.8,100,37980.0,144883347.9999999
2025-08-01 10:24:15 AM,380.0,0,0.0,144883347.9999999
2025-08-01 10:24:15 AM,380.0,105,39900.0,144923247.9999999
2025-08-01 10:24:20 AM,380.0,265,100700.0,145023947.9999999
2025-08-01 10:24:22 AM,380.0,1,380.0,145024327.9999999
2025-08-01 10:24:26 AM,380.0,110,41800.0,145066127.9999999
2025-08-01 10:24:28 AM,380.0,5,1900.0,145068027.9999999
2025-08-01 10:24:29 AM,379.8,0,0.0,145068027.9999999
2025-08-01 10:24:29 AM,379.8,299,113560.2,145181588.1999999
2025-08-01 10:24:30 AM,380.0,0,0.0,145181588.1999999
2025-08-01 10:24:30 AM,380.0,50,19000.0,145200588.1999999
2025-08-01 10:24:33 AM,380.0,50,19000.0,145219588.1999999
2025-08-01 10:24:36 AM,379.95,0,0.0,145219588.1999999
2025-08-01 10:24:36 AM,379.95,5,1899.75,145221487.9499999
2025-08-01 10:24:37 AM,379.95,100,37995.0,145259482.9499999
2025-08-01 10:24:37 AM,379.95,2,759.9,145260242.8499999
2025-08-01 10:24:41 AM,379.9,0,0.0,145260242.8499999
2025-08-01 10:24:41 AM,379.9,593,225280.69999999998,145485523.5499999
2025-08-01 10:24:43 AM,379.7,0,0.0,145485523.5499999
2025-08-01 10:24:43 AM,379.7,295,112011.5,145597535.0499999
2025-08-01 10:24:45 AM,379.8,0,0.0,145597535.0499999
2025-08-01 10:24:45 AM,379.8,99,37600.200000000004,145635135.24999988
2025-08-01 10:24:48 AM,379.7,25,9492.5,145644627.74999988
2025-08-01 10:24:51 AM,379.55,252,95646.6,145740274.34999987
2025-08-01 10:24:56 AM,379.65,0,0.0,145740274.34999987
2025-08-01 10:24:56 AM,379.65,126,47835.899999999994,145788110.24999988
2025-08-01 10:24:57 AM,379.5,0,0.0,145788110.24999988
2025-08-01 10:24:57 AM,379.5,14,5313.0,145793423.24999988
2025-08-01 10:25:02 AM,379.35,94,35658.9,145829082.1499999
2025-08-01 10:25:05 AM,379.35,208,78904.8,145907986.9499999
2025-08-01 10:25:09 AM,379.55,801,304019.55,146212006.4999999
2025-08-01 10:25:13 AM,379.35,0,0.0,146212006.4999999
2025-08-01 10:25:14 AM,379.35,1022,387695.7,146599702.1999999
2025-08-01 10:25:16 AM,379.7,0,0.0,146599702.1999999
2025-08-01 10:25:17 AM,379.7,150,56955.0,146656657.1999999
2025-08-01 10:25:19 AM,379.4,0,0.0,146656657.1999999
2025-08-01 10:25:20 AM,379.4,25,9485.0,146666142.1999999
2025-08-01 10:25:22 AM,379.55,0,0.0,146666142.1999999
2025-08-01 10:25:23 AM,379.55,50,18977.5,146685119.6999999
2025-08-01 10:25:24 AM,379.4,0,0.0,146685119.6999999
2025-08-01 10:25:26 AM,379.4,356,135066.4,146820186.0999999
2025-08-01 10:25:28 AM,379.4,1,379.4,146820565.4999999
2025-08-01 10:25:30 AM,379.35,0,0.0,146820565.4999999
2025-08-01 10:25:32 AM,379.35,501,190054.35,147010619.8499999
2025-08-01 10:25:39 AM,379.35,188,71317.8,147081937.64999992
2025-08-01 10:25:42 AM,379.3,0,0.0,147081937.64999992
2025-08-01 10:25:43 AM,379.3,135,51205.5,147133143.14999992
2025-08-01 10:25:45 AM,379.2,0,0.0,147133143.14999992
2025-08-01 10:25:45 AM,379.2,1,379.2,147133522.3499999
2025-08-01 10:25:48 AM,379.3,0,0.0,147133522.3499999
2025-08-01 10:25:48 AM,379.3,2,758.6,147134280.9499999
2025-08-01 10:25:54 AM,378.7,0,0.0,147134280.9499999
2025-08-01 10:25:54 AM,378.75,5023,1902461.25,149036742.1999999
2025-08-01 10:25:55 AM,378.7,0,0.0,149036742.1999999
2025-08-01 10:25:56 AM,378.7,13,4923.099999999999,149041665.2999999
2025-08-01 10:25:58 AM,378.6,0,0.0,149041665.2999999
2025-08-01 10:25:59 AM,378.45,624,236152.8,149277818.0999999
2025-08-01 10:26:01 AM,378.7,0,0.0,149277818.0999999
2025-08-01 10:26:01 AM,378.7,8,3029.6,149280847.6999999
2025-08-01 10:26:03 AM,378.65,0,0.0,149280847.6999999
2025-08-01 10:26:04 AM,378.45,0,0.0,149280847.6999999
2025-08-01 10:26:04 AM,378.45,852,322439.39999999997,149603287.0999999
2025-08-01 10:26:06 AM,378.1,0,0.0,149603287.0999999
2025-08-01 10:26:07 AM,378.05,267,100939.35,149704226.4499999
2025-08-01 10:26:09 AM,378.35,0,0.0,149704226.4499999
2025-08-01 10:26:10 AM,378.4,0,0.0,149704226.4499999
2025-08-01 10:26:10 AM,378.4,105,39732.0,149743958.4499999
2025-08-01 10:26:12 AM,378.05,0,0.0,149743958.4499999
2025-08-01 10:26:12 AM,377.8,2791,1054439.8,150798398.2499999
2025-08-01 10:26:13 AM,377.6,0,0.0,150798398.2499999
2025-08-01 10:26:15 AM,378.1,0,0.0,150798398.2499999
2025-08-01 10:26:16 AM,378.05,11725,4432636.25,155231034.4999999
2025-08-01 10:26:18 AM,377.85,0,0.0,155231034.4999999
2025-08-01 10:26:18 AM,377.75,34,12843.5,155243877.9999999
2025-08-01 10:26:21 AM,377.9,0,0.0,155243877.9999999
2025-08-01 10:26:21 AM,377.95,69,26078.55,155269956.54999992
2025-08-01 10:26:24 AM,377.55,0,0.0,155269956.54999992
2025-08-01 10:26:24 AM,377.55,270,101938.5,155371895.04999992
2025-08-01 10:26:25 AM,378.0,0,0.0,155371895.04999992
2025-08-01 10:26:27 AM,378.0,3274,1237572.0,156609467.04999992
2025-08-01 10:26:30 AM,378.3,50,18915.0,156628382.04999992
2025-08-01 10:26:33 AM,378.05,0,0.0,156628382.04999992
2025-08-01 10:26:33 AM,378.05,1,378.05,156628760.09999993
2025-08-01 10:26:35 AM,378.35,22,8323.7,156637083.79999992
2025-08-01 10:26:39 AM,378.1,123,46506.3,156683590.09999993
2025-08-01 10:26:40 AM,378.35,0,0.0,156683590.09999993
2025-08-01 10:26:41 AM,378.0,500,189000.0,156872590.09999993
2025-08-01 10:26:45 AM,378.35,26,9837.1,156882427.19999993
2025-08-01 10:26:46 AM,378.4,0,0.0,156882427.19999993
2025-08-01 10:26:47 AM,378.4,300,113520.0,156995947.19999993
2025-08-01 10:26:48 AM,378.45,0,0.0,156995947.19999993
2025-08-01 10:26:50 AM,378.45,150,56767.5,157052714.69999993
2025-08-01 10:26:52 AM,378.35,0,0.0,157052714.69999993
2025-08-01 10:26:53 AM,378.35,750,283762.5,157336477.19999993
2025-08-01 10:26:56 AM,378.35,12,4540.200000000001,157341017.39999992
2025-08-01 10:26:58 AM,378.3,0,0.0,157341017.39999992
2025-08-01 10:26:59 AM,378.3,2,756.6,157341773.9999999
2025-08-01 10:27:05 AM,378.3,6,2269.8,157344043.79999992
2025-08-01 10:27:06 AM,378.3,50,18915.0,157362958.79999992
2025-08-01 10:27:07 AM,378.25,0,0.0,157362958.79999992
2025-08-01 10:27:07 AM,378.25,50,18912.5,157381871.29999992
2025-08-01 10:27:09 AM,378.3,0,0.0,157381871.29999992
2025-08-01 10:27:09 AM,378.3,27,10214.1,157392085.39999992
2025-08-01 10:27:09 AM,378.3,5,1891.5,157393976.89999992
2025-08-01 10:27:11 AM,378.1,4180,1580458.0,158974434.89999992
2025-08-01 10:27:12 AM,378.3,1,378.3,158974813.19999993
2025-08-01 10:27:19 AM,378.3,133,50313.9,159025127.09999993
2025-08-01 10:27:20 AM,378.35,5,1891.75,159027018.84999993
2025-08-01 10:27:21 AM,378.1,0,0.0,159027018.84999993
2025-08-01 10:27:21 AM,378.1,4,1512.4,159028531.24999994
2025-08-01 10:27:23 AM,378.7,0,0.0,159028531.24999994
2025-08-01 10:27:23 AM,378.7,9202,3484797.4,162513328.64999995
2025-08-01 10:27:38 AM,378.6,23,8707.800000000001,162522036.44999996
2025-08-01 10:27:39 AM,378.7,0,0.0,162522036.44999996
2025-08-01 10:27:39 AM,378.7,21,7952.7,162529989.14999995
2025-08-01 10:27:41 AM,378.7,3,1136.1,162531125.24999994
2025-08-01 10:27:41 AM,378.7,2,757.4,162531882.64999995
2025-08-01 10:27:43 AM,378.7,5,1893.5,162533776.14999995
2025-08-01 10:27:45 AM,378.7,4,1514.8,162535290.94999996
2025-08-01 10:27:49 AM,378.4,150,56760.0,162592050.94999996
2025-08-01 10:28:00 AM,378.65,1,378.65,162592429.59999996
2025-08-01 10:28:02 AM,378.65,10,3786.5,162596216.09999996
2025-08-01 10:28:05 AM,378.65,10,3786.5,162600002.59999996
2025-08-01 10:28:07 AM,378.65,260,98449.0,162698451.59999996
2025-08-01 10:28:18 AM,378.6,500,189300.0,162887751.59999996
2025-08-01 10:28:27 AM,378.6,30,11358.0,162899109.59999996
2025-08-01 10:28:29 AM,378.6,125,47325.0,162946434.59999996
2025-08-01 10:28:32 AM,378.6,20,7572.0,162954006.59999996
2025-08-01 10:28:33 AM,378.4,0,0.0,162954006.59999996
2025-08-01 10:28:35 AM,378.4,601,227418.4,163181424.99999997
2025-08-01 10:28:36 AM,378.5,0,0.0,163181424.99999997
2025-08-01 10:28:37 AM,378.35,0,0.0,163181424.99999997
2025-08-01 10:28:38 AM,378.3,1572,594687.6,163776112.59999996
2025-08-01 10:28:40 AM,378.3,2,756.6,163776869.19999996
2025-08-01 10:28:43 AM,378.35,0,0.0,163776869.19999996
2025-08-01 10:28:43 AM,378.1,0,0.0,163776869.19999996
2025-08-01 10:28:43 AM,378.1,30,11343.0,163788212.19999996
2025-08-01 10:28:46 AM,377.7,0,0.0,163788212.19999996
2025-08-01 10:28:46 AM,378.0,0,0.0,163788212.19999996
2025-08-01 10:28:46 AM,378.0,273,103194.0,163891406.19999996
2025-08-01 10:28:49 AM,378.0,30,11340.0,163902746.19999996
2025-08-01 10:28:52 AM,378.0,9,3402.0,163906148.19999996
2025-08-01 10:28:55 AM,378.05,0,0.0,163906148.19999996
2025-08-01 10:28:55 AM,378.05,200,75610.0,163981758.19999996
2025-08-01 10:29:00 AM,378.2,10,3782.0,163985540.19999996
2025-08-01 10:29:03 AM,378.35,0,0.0,163985540.19999996
2025-08-01 10:29:03 AM,378.35,733,277330.55,164262870.74999997
2025-08-01 10:29:05 AM,378.0,0,0.0,164262870.74999997
2025-08-01 10:29:05 AM,378.0,202,76356.0,164339226.74999997
2025-08-01 10:29:09 AM,378.0,23,8694.0,164347920.74999997
2025-08-01 10:29:13 AM,378.3,0,0.0,164347920.74999997
2025-08-01 10:29:15 AM,378.3,4,1513.2,164349433.94999996
2025-08-01 10:29:17 AM,378.15,42,15882.3,164365316.24999997
2025-08-01 10:29:20 AM,378.15,8,3025.2,164368341.44999996
2025-08-01 10:29:28 AM,378.15,26,9831.9,164378173.34999996
2025-08-01 10:29:33 AM,378.15,100,37815.0,164415988.34999996
2025-08-01 10:29:36 AM,378.15,20,7563.0,164423551.34999996
2025-08-01 10:29:39 AM,378.2,0,0.0,164423551.34999996
2025-08-01 10:29:39 AM,378.25,164,62033.0,164485584.34999996
2025-08-01 10:29:50 AM,378.15,38,14369.699999999999,164499954.04999995
2025-08-01 10:29:53 AM,378.25,0,0.0,164499954.04999995
2025-08-01 10:29:53 AM,378.25,100,37825.0,164537779.04999995
2025-08-01 10:29:55 AM,378.25,200,75650.0,164613429.04999995
2025-08-01 10:30:00 AM,378.45,0,0.0,164613429.04999995
2025-08-01 10:30:01 AM,378.45,650,245992.5,164859421.54999995
2025-08-01 10:30:04 AM,378.45,5,1892.25,164861313.79999995
2025-08-01 10:30:07 AM,378.45,14,5298.3,164866612.09999996
2025-08-01 10:30:10 AM,378.5,25,9462.5,164876074.59999996
2025-08-01 10:30:13 AM,378.55,206,77981.3,164954055.89999998
2025-08-01 10:30:14 AM,378.5,0,0.0,164954055.89999998
2025-08-01 10:30:16 AM,378.5,25,9462.5,164963518.39999998
2025-08-01 10:30:17 AM,378.25,0,0.0,164963518.39999998
2025-08-01 10:30:18 AM,378.25,1,378.25,164963896.64999998
2025-08-01 10:30:20 AM,378.45,0,0.0,164963896.64999998
2025-08-01 10:30:21 AM,378.45,159,60173.549999999996,165024070.2
2025-08-01 10:30:45 AM,378.25,0,0.0,165024070.2
2025-08-01 10:30:47 AM,378.25,307,116122.75,165140192.95
2025-08-01 10:30:48 AM,378.4,0,0.0,165140192.95
2025-08-01 10:30:50 AM,378.25,203,76784.75,165216977.7
2025-08-01 10:30:54 AM,378.35,0,0.0,165216977.7
2025-08-01 10:30:55 AM,378.35,120,45402.0,165262379.7
2025-08-01 10:30:57 AM,378.0,0,0.0,165262379.7
2025-08-01 10:30:58 AM,378.25,785,296926.25,165559305.95
2025-08-01 10:31:00 AM,378.05,0,0.0,165559305.95
2025-08-01 10:31:01 AM,378.05,3,1134.15,165560440.1
2025-08-01 10:31:04 AM,377.85,1915,723582.75,166284022.85
2025-08-01 10:31:06 AM,377.65,0,0.0,166284022.85
2025-08-01 10:31:07 AM,377.9,72,27208.8,166311231.65
2025-08-01 10:31:09 AM,377.85,0,0.0,166311231.65
2025-08-01 10:31:11 AM,377.85,114,43074.9,166354306.55
2025-08-01 10:31:12 AM,377.5,0,0.0,166354306.55
2025-08-01 10:31:13 AM,377.9,0,0.0,166354306.55
2025-08-01 10:31:13 AM,377.9,1050,396795.0,166751101.55
2025-08-01 10:31:16 AM,377.85,0,0.0,166751101.55
2025-08-01 10:31:16 AM,377.85,10,3778.5,166754880.05
2025-08-01 10:31:18 AM,377.5,0,0.0,166754880.05
2025-08-01 10:31:19 AM,377.5,2026,764815.0,167519695.05
2025-08-01 10:31:22 AM,377.5,34,12835.0,167532530.05
2025-08-01 10:31:24 AM,377.8,0,0.0,167532530.05
2025-08-01 10:31:24 AM,377.8,10,3778.0,167536308.05
2025-08-01 10:31:30 AM,377.55,100,37755.0,167574063.05
2025-08-01 10:31:32 AM,377.8,0,0.0,167574063.05
2025-08-01 10:31:33 AM,377.8,50,18890.0,167592953.05
2025-08-01 10:31:35 AM,377.85,1,377.85,167593330.9
2025-08-01 10:31:37 AM,377.5,0,0.0,167593330.9
2025-08-01 10:31:38 AM,377.5,1558,588145.0,168181475.9
2025-08-01 10:31:40 AM,377.25,0,0.0,168181475.9
2025-08-01 10:31:41 AM,377.25,100,37725.0,168219200.9
2025-08-01 10:31:43 AM,377.65,135,50982.75,168270183.65
2025-08-01 10:31:46 AM,377.75,0,0.0,168270183.65
2025-08-01 10:31:46 AM,377.75,384,145056.0,168415239.65
2025-08-01 10:31:52 AM,377.65,0,0.0,168415239.65
2025-08-01 10:31:53 AM,377.65,52,19637.8,168434877.45000002
2025-08-01 10:31:55 AM,377.5,0,0.0,168434877.45000002
2025-08-01 10:31:56 AM,377.5,365,137787.5,168572664.95000002
2025-08-01 10:31:59 AM,377.65,20,7553.0,168580217.95000002
2025-08-01 10:32:01 AM,377.75,0,0.0,168580217.95000002
2025-08-01 10:32:02 AM,377.75,8,3022.0,168583239.95000002
2025-08-01 10:32:05 AM,377.75,150,56662.5,168639902.45000002
2025-08-01 10:32:07 AM,377.65,0,0.0,168639902.45000002
2025-08-01 10:32:09 AM,377.4,273,103030.2,168742932.65
2025-08-01 10:32:10 AM,377.7,0,0.0,168742932.65
2025-08-01 10:32:12 AM,377.7,5,1888.5,168744821.15
2025-08-01 10:32:15 AM,377.7,10,3777.0,168748598.15
2025-08-01 10:32:24 AM,377.5,0,0.0,168748598.15
2025-08-01 10:32:25 AM,377.7,307,115953.9,168864552.05
2025-08-01 10:32:28 AM,377.95,4900,1851955.0,170716507.05
2025-08-01 10:32:30 AM,377.7,0,0.0,170716507.05
2025-08-01 10:32:32 AM,377.7,11,4154.7,170720661.75
2025-08-01 10:32:35 AM,377.5,502,189505.0,170910166.75
2025-08-01 10:32:36 AM,377.95,0,0.0,170910166.75
2025-08-01 10:32:36 AM,377.55,0,0.0,170910166.75
2025-08-01 10:32:38 AM,377.55,170,64183.5,170974350.25
2025-08-01 10:32:41 AM,377.7,200,75540.0,171049890.25
2025-08-01 10:32:44 AM,377.7,50,18885.0,171068775.25
2025-08-01 10:32:48 AM,377.75,0,0.0,171068775.25
2025-08-01 10:32:48 AM,377.95,0,0.0,171068775.25
2025-08-01 10:32:50 AM,377.7,431,162788.69999999998,171231563.95
2025-08-01 10:32:55 AM,377.8,1300,491140.0,171722703.95
2025-08-01 10:32:57 AM,377.85,0,0.0,171722703.95
2025-08-01 10:32:58 AM,377.85,30,11335.5,171734039.45
2025-08-01 10:33:00 AM,377.65,0,0.0,171734039.45
2025-08-01 10:33:01 AM,377.65,5,1888.25,171735927.7
2025-08-01 10:33:09 AM,377.85,0,0.0,171735927.7
2025-08-01 10:33:09 AM,378.0,0,0.0,171735927.7
2025-08-01 10:33:09 AM,378.0,1710,646380.0,172382307.7
2025-08-01 10:33:15 AM,377.8,0,0.0,172382307.7
2025-08-01 10:33:15 AM,377.8,54,20401.2,172402708.89999998
2025-08-01 10:33:20 AM,377.8,35,13223.0,172415931.89999998
2025-08-01 10:33:23 AM,377.55,3,1132.65,172417064.54999998
2025-08-01 10:33:26 AM,377.85,150,56677.5,172473742.04999998
2025-08-01 10:33:29 AM,377.65,22,8308.3,172482050.35
2025-08-01 10:33:33 AM,377.85,0,0.0,172482050.35
2025-08-01 10:33:34 AM,377.8,23,8689.4,172490739.75
2025-08-01 10:33:36 AM,377.85,0,0.0,172490739.75
2025-08-01 10:33:36 AM,377.85,200,75570.0,172566309.75
2025-08-01 10:33:39 AM,377.9,0,0.0,172566309.75
2025-08-01 10:33:40 AM,377.9,100,37790.0,172604099.75
2025-08-01 10:33:42 AM,377.95,39,14740.05,172618839.8
2025-08-01 10:33:45 AM,377.85,0,0.0,172618839.8
2025-08-01 10:33:45 AM,377.85,18,6801.3,172625641.10000002
2025-08-01 10:33:48 AM,377.85,30,11335.5,172636976.60000002
2025-08-01 10:33:53 AM,377.6,0,0.0,172636976.60000002
2025-08-01 10:33:53 AM,377.6,81,30585.600000000002,172667562.20000002
2025-08-01 10:33:58 AM,377.95,0,0.0,172667562.20000002
2025-08-01 10:33:59 AM,377.95,500,188975.0,172856537.20000002
2025-08-01 10:34:03 AM,377.85,0,0.0,172856537.20000002
2025-08-01 10:34:03 AM,377.85,2,755.7,172857292.9
2025-08-01 10:34:05 AM,377.85,10,3778.5,172861071.4
2025-08-01 10:34:09 AM,377.85,61,23048.850000000002,172884120.25
2025-08-01 10:34:10 AM,377.95,167,63117.65,172947237.9
2025-08-01 10:34:11 AM,377.85,0,0.0,172947237.9
2025-08-01 10:34:14 AM,377.85,204,77081.40000000001,173024319.3
2025-08-01 10:34:16 AM,377.85,19,7179.150000000001,173031498.45000002
2025-08-01 10:34:20 AM,377.85,463,174944.55000000002,173206443.00000003
2025-08-01 10:34:22 AM,377.85,1,377.85,173206820.85000002
2025-08-01 10:34:25 AM,377.85,15,5667.75,173212488.60000002
2025-08-01 10:34:31 AM,378.05,0,0.0,173212488.60000002
2025-08-01 10:34:31 AM,378.05,1423,537965.15,173750453.75000003
2025-08-01 10:34:32 AM,378.2,359,135773.8,173886227.55000004
2025-08-01 10:34:40 AM,378.25,0,0.0,173886227.55000004
2025-08-01 10:34:42 AM,378.25,20,7565.0,173893792.55000004
2025-08-01 10:34:44 AM,378.25,180,68085.0,173961877.55000004
2025-08-01 10:34:49 AM,378.45,0,0.0,173961877.55000004
2025-08-01 10:34:50 AM,378.45,1502,568431.9,174530309.45000005
2025-08-01 10:34:52 AM,378.25,0,0.0,174530309.45000005
2025-08-01 10:34:54 AM,378.25,7,2647.75,174532957.20000005
2025-08-01 10:34:55 AM,378.3,0,0.0,174532957.20000005
2025-08-01 10:34:56 AM,378.3,9,3404.7000000000003,174536361.90000004
2025-08-01 10:35:03 AM,378.25,0,0.0,174536361.90000004
2025-08-01 10:35:05 AM,378.25,37,13995.25,174550357.15000004
2025-08-01 10:35:11 AM,378.25,142,53711.5,174604068.65000004
2025-08-01 10:35:13 AM,378.25,52,19669.0,174623737.65000004
2025-08-01 10:35:16 AM,378.2,0,0.0,174623737.65000004
2025-08-01 10:35:16 AM,378.2,87,32903.4,174656641.05000004
2025-08-01 10:35:22 AM,378.0,0,0.0,174656641.05000004
2025-08-01 10:35:22 AM,378.0,1083,409374.0,175066015.05000004
2025-08-01 10:35:24 AM,378.2,10,3782.0,175069797.05000004
2025-08-01 10:35:27 AM,378.25,0,0.0,175069797.05000004
2025-08-01 10:35:27 AM,378.2,550,208010.0,175277807.05000004
2025-08-01 10:35:30 AM,378.15,0,0.0,175277807.05000004
2025-08-01 10:35:30 AM,378.15,310,117226.5,175395033.55000004
2025-08-01 10:35:36 AM,378.15,60,22689.0,175417722.55000004
2025-08-01 10:35:39 AM,378.2,0,0.0,175417722.55000004
2025-08-01 10:35:39 AM,378.2,287,108543.4,175526265.95000005
2025-08-01 10:35:43 AM,378.35,0,0.0,175526265.95000005
2025-08-01 10:35:45 AM,378.15,0,0.0,175526265.95000005
2025-08-01 10:35:45 AM,378.15,1166,440922.89999999997,175967188.85000005
2025-08-01 10:35:48 AM,378.2,0,0.0,175967188.85000005
2025-08-01 10:35:49 AM,378.15,0,0.0,175967188.85000005
2025-08-01 10:35:50 AM,378.15,40,15126.0,175982314.85000005
2025-08-01 10:35:52 AM,378.0,50,18900.0,176001214.85000005
2025-08-01 10:35:58 AM,378.0,145,54810.0,176056024.85000005
2025-08-01 10:36:01 AM,378.0,2,756.0,176056780.85000005
2025-08-01 10:36:03 AM,378.0,5,1890.0,176058670.85000005
2025-08-01 10:36:07 AM,378.0,58,21924.0,176080594.85000005
2025-08-01 10:36:11 AM,378.2,0,0.0,176080594.85000005
2025-08-01 10:36:12 AM,378.2,10,3782.0,176084376.85000005
2025-08-01 10:36:21 AM,378.25,0,0.0,176084376.85000005
2025-08-01 10:36:21 AM,378.25,53,20047.25,176104424.10000005
2025-08-01 10:36:23 AM,378.05,0,0.0,176104424.10000005
2025-08-01 10:36:24 AM,378.05,211,79768.55,176184192.65000007
2025-08-01 10:36:29 AM,378.25,1,378.25,176184570.90000007
2025-08-01 10:36:31 AM,378.25,8,3026.0,176187596.90000007
2025-08-01 10:36:33 AM,377.9,0,0.0,176187596.90000007
2025-08-01 10:36:34 AM,377.95,0,0.0,176187596.90000007
2025-08-01 10:36:35 AM,377.95,1022,386264.89999999997,176573861.80000007
2025-08-01 10:36:37 AM,378.0,2,756.0,176574617.80000007
2025-08-01 10:36:46 AM,377.9,550,207845.0,176782462.80000007
2025-08-01 10:36:48 AM,377.85,8,3022.8,176785485.60000008
2025-08-01 10:36:51 AM,377.8,327,123540.6,176909026.20000008
2025-08-01 10:36:53 AM,377.8,18,6800.400000000001,176915826.60000008
2025-08-01 10:36:57 AM,377.8,115,43447.0,176959273.60000008
2025-08-01 10:36:58 AM,377.8,10,3778.0,176963051.60000008
2025-08-01 10:37:01 AM,377.6,0,0.0,176963051.60000008
2025-08-01 10:37:02 AM,377.8,1053,397823.4,177360875.0000001
2025-08-01 10:37:07 AM,377.45,0,0.0,177360875.0000001
2025-08-01 10:37:08 AM,377.7,191,72140.7,177433015.70000008
2025-08-01 10:37:09 AM,377.7,50,18885.0,177451900.70000008
2025-08-01 10:37:15 AM,377.7,250,94425.0,177546325.70000008
2025-08-01 10:37:18 AM,377.85,646,244091.1,177790416.80000007
2025-08-01 10:37:21 AM,377.7,1063,401495.1,178191911.90000007
2025-08-01 10:37:22 AM,377.8,0,0.0,178191911.90000007
2025-08-01 10:37:24 AM,377.8,260,98228.0,178290139.90000007
2025-08-01 10:37:35 AM,377.7,5,1888.5,178292028.40000007
2025-08-01 10:37:41 AM,377.7,7,2643.9,178294672.30000007
2025-08-01 10:37:44 AM,377.7,1,377.7,178295050.00000006
2025-08-01 10:37:46 AM,377.5,0,0.0,178295050.00000006
2025-08-01 10:37:46 AM,377.5,36,13590.0,178308640.00000006
2025-08-01 10:37:49 AM,377.5,5,1887.5,178310527.50000006
2025-08-01 10:37:55 AM,377.55,0,0.0,178310527.50000006
2025-08-01 10:37:57 AM,377.55,34,12836.7,178323364.20000005
2025-08-01 10:37:59 AM,377.35,0,0.0,178323364.20000005
2025-08-01 10:38:00 AM,377.35,43,16226.050000000001,178339590.25000006
2025-08-01 10:38:01 AM,377.4,0,0.0,178339590.25000006
2025-08-01 10:38:03 AM,377.4,5,1887.0,178341477.25000006
2025-08-01 10:38:05 AM,377.45,0,0.0,178341477.25000006
2025-08-01 10:38:06 AM,377.4,512,193228.8,178534706.05000007
2025-08-01 10:38:07 AM,377.55,0,0.0,178534706.05000007
2025-08-01 10:38:09 AM,377.7,102,38525.4,178573231.45000008
2025-08-01 10:38:16 AM,377.7,43,16241.1,178589472.55000007
2025-08-01 10:38:22 AM,377.45,0,0.0,178589472.55000007
2025-08-01 10:38:22 AM,377.45,120,45294.0,178634766.55000007
2025-08-01 10:38:23 AM,377.7,0,0.0,178634766.55000007
2025-08-01 10:38:25 AM,377.7,110,41547.0,178676313.55000007
2025-08-01 10:38:28 AM,377.7,2,755.4,178677068.95000008
2025-08-01 10:38:31 AM,377.7,55,20773.5,178697842.45000008
2025-08-01 10:38:40 AM,377.7,51,19262.7,178717105.15000007
2025-08-01 10:38:42 AM,377.8,0,0.0,178717105.15000007
2025-08-01 10:38:43 AM,377.8,167,63092.6,178780197.75000006
2025-08-01 10:38:48 AM,377.85,0,0.0,178780197.75000006
2025-08-01 10:38:48 AM,377.85,213,80482.05,178860679.80000007
2025-08-01 10:38:51 AM,377.85,50,18892.5,178879572.30000007
2025-08-01 10:38:57 AM,377.5,203,76632.5,178956204.80000007
2025-08-01 10:38:59 AM,377.4,431,162659.4,179118864.20000008
2025-08-01 10:39:04 AM,377.7,0,0.0,179118864.20000008
2025-08-01 10:39:05 AM,377.85,38,14358.300000000001,179133222.5000001
2025-08-01 10:39:06 AM,377.6,0,0.0,179133222.5000001
2025-08-01 10:39:08 AM,377.5,510,192525.0,179325747.5000001
2025-08-01 10:39:10 AM,377.8,8,3022.4,179328769.9000001
2025-08-01 10:39:16 AM,377.9,0,0.0,179328769.9000001
2025-08-01 10:39:16 AM,377.9,158,59708.2,179388478.10000008
2025-08-01 10:39:30 AM,377.85,0,0.0,179388478.10000008
2025-08-01 10:39:30 AM,377.85,100,37785.0,179426263.10000008
2025-08-01 10:39:36 AM,377.9,0,0.0,179426263.10000008
2025-08-01 10:39:36 AM,377.9,250,94475.0,179520738.10000008
2025-08-01 10:39:45 AM,377.8,0,0.0,179520738.10000008
2025-08-01 10:39:46 AM,377.75,0,0.0,179520738.10000008
2025-08-01 10:39:47 AM,377.75,535,202096.25,179722834.35000008
2025-08-01 10:39:54 AM,377.9,0,0.0,179722834.35000008
2025-08-01 10:39:55 AM,377.85,0,0.0,179722834.35000008
2025-08-01 10:39:55 AM,377.85,262,98996.70000000001,179821831.05000007
2025-08-01 10:40:01 AM,377.85,10,3778.5,179825609.55000007
2025-08-01 10:40:03 AM,377.85,10,3778.5,179829388.05000007
2025-08-01 10:40:06 AM,377.85,2,755.7,179830143.75000006
2025-08-01 10:40:07 AM,377.9,0,0.0,179830143.75000006
2025-08-01 10:40:08 AM,377.85,0,0.0,179830143.75000006
2025-08-01 10:40:09 AM,377.9,172,64998.799999999996,179895142.55000007
2025-08-01 10:40:10 AM,377.85,0,0.0,179895142.55000007
2025-08-01 10:40:12 AM,377.85,3,1133.5500000000002,179896276.10000008
2025-08-01 10:40:14 AM,377.85,4,1511.4,179897787.5000001
2025-08-01 10:40:17 AM,377.85,1,377.85,179898165.35000008
