date,price,qty,trnvr,cum_trnvr
2025-08-01 09:15:08 AM,449.55,14047,6314828.850000001,6314828.850000001
2025-08-01 09:15:11 AM,450.2,901,405630.2,6720459.050000001
2025-08-01 09:15:20 AM,450.2,1525,686555.0,7407014.050000001
2025-08-01 09:15:21 AM,450.85,2380,1073023.0,8480037.05
2025-08-01 09:15:24 AM,450.8,0,0.0,8480037.05
2025-08-01 09:15:29 AM,451.85,3515,1588252.75,10068289.8
2025-08-01 09:15:31 AM,450.75,0,0.0,10068289.8
2025-08-01 09:15:36 AM,451.0,0,0.0,10068289.8
2025-08-01 09:15:37 AM,451.0,2072,934472.0,11002761.8
2025-08-01 09:15:39 AM,450.6,1410,635346.0,11638107.8
2025-08-01 09:15:44 AM,451.0,0,0.0,11638107.8
2025-08-01 09:15:45 AM,451.3,522,235578.6,11873686.4
2025-08-01 09:15:47 AM,451.6,400,180640.0,12054326.4
2025-08-01 09:15:49 AM,451.8,0,0.0,12054326.4
2025-08-01 09:15:54 AM,451.8,261,117919.8,12172246.200000001
2025-08-01 09:15:55 AM,451.6,67,30257.2,12202503.4
2025-08-01 09:16:00 AM,451.35,0,0.0,12202503.4
2025-08-01 09:16:02 AM,451.35,120,54162.0,12256665.4
2025-08-01 09:16:04 AM,451.3,16,7220.8,12263886.200000001
2025-08-01 09:16:10 AM,451.15,135,60905.25,12324791.450000001
2025-08-01 09:16:12 AM,451.15,222,100155.29999999999,12424946.750000002
2025-08-01 09:16:13 AM,451.5,0,0.0,12424946.750000002
2025-08-01 09:16:18 AM,451.45,2062,930889.9,13355836.650000002
2025-08-01 09:16:21 AM,451.5,0,0.0,13355836.650000002
2025-08-01 09:16:24 AM,451.95,0,0.0,13355836.650000002
2025-08-01 09:16:26 AM,451.95,639,288796.05,13644632.700000003
2025-08-01 09:16:28 AM,452.0,64,28928.0,13673560.700000003
2025-08-01 09:16:32 AM,451.95,0,0.0,13673560.700000003
2025-08-01 09:16:35 AM,451.95,251,113439.45,13787000.150000002
2025-08-01 09:16:36 AM,451.95,31,14010.449999999999,13801010.600000001
2025-08-01 09:16:42 AM,452.3,0,0.0,13801010.600000001
2025-08-01 09:16:43 AM,452.3,1444,653121.2000000001,14454131.8
2025-08-01 09:16:44 AM,452.5,163,73757.5,14527889.3
2025-08-01 09:16:51 AM,453.0,34,15402.0,14543291.3
2025-08-01 09:16:53 AM,453.0,19,8607.0,14551898.3
2025-08-01 09:16:54 AM,453.15,0,0.0,14551898.3
2025-08-01 09:16:59 AM,452.7,7929,3589458.3,18141356.6
2025-08-01 09:17:01 AM,452.95,0,0.0,18141356.6
2025-08-01 09:17:03 AM,452.65,0,0.0,18141356.6
2025-08-01 09:17:08 AM,452.6,2321,1050484.6,19191841.200000003
2025-08-01 09:17:09 AM,452.6,39,17651.4,19209492.6
2025-08-01 09:17:16 AM,453.2,3408,1544505.5999999999,20753998.200000003
2025-08-01 09:17:19 AM,453.3,0,0.0,20753998.200000003
2025-08-01 09:17:21 AM,453.35,0,0.0,20753998.200000003
2025-08-01 09:17:24 AM,453.35,475,215341.25,20969339.450000003
2025-08-01 09:17:25 AM,452.8,3318,1502390.4000000001,22471729.85
2025-08-01 09:17:27 AM,453.4,0,0.0,22471729.85
2025-08-01 09:17:32 AM,453.35,1668,756187.8,23227917.650000002
2025-08-01 09:17:35 AM,453.25,0,0.0,23227917.650000002
2025-08-01 09:17:37 AM,452.95,0,0.0,23227917.650000002
2025-08-01 09:17:41 AM,452.95,2561,1160004.95,24387922.6
2025-08-01 09:17:42 AM,452.5,781,353402.5,24741325.1
2025-08-01 09:17:43 AM,452.6,0,0.0,24741325.1
2025-08-01 09:17:49 AM,452.6,16,7241.6,24748566.700000003
2025-08-01 09:17:53 AM,452.0,0,0.0,24748566.700000003
2025-08-01 09:17:55 AM,452.15,0,0.0,24748566.700000003
2025-08-01 09:17:57 AM,452.15,3229,1459992.3499999999,26208559.050000004
2025-08-01 09:17:58 AM,451.75,1,451.75,26209010.800000004
2025-08-01 09:18:01 AM,452.1,0,0.0,26209010.800000004
2025-08-01 09:18:03 AM,452.5,0,0.0,26209010.800000004
2025-08-01 09:18:05 AM,452.5,242,109505.0,26318515.800000004
2025-08-01 09:18:09 AM,452.3,0,0.0,26318515.800000004
2025-08-01 09:18:11 AM,452.4,0,0.0,26318515.800000004
2025-08-01 09:18:14 AM,452.5,621,281002.5,26599518.300000004
2025-08-01 09:18:15 AM,452.65,505,228588.25,26828106.550000004
2025-08-01 09:18:22 AM,452.65,876,396521.39999999997,27224627.950000003
2025-08-01 09:18:30 AM,452.65,25,11316.25,27235944.200000003
2025-08-01 09:18:32 AM,452.15,212,95855.79999999999,27331800.000000004
2025-08-01 09:18:33 AM,452.35,0,0.0,27331800.000000004
2025-08-01 09:18:38 AM,452.35,10,4523.5,27336323.500000004
2025-08-01 09:18:40 AM,452.35,2,904.7,27337228.200000003
2025-08-01 09:18:47 AM,451.8,1360,614448.0,27951676.200000003
2025-08-01 09:18:51 AM,452.0,0,0.0,27951676.200000003
2025-08-01 09:18:55 AM,451.95,2015,910679.25,28862355.450000003
2025-08-01 09:18:56 AM,451.6,100,45160.0,28907515.450000003
2025-08-01 09:19:05 AM,451.5,0,0.0,28907515.450000003
2025-08-01 09:19:11 AM,451.5,2,903.0,28908418.450000003
2025-08-01 09:19:13 AM,451.6,0,0.0,28908418.450000003
2025-08-01 09:19:14 AM,451.75,0,0.0,28908418.450000003
2025-08-01 09:19:19 AM,451.75,133,60082.75,28968501.200000003
2025-08-01 09:19:27 AM,451.8,85,38403.0,29006904.200000003
2025-08-01 09:19:29 AM,452.1,7,3164.7000000000003,29010068.900000002
2025-08-01 09:19:30 AM,451.65,0,0.0,29010068.900000002
2025-08-01 09:19:34 AM,451.4,0,0.0,29010068.900000002
2025-08-01 09:19:35 AM,451.3,3250,1466725.0,30476793.900000002
2025-08-01 09:19:37 AM,451.25,8,3610.0,30480403.900000002
2025-08-01 09:19:38 AM,451.3,0,0.0,30480403.900000002
2025-08-01 09:19:42 AM,451.65,0,0.0,30480403.900000002
2025-08-01 09:19:43 AM,451.65,1050,474232.5,30954636.400000002
2025-08-01 09:19:45 AM,451.6,13,5870.8,30960507.200000003
2025-08-01 09:19:50 AM,451.7,0,0.0,30960507.200000003
2025-08-01 09:19:51 AM,451.7,102,46073.4,31006580.6
2025-08-01 09:19:58 AM,451.65,0,0.0,31006580.6
2025-08-01 09:19:59 AM,451.65,6,2709.8999999999996,31009290.5
2025-08-01 09:20:01 AM,451.4,3,1354.1999999999998,31010644.7
2025-08-01 09:20:06 AM,451.75,0,0.0,31010644.7
2025-08-01 09:20:07 AM,451.75,774,349654.5,31360299.2
2025-08-01 09:20:13 AM,451.65,0,0.0,31360299.2
2025-08-01 09:20:15 AM,451.6,594,268250.4,31628549.599999998
2025-08-01 09:20:17 AM,451.25,563,254053.75,31882603.349999998
2025-08-01 09:20:20 AM,451.4,0,0.0,31882603.349999998
2025-08-01 09:20:23 AM,451.25,318,143497.5,32026100.849999998
2025-08-01 09:20:25 AM,451.0,712,321112.0,32347212.849999998
2025-08-01 09:20:34 AM,450.95,0,0.0,32347212.849999998
2025-08-01 09:20:39 AM,450.95,181,81621.95,32428834.799999997
2025-08-01 09:20:44 AM,450.7,0,0.0,32428834.799999997
2025-08-01 09:20:47 AM,450.2,2477,1115145.4,33543980.199999996
2025-08-01 09:20:48 AM,450.25,2451,1103562.75,34647542.949999996
2025-08-01 09:20:48 AM,450.4,0,0.0,34647542.949999996
2025-08-01 09:20:54 AM,450.3,92,41427.6,34688970.55
2025-08-01 09:20:56 AM,450.3,490,220647.0,34909617.55
2025-08-01 09:21:01 AM,450.65,0,0.0,34909617.55
2025-08-01 09:21:02 AM,450.55,1167,525791.85,35435409.4
2025-08-01 09:21:06 AM,450.65,0,0.0,35435409.4
2025-08-01 09:21:07 AM,451.0,0,0.0,35435409.4
2025-08-01 09:21:10 AM,451.4,1478,667169.2,36102578.6
2025-08-01 09:21:18 AM,451.75,7020,3171285.0,39273863.6
2025-08-01 09:21:19 AM,451.95,11,4971.45,39278835.050000004
2025-08-01 09:21:22 AM,451.7,0,0.0,39278835.050000004
2025-08-01 09:21:26 AM,451.7,353,159450.1,39438285.150000006
2025-08-01 09:21:27 AM,451.6,50,22580.0,39460865.150000006
2025-08-01 09:21:33 AM,451.3,0,0.0,39460865.150000006
2025-08-01 09:21:34 AM,451.3,391,176458.30000000002,39637323.45
2025-08-01 09:21:39 AM,451.2,0,0.0,39637323.45
2025-08-01 09:21:41 AM,451.2,12,5414.4,39642737.85
2025-08-01 09:21:45 AM,451.25,0,0.0,39642737.85
2025-08-01 09:21:49 AM,451.25,4,1805.0,39644542.85
2025-08-01 09:21:50 AM,451.15,100,45115.0,39689657.85
2025-08-01 09:21:56 AM,450.95,20,9019.0,39698676.85
2025-08-01 09:21:57 AM,450.95,20,9019.0,39707695.85
2025-08-01 09:22:02 AM,450.9,0,0.0,39707695.85
2025-08-01 09:22:04 AM,450.9,1,450.9,39708146.75
2025-08-01 09:22:09 AM,450.95,0,0.0,39708146.75
2025-08-01 09:22:11 AM,450.75,229,103221.75,39811368.5
2025-08-01 09:22:13 AM,450.75,8,3606.0,39814974.5
2025-08-01 09:22:13 AM,450.4,0,0.0,39814974.5
2025-08-01 09:22:19 AM,450.4,700,315280.0,40130254.5
2025-08-01 09:22:27 AM,450.35,27,12159.45,40142413.95
2025-08-01 09:22:28 AM,450.3,301,135540.30000000002,40277954.25
2025-08-01 09:22:34 AM,450.35,10,4503.5,40282457.75
2025-08-01 09:22:34 AM,450.4,0,0.0,40282457.75
2025-08-01 09:22:36 AM,450.4,80,36032.0,40318489.75
2025-08-01 09:22:42 AM,450.5,2112,951456.0,41269945.75
2025-08-01 09:22:48 AM,451.0,0,0.0,41269945.75
2025-08-01 09:22:50 AM,451.0,12,5412.0,41275357.75
2025-08-01 09:22:51 AM,451.0,3,1353.0,41276710.75
2025-08-01 09:22:54 AM,450.95,0,0.0,41276710.75
2025-08-01 09:22:55 AM,450.75,0,0.0,41276710.75
2025-08-01 09:22:57 AM,450.75,572,257829.0,41534539.75
2025-08-01 09:23:01 AM,450.8,0,0.0,41534539.75
2025-08-01 09:23:05 AM,450.5,1574,709087.0,42243626.75
2025-08-01 09:23:06 AM,450.65,4,1802.6,42245429.35
2025-08-01 09:23:08 AM,450.4,0,0.0,42245429.35
2025-08-01 09:23:12 AM,450.55,323,145527.65,42390957.0
2025-08-01 09:23:14 AM,450.55,10,4505.5,42395462.5
2025-08-01 09:23:20 AM,450.55,47,21175.850000000002,42416638.35
2025-08-01 09:23:28 AM,450.05,1591,716029.55,43132667.9
2025-08-01 09:23:35 AM,449.95,1846,830607.7,43963275.6
2025-08-01 09:23:36 AM,450.0,0,0.0,43963275.6
2025-08-01 09:23:37 AM,450.0,40,18000.0,43981275.6
2025-08-01 09:23:43 AM,450.0,200,90000.0,44071275.6
2025-08-01 09:23:48 AM,449.9,0,0.0,44071275.6
2025-08-01 09:23:50 AM,449.9,260,116974.0,44188249.6
2025-08-01 09:23:54 AM,449.7,0,0.0,44188249.6
2025-08-01 09:23:58 AM,449.9,300,134970.0,44323219.6
2025-08-01 09:24:06 AM,449.85,60,26991.0,44350210.6
2025-08-01 09:24:08 AM,449.9,11,4948.9,44355159.5
2025-08-01 09:24:14 AM,449.85,5,2249.25,44357408.75
2025-08-01 09:24:23 AM,449.6,10,4496.0,44361904.75
2025-08-01 09:24:26 AM,449.85,0,0.0,44361904.75
2025-08-01 09:24:29 AM,449.55,580,260739.0,44622643.75
2025-08-01 09:24:33 AM,449.1,0,0.0,44622643.75
2025-08-01 09:24:36 AM,449.25,2481,1114589.25,45737233.0
2025-08-01 09:24:38 AM,449.4,1089,489396.6,46226629.6
2025-08-01 09:24:39 AM,449.5,0,0.0,46226629.6
2025-08-01 09:24:44 AM,449.05,485,217789.25,46444418.85
2025-08-01 09:24:45 AM,449.35,0,0.0,46444418.85
2025-08-01 09:24:46 AM,449.35,18,8088.3,46452507.15
2025-08-01 09:24:51 AM,449.1,414,185927.40000000002,46638434.55
2025-08-01 09:24:57 AM,448.95,0,0.0,46638434.55
2025-08-01 09:24:59 AM,449.05,264,118549.2,46756983.75
2025-08-01 09:25:01 AM,449.2,12,5390.4,46762374.15
2025-08-01 09:25:05 AM,449.1,0,0.0,46762374.15
2025-08-01 09:25:06 AM,449.1,481,216017.1,46978391.25
2025-08-01 09:25:12 AM,449.0,0,0.0,46978391.25
2025-08-01 09:25:14 AM,449.0,1275,572475.0,47550866.25
2025-08-01 09:25:16 AM,448.95,100,44895.0,47595761.25
2025-08-01 09:25:21 AM,448.95,500,224475.0,47820236.25
2025-08-01 09:25:23 AM,448.7,25,11217.5,47831453.75
2025-08-01 09:25:24 AM,448.55,0,0.0,47831453.75
2025-08-01 09:25:25 AM,448.95,0,0.0,47831453.75
2025-08-01 09:25:29 AM,449.2,8605,3865366.0,51696819.75
2025-08-01 09:25:36 AM,449.1,25,11227.5,51708047.25
2025-08-01 09:25:38 AM,449.05,10,4490.5,51712537.75
2025-08-01 09:25:42 AM,448.8,0,0.0,51712537.75
2025-08-01 09:25:44 AM,448.8,4223,1895282.4000000001,53607820.15
2025-08-01 09:25:46 AM,448.8,2305,1034484.0,54642304.15
2025-08-01 09:25:51 AM,448.5,1552,696072.0,55338376.15
2025-08-01 09:25:53 AM,448.6,872,391179.2,55729555.35
2025-08-01 09:25:59 AM,448.55,279,125145.45,55854700.800000004
2025-08-01 09:26:01 AM,448.55,25,11213.75,55865914.550000004
2025-08-01 09:26:05 AM,448.5,0,0.0,55865914.550000004
2025-08-01 09:26:06 AM,448.5,13,5830.5,55871745.050000004
2025-08-01 09:26:14 AM,448.5,502,225147.0,56096892.050000004
2025-08-01 09:26:16 AM,448.8,1513,679034.4,56775926.45
2025-08-01 09:26:19 AM,448.9,0,0.0,56775926.45
2025-08-01 09:26:22 AM,448.9,1070,480323.0,57256249.45
2025-08-01 09:26:24 AM,448.85,0,0.0,57256249.45
2025-08-01 09:26:25 AM,448.4,0,0.0,57256249.45
2025-08-01 09:26:29 AM,448.5,0,0.0,57256249.45
2025-08-01 09:26:29 AM,448.5,737,330544.5,57586793.95
2025-08-01 09:26:34 AM,448.75,0,0.0,57586793.95
2025-08-01 09:26:37 AM,449.15,3961,1779083.15,59365877.1
2025-08-01 09:26:43 AM,449.25,0,0.0,59365877.1
2025-08-01 09:26:45 AM,449.15,219,98363.84999999999,59464240.95
2025-08-01 09:26:52 AM,449.15,6,2694.8999999999996,59466935.85
2025-08-01 09:26:56 AM,449.0,0,0.0,59466935.85
2025-08-01 09:27:00 AM,449.0,40,17960.0,59484895.85
2025-08-01 09:27:01 AM,449.15,15,6737.25,59491633.1
2025-08-01 09:27:03 AM,449.0,0,0.0,59491633.1
2025-08-01 09:27:07 AM,449.0,277,124373.0,59616006.1
2025-08-01 09:27:09 AM,449.1,0,0.0,59616006.1
2025-08-01 09:27:14 AM,449.0,0,0.0,59616006.1
2025-08-01 09:27:15 AM,449.0,114,51186.0,59667192.1
2025-08-01 09:27:19 AM,449.1,0,0.0,59667192.1
2025-08-01 09:27:22 AM,449.1,52,23353.2,59690545.300000004
2025-08-01 09:27:23 AM,449.1,15,6736.5,59697281.800000004
2025-08-01 09:27:29 AM,449.0,328,147272.0,59844553.800000004
2025-08-01 09:27:30 AM,448.75,0,0.0,59844553.800000004
2025-08-01 09:27:31 AM,448.75,32,14360.0,59858913.800000004
2025-08-01 09:27:44 AM,447.95,9607,4303455.649999999,64162369.45
2025-08-01 09:27:46 AM,447.95,24,10750.8,64173120.25
2025-08-01 09:27:52 AM,447.9,467,209169.3,64382289.55
2025-08-01 09:28:00 AM,447.9,25,11197.5,64393487.05
2025-08-01 09:28:08 AM,447.9,10,4479.0,64397966.05
2025-08-01 09:28:09 AM,447.9,19,8510.1,64406476.15
2025-08-01 09:28:13 AM,447.95,0,0.0,64406476.15
2025-08-01 09:28:15 AM,447.9,1442,645871.7999999999,65052347.949999996
2025-08-01 09:28:17 AM,447.95,10,4479.5,65056827.449999996
2025-08-01 09:28:19 AM,448.0,0,0.0,65056827.449999996
2025-08-01 09:28:23 AM,448.05,367,164434.35,65221261.8
2025-08-01 09:28:29 AM,447.95,0,0.0,65221261.8
2025-08-01 09:28:31 AM,447.95,3258,1459421.0999999999,66680682.9
2025-08-01 09:28:38 AM,447.75,75,33581.25,66714264.15
2025-08-01 09:28:40 AM,447.95,0,0.0,66714264.15
2025-08-01 09:28:40 AM,447.95,4,1791.8,66716055.949999996
2025-08-01 09:28:46 AM,448.05,250,112012.5,66828068.449999996
2025-08-01 09:28:50 AM,448.2,0,0.0,66828068.449999996
2025-08-01 09:28:54 AM,448.2,4,1792.8,66829861.24999999
2025-08-01 09:28:55 AM,448.0,2050,918400.0,67748261.25
2025-08-01 09:29:01 AM,448.35,1797,805684.9500000001,68553946.2
2025-08-01 09:29:08 AM,448.05,0,0.0,68553946.2
2025-08-01 09:29:09 AM,448.05,1496,670282.8,69224229.0
2025-08-01 09:29:09 AM,448.15,0,0.0,69224229.0
2025-08-01 09:29:10 AM,448.35,213,95498.55,69319727.55
2025-08-01 09:29:14 AM,448.15,0,0.0,69319727.55
2025-08-01 09:29:17 AM,448.15,101,45263.149999999994,69364990.7
2025-08-01 09:29:18 AM,448.15,206,92318.9,69457309.60000001
2025-08-01 09:29:24 AM,448.15,35,15685.25,69472994.85000001
2025-08-01 09:29:29 AM,448.05,0,0.0,69472994.85000001
2025-08-01 09:29:32 AM,448.05,185,82889.25,69555884.10000001
2025-08-01 09:29:39 AM,447.9,29,12989.099999999999,69568873.2
2025-08-01 09:29:40 AM,447.9,30,13437.0,69582310.2
2025-08-01 09:29:44 AM,448.15,0,0.0,69582310.2
2025-08-01 09:29:46 AM,448.2,501,224548.19999999998,69806858.4
2025-08-01 09:30:00 AM,448.3,0,0.0,69806858.4
2025-08-01 09:30:01 AM,448.3,23,10310.9,69817169.30000001
2025-08-01 09:30:02 AM,448.2,23,10308.6,69827477.9
2025-08-01 09:30:07 AM,447.5,0,0.0,69827477.9
2025-08-01 09:30:07 AM,447.85,0,0.0,69827477.9
2025-08-01 09:30:09 AM,447.85,2963,1326979.55,71154457.45
2025-08-01 09:30:10 AM,447.8,50,22390.0,71176847.45
2025-08-01 09:30:17 AM,447.8,1006,450486.8,71627334.25
2025-08-01 09:30:24 AM,447.4,58,25949.199999999997,71653283.45
2025-08-01 09:30:25 AM,447.3,70,31311.0,71684594.45
2025-08-01 09:30:28 AM,447.6,0,0.0,71684594.45
2025-08-01 09:30:32 AM,447.65,453,202785.44999999998,71887379.9
2025-08-01 09:30:35 AM,447.6,0,0.0,71887379.9
2025-08-01 09:30:39 AM,447.4,110,49214.0,71936593.9
2025-08-01 09:30:40 AM,447.75,67,29999.25,71966593.15
2025-08-01 09:30:46 AM,447.75,270,120892.5,72087485.65
2025-08-01 09:30:47 AM,447.75,150,67162.5,72154648.15
2025-08-01 09:30:49 AM,447.8,0,0.0,72154648.15
2025-08-01 09:30:54 AM,447.75,66,29551.5,72184199.65
2025-08-01 09:31:00 AM,447.85,0,0.0,72184199.65
2025-08-01 09:31:01 AM,447.85,86,38515.1,72222714.75
2025-08-01 09:31:08 AM,447.85,52,23288.2,72246002.95
2025-08-01 09:31:09 AM,447.75,26,11641.5,72257644.45
2025-08-01 09:31:12 AM,447.6,0,0.0,72257644.45
2025-08-01 09:31:16 AM,447.7,23,10297.1,72267941.55
2025-08-01 09:31:18 AM,447.75,0,0.0,72267941.55
2025-08-01 09:31:22 AM,448.1,0,0.0,72267941.55
2025-08-01 09:31:23 AM,448.05,1554,696269.7000000001,72964211.25
2025-08-01 09:31:28 AM,448.4,0,0.0,72964211.25
2025-08-01 09:31:30 AM,448.15,0,0.0,72964211.25
2025-08-01 09:31:30 AM,448.15,1514,678499.1,73642710.35
2025-08-01 09:31:38 AM,448.55,43,19287.65,73661998.0
2025-08-01 09:31:51 AM,448.9,20,8978.0,73670976.0
2025-08-01 09:31:58 AM,448.9,1,448.9,73671424.9
2025-08-01 09:32:05 AM,448.9,12,5386.799999999999,73676811.7
2025-08-01 09:32:12 AM,448.85,34,15260.900000000001,73692072.60000001
2025-08-01 09:32:20 AM,449.05,0,0.0,73692072.60000001
2025-08-01 09:32:26 AM,449.05,51,22901.55,73714974.15
2025-08-01 09:32:32 AM,449.5,0,0.0,73714974.15
2025-08-01 09:32:33 AM,449.5,236,106082.0,73821056.15
2025-08-01 09:32:38 AM,449.15,0,0.0,73821056.15
2025-08-01 09:32:40 AM,449.15,200,89830.0,73910886.15
2025-08-01 09:32:47 AM,449.15,3,1347.4499999999998,73912233.60000001
2025-08-01 09:32:54 AM,449.25,155,69633.75,73981867.35000001
2025-08-01 09:33:13 AM,449.15,0,0.0,73981867.35000001
2025-08-01 09:33:15 AM,449.05,433,194438.65,74176306.00000001
2025-08-01 09:33:22 AM,449.45,246,110564.7,74286870.70000002
2025-08-01 09:33:28 AM,449.5,0,0.0,74286870.70000002
2025-08-01 09:33:29 AM,449.5,1203,540748.5,74827619.20000002
2025-08-01 09:33:33 AM,449.25,0,0.0,74827619.20000002
2025-08-01 09:33:36 AM,449.25,14,6289.5,74833908.70000002
2025-08-01 09:33:40 AM,449.5,0,0.0,74833908.70000002
2025-08-01 09:33:42 AM,449.5,3,1348.5,74835257.20000002
2025-08-01 09:33:50 AM,449.65,250,112412.5,74947669.70000002
2025-08-01 09:33:52 AM,449.6,0,0.0,74947669.70000002
2025-08-01 09:33:57 AM,449.6,4,1798.4,74949468.10000002
2025-08-01 09:34:03 AM,449.4,11,4943.4,74954411.50000003
2025-08-01 09:34:11 AM,449.4,134,60219.6,75014631.10000002
2025-08-01 09:34:25 AM,449.4,5,2247.0,75016878.10000002
2025-08-01 09:34:28 AM,449.35,0,0.0,75016878.10000002
2025-08-01 09:34:32 AM,449.35,158,70997.3,75087875.40000002
2025-08-01 09:34:33 AM,449.3,0,0.0,75087875.40000002
2025-08-01 09:34:38 AM,448.85,0,0.0,75087875.40000002
2025-08-01 09:34:39 AM,448.85,444,199289.40000000002,75287164.80000003
2025-08-01 09:34:45 AM,448.9,56,25138.399999999998,75312303.20000003
2025-08-01 09:34:58 AM,448.55,0,0.0,75312303.20000003
2025-08-01 09:34:59 AM,448.55,104,46649.200000000004,75358952.40000004
2025-08-01 09:35:07 AM,448.55,358,160580.9,75519533.30000004
2025-08-01 09:35:17 AM,448.5,0,0.0,75519533.30000004
2025-08-01 09:35:17 AM,448.5,22,9867.0,75529400.30000004
2025-08-01 09:35:18 AM,448.2,27,12101.4,75541501.70000005
2025-08-01 09:35:28 AM,448.2,48,21513.6,75563015.30000004
2025-08-01 09:35:35 AM,448.1,248,111128.8,75674144.10000004
2025-08-01 09:35:36 AM,448.2,75,33615.0,75707759.10000004
2025-08-01 09:35:37 AM,448.0,5004,2241792.0,77949551.10000004
2025-08-01 09:35:42 AM,448.0,150,67200.0,78016751.10000004
2025-08-01 09:35:43 AM,448.0,405,181440.0,78198191.10000004
2025-08-01 09:35:44 AM,448.0,5,2240.0,78200431.10000004
2025-08-01 09:35:46 AM,447.95,3,1343.85,78201774.95000003
2025-08-01 09:35:47 AM,447.75,15,6716.25,78208491.20000003
2025-08-01 09:35:47 AM,447.95,0,0.0,78208491.20000003
2025-08-01 09:35:48 AM,447.95,25,11198.75,78219689.95000003
2025-08-01 09:35:48 AM,447.95,45,20157.75,78239847.70000003
2025-08-01 09:35:53 AM,447.75,0,0.0,78239847.70000003
2025-08-01 09:35:53 AM,447.75,92,41193.0,78281040.70000003
2025-08-01 09:36:01 AM,447.7,2,895.4,78281936.10000004
2025-08-01 09:36:06 AM,447.8,0,0.0,78281936.10000004
2025-08-01 09:36:06 AM,447.9,0,0.0,78281936.10000004
2025-08-01 09:36:08 AM,447.9,770,344883.0,78626819.10000004
2025-08-01 09:36:14 AM,448.25,0,0.0,78626819.10000004
2025-08-01 09:36:14 AM,447.95,0,0.0,78626819.10000004
2025-08-01 09:36:15 AM,447.95,894,400467.3,79027286.40000004
2025-08-01 09:36:18 AM,448.25,0,0.0,79027286.40000004
2025-08-01 09:36:21 AM,448.15,34,15237.099999999999,79042523.50000003
2025-08-01 09:36:22 AM,447.95,0,0.0,79042523.50000003
2025-08-01 09:36:26 AM,447.9,0,0.0,79042523.50000003
2025-08-01 09:36:28 AM,447.9,1300,582270.0,79624793.50000003
2025-08-01 09:36:30 AM,447.95,0,0.0,79624793.50000003
2025-08-01 09:36:34 AM,448.0,25,11200.0,79635993.50000003
2025-08-01 09:36:40 AM,448.0,10,4480.0,79640473.50000003
2025-08-01 09:36:47 AM,448.0,30,13440.0,79653913.50000003
2025-08-01 09:36:47 AM,448.0,1,448.0,79654361.50000003
2025-08-01 09:36:54 AM,448.15,0,0.0,79654361.50000003
2025-08-01 09:36:54 AM,448.15,76,34059.4,79688420.90000004
2025-08-01 09:36:58 AM,448.0,0,0.0,79688420.90000004
2025-08-01 09:37:00 AM,448.0,5,2240.0,79690660.90000004
2025-08-01 09:37:01 AM,448.25,1000,448250.0,80138910.90000004
2025-08-01 09:37:02 AM,448.0,0,0.0,80138910.90000004
2025-08-01 09:37:02 AM,447.9,0,0.0,80138910.90000004
2025-08-01 09:37:06 AM,448.0,0,0.0,80138910.90000004
2025-08-01 09:37:08 AM,448.0,1547,693056.0,80831966.90000004
2025-08-01 09:37:12 AM,447.95,0,0.0,80831966.90000004
2025-08-01 09:37:15 AM,447.95,6,2687.7,80834654.60000004
2025-08-01 09:37:15 AM,447.7,579,259218.3,81093872.90000004
2025-08-01 09:37:21 AM,447.65,0,0.0,81093872.90000004
2025-08-01 09:37:22 AM,447.65,106,47450.899999999994,81141323.80000004
2025-08-01 09:37:26 AM,447.4,0,0.0,81141323.80000004
2025-08-01 09:37:28 AM,447.4,1507,674231.7999999999,81815555.60000004
2025-08-01 09:37:31 AM,447.3,0,0.0,81815555.60000004
2025-08-01 09:37:35 AM,447.3,1716,767566.8,82583122.40000004
2025-08-01 09:37:40 AM,447.25,0,0.0,82583122.40000004
2025-08-01 09:37:42 AM,447.25,48,21468.0,82604590.40000004
2025-08-01 09:37:46 AM,447.15,0,0.0,82604590.40000004
2025-08-01 09:37:49 AM,447.35,3709,1659221.1500000001,84263811.55000004
2025-08-01 09:37:50 AM,447.2,0,0.0,84263811.55000004
2025-08-01 09:37:52 AM,447.35,0,0.0,84263811.55000004
2025-08-01 09:37:55 AM,447.35,240,107364.0,84371175.55000004
2025-08-01 09:38:01 AM,447.0,0,0.0,84371175.55000004
2025-08-01 09:38:02 AM,447.0,4316,1929252.0,86300427.55000004
2025-08-01 09:38:02 AM,447.05,35,15646.75,86316074.30000004
2025-08-01 09:38:07 AM,446.9,0,0.0,86316074.30000004
2025-08-01 09:38:09 AM,446.9,46,20557.399999999998,86336631.70000005
2025-08-01 09:38:12 AM,446.55,0,0.0,86336631.70000005
2025-08-01 09:38:16 AM,446.55,1252,559080.6,86895712.30000004
2025-08-01 09:38:18 AM,446.75,0,0.0,86895712.30000004
2025-08-01 09:38:23 AM,446.85,3039,1357977.1500000001,88253689.45000005
2025-08-01 09:38:29 AM,446.85,130,58090.5,88311779.95000005
2025-08-01 09:38:36 AM,446.85,3,1340.5500000000002,88313120.50000004
2025-08-01 09:38:42 AM,447.0,0,0.0,88313120.50000004
2025-08-01 09:38:43 AM,447.0,2319,1036593.0,89349713.50000004
2025-08-01 09:38:46 AM,446.85,0,0.0,89349713.50000004
2025-08-01 09:38:49 AM,446.85,275,122883.75,89472597.25000004
2025-08-01 09:38:54 AM,446.75,0,0.0,89472597.25000004
2025-08-01 09:38:56 AM,446.85,121,54068.850000000006,89526666.10000004
2025-08-01 09:38:58 AM,446.9,0,0.0,89526666.10000004
2025-08-01 09:38:59 AM,446.85,0,0.0,89526666.10000004
2025-08-01 09:39:02 AM,446.75,976,436028.0,89962694.10000004
2025-08-01 09:39:03 AM,446.7,0,0.0,89962694.10000004
2025-08-01 09:39:08 AM,446.5,0,0.0,89962694.10000004
2025-08-01 09:39:09 AM,446.5,2660,1187690.0,91150384.10000004
2025-08-01 09:39:13 AM,446.3,0,0.0,91150384.10000004
2025-08-01 09:39:16 AM,446.3,567,253052.1,91403436.20000003
2025-08-01 09:39:16 AM,446.3,3,1338.9,91404775.10000004
2025-08-01 09:39:17 AM,446.5,0,0.0,91404775.10000004
2025-08-01 09:39:23 AM,446.2,583,260134.6,91664909.70000003
2025-08-01 09:39:23 AM,446.45,3,1339.35,91666249.05000003
2025-08-01 09:39:30 AM,446.45,11,4910.95,91671160.00000003
2025-08-01 09:39:35 AM,446.5,0,0.0,91671160.00000003
2025-08-01 09:39:36 AM,446.5,1010,450965.0,92122125.00000003
2025-08-01 09:39:43 AM,446.5,17,7590.5,92129715.50000003
2025-08-01 09:39:49 AM,446.75,336,150108.0,92279823.50000003
2025-08-01 09:39:56 AM,446.75,9,4020.75,92283844.25000003
2025-08-01 09:39:56 AM,446.75,1,446.75,92284291.00000003
2025-08-01 09:40:04 AM,446.75,12,5361.0,92289652.00000003
2025-08-01 09:40:05 AM,446.75,8,3574.0,92293226.00000003
2025-08-01 09:40:08 AM,446.6,0,0.0,92293226.00000003
2025-08-01 09:40:09 AM,446.6,1,446.6,92293672.60000002
2025-08-01 09:40:10 AM,446.75,15,6701.25,92300373.85000002
2025-08-01 09:40:11 AM,446.7,50,22335.0,92322708.85000002
2025-08-01 09:40:12 AM,446.7,1,446.7,92323155.55000003
2025-08-01 09:40:17 AM,446.75,0,0.0,92323155.55000003
2025-08-01 09:40:18 AM,446.75,62,27698.5,92350854.05000003
2025-08-01 09:40:25 AM,446.75,1,446.75,92351300.80000003
2025-08-01 09:40:29 AM,446.75,1,446.75,92351747.55000003
2025-08-01 09:40:31 AM,446.7,0,0.0,92351747.55000003
2025-08-01 09:40:31 AM,446.7,600,268020.0,92619767.55000003
2025-08-01 09:40:40 AM,446.7,19,8487.3,92628254.85000002
2025-08-01 09:40:42 AM,446.7,2,893.4,92629148.25000003
2025-08-01 09:40:45 AM,446.75,100,44675.0,92673823.25000003
2025-08-01 09:40:47 AM,446.95,737,329402.14999999997,93003225.40000004
2025-08-01 09:40:50 AM,447.1,0,0.0,93003225.40000004
2025-08-01 09:40:50 AM,447.1,724,323700.4,93326925.80000004
2025-08-01 09:40:57 AM,447.2,0,0.0,93326925.80000004
2025-08-01 09:40:57 AM,447.2,2,894.4,93327820.20000005
2025-08-01 09:40:58 AM,447.2,2,894.4,93328714.60000005
2025-08-01 09:40:59 AM,447.25,7,3130.75,93331845.35000005
2025-08-01 09:41:02 AM,447.5,20,8950.0,93340795.35000005
2025-08-01 09:41:08 AM,447.3,0,0.0,93340795.35000005
2025-08-01 09:41:09 AM,447.3,30,13419.0,93354214.35000005
2025-08-01 09:41:19 AM,447.3,100,44730.0,93398944.35000005
2025-08-01 09:41:19 AM,447.3,3,1341.9,93400286.25000006
2025-08-01 09:41:21 AM,447.3,250,111825.0,93512111.25000006
2025-08-01 09:41:29 AM,447.3,2,894.6,93513005.85000005
2025-08-01 09:41:35 AM,447.3,60,26838.0,93539843.85000005
2025-08-01 09:41:42 AM,447.4,0,0.0,93539843.85000005
2025-08-01 09:41:43 AM,447.4,2,894.8,93540738.65000005
2025-08-01 09:41:51 AM,447.4,9,4026.6,93544765.25000004
2025-08-01 09:41:54 AM,447.4,24,10737.599999999999,93555502.85000004
2025-08-01 09:41:58 AM,447.2,0,0.0,93555502.85000004
2025-08-01 09:41:59 AM,447.2,50,22360.0,93577862.85000004
2025-08-01 09:42:01 AM,447.25,190,84977.5,93662840.35000004
2025-08-01 09:42:07 AM,447.15,1324,592026.6,94254866.95000003
2025-08-01 09:42:08 AM,447.05,50,22352.5,94277219.45000003
2025-08-01 09:42:11 AM,447.2,0,0.0,94277219.45000003
2025-08-01 09:42:14 AM,447.2,4,1788.8,94279008.25000003
2025-08-01 09:42:19 AM,446.95,0,0.0,94279008.25000003
2025-08-01 09:42:20 AM,447.05,638,285217.9,94564226.15000004
2025-08-01 09:42:24 AM,447.0,0,0.0,94564226.15000004
2025-08-01 09:42:27 AM,447.25,2336,1044776.0,95609002.15000004
2025-08-01 09:42:28 AM,447.05,0,0.0,95609002.15000004
2025-08-01 09:42:28 AM,447.05,3,1341.15,95610343.30000004
2025-08-01 09:42:40 AM,447.25,1,447.25,95610790.55000004
2025-08-01 09:42:45 AM,447.05,0,0.0,95610790.55000004
2025-08-01 09:42:46 AM,447.35,196,87680.6,95698471.15000004
2025-08-01 09:42:48 AM,447.4,45,20133.0,95718604.15000004
2025-08-01 09:42:53 AM,447.4,6,2684.3999999999996,95721288.55000004
2025-08-01 09:42:57 AM,447.05,0,0.0,95721288.55000004
2025-08-01 09:42:59 AM,447.4,121,54135.399999999994,95775423.95000005
2025-08-01 09:43:10 AM,447.4,50,22370.0,95797793.95000005
2025-08-01 09:43:14 AM,447.4,300,134220.0,95932013.95000005
2025-08-01 09:43:15 AM,447.4,22,9842.8,95941856.75000004
2025-08-01 09:43:18 AM,447.35,0,0.0,95941856.75000004
2025-08-01 09:43:18 AM,447.35,1,447.35,95942304.10000004
2025-08-01 09:43:22 AM,447.35,10,4473.5,95946777.60000004
2025-08-01 09:43:22 AM,447.2,0,0.0,95946777.60000004
2025-08-01 09:43:23 AM,447.2,20,8944.0,95955721.60000004
2025-08-01 09:43:23 AM,447.2,3,1341.6,95957063.20000003
2025-08-01 09:43:24 AM,446.95,371,165818.44999999998,96122881.65000004
2025-08-01 09:43:34 AM,446.9,0,0.0,96122881.65000004
2025-08-01 09:43:35 AM,446.9,45,20110.5,96142992.15000004
2025-08-01 09:43:36 AM,446.95,10,4469.5,96147461.65000004
2025-08-01 09:43:37 AM,446.95,7,3128.65,96150590.30000004
2025-08-01 09:43:38 AM,446.9,30,13407.0,96163997.30000004
2025-08-01 09:43:39 AM,446.95,0,0.0,96163997.30000004
2025-08-01 09:43:40 AM,446.95,11,4916.45,96168913.75000004
2025-08-01 09:43:40 AM,446.9,0,0.0,96168913.75000004
2025-08-01 09:43:41 AM,446.9,10,4469.0,96173382.75000004
2025-08-01 09:43:45 AM,446.9,25,11172.5,96184555.25000004
2025-08-01 09:43:46 AM,446.9,50,22345.0,96206900.25000004
2025-08-01 09:43:50 AM,447.05,963,430509.15,96637409.40000005
2025-08-01 09:43:51 AM,447.15,143,63942.45,96701351.85000005
2025-08-01 09:43:52 AM,447.25,1,447.25,96701799.10000005
2025-08-01 09:44:00 AM,446.9,99,44243.1,96746042.20000005
2025-08-01 09:44:01 AM,446.7,0,0.0,96746042.20000005
2025-08-01 09:44:05 AM,446.9,0,0.0,96746042.20000005
2025-08-01 09:44:05 AM,446.9,55,24579.5,96770621.70000005
2025-08-01 09:44:12 AM,446.7,201,89786.7,96860408.40000005
2025-08-01 09:44:17 AM,446.85,0,0.0,96860408.40000005
2025-08-01 09:44:19 AM,446.85,38,16980.3,96877388.70000005
2025-08-01 09:44:23 AM,446.7,0,0.0,96877388.70000005
2025-08-01 09:44:26 AM,446.7,157,70131.9,96947520.60000005
2025-08-01 09:44:27 AM,446.6,0,0.0,96947520.60000005
2025-08-01 09:44:27 AM,446.6,200,89320.0,97036840.60000005
2025-08-01 09:44:32 AM,446.6,30,13398.0,97050238.60000005
2025-08-01 09:44:33 AM,446.5,0,0.0,97050238.60000005
2025-08-01 09:44:38 AM,446.5,230,102695.0,97152933.60000005
2025-08-01 09:44:41 AM,446.55,0,0.0,97152933.60000005
2025-08-01 09:44:45 AM,446.5,20,8930.0,97161863.60000005
2025-08-01 09:44:52 AM,446.5,1,446.5,97162310.10000005
2025-08-01 09:44:57 AM,446.55,0,0.0,97162310.10000005
2025-08-01 09:44:57 AM,446.55,58,25899.9,97188210.00000006
2025-08-01 09:45:01 AM,446.5,0,0.0,97188210.00000006
2025-08-01 09:45:04 AM,446.35,1135,506607.25,97694817.25000006
2025-08-01 09:45:06 AM,446.45,4,1785.8,97696603.05000006
2025-08-01 09:45:06 AM,446.3,0,0.0,97696603.05000006
2025-08-01 09:45:11 AM,446.4,387,172756.8,97869359.85000005
2025-08-01 09:45:12 AM,446.4,100,44640.0,97913999.85000005
2025-08-01 09:45:19 AM,446.45,25,11161.25,97925161.10000005
2025-08-01 09:45:21 AM,446.4,0,0.0,97925161.10000005
2025-08-01 09:45:24 AM,446.4,110,49104.0,97974265.10000005
2025-08-01 09:45:29 AM,446.3,0,0.0,97974265.10000005
2025-08-01 09:45:30 AM,446.3,508,226720.4,98200985.50000006
2025-08-01 09:45:37 AM,446.25,2,892.5,98201878.00000006
2025-08-01 09:45:37 AM,446.45,0,0.0,98201878.00000006
2025-08-01 09:45:38 AM,446.3,509,227166.7,98429044.70000006
2025-08-01 09:45:41 AM,446.45,0,0.0,98429044.70000006
2025-08-01 09:45:43 AM,446.4,2,892.8,98429937.50000006
2025-08-01 09:46:03 AM,446.05,0,0.0,98429937.50000006
2025-08-01 09:46:03 AM,446.05,663,295731.15,98725668.65000007
2025-08-01 09:46:04 AM,445.6,6539,2913778.4000000004,101639447.05000007
2025-08-01 09:46:04 AM,445.55,0,0.0,101639447.05000007
2025-08-01 09:46:08 AM,445.5,0,0.0,101639447.05000007
2025-08-01 09:46:09 AM,445.55,718,319904.9,101959351.95000008
2025-08-01 09:46:11 AM,445.25,353,157173.25,102116525.20000008
2025-08-01 09:46:14 AM,445.05,0,0.0,102116525.20000008
2025-08-01 09:46:16 AM,445.05,962,428138.10000000003,102544663.30000007
2025-08-01 09:46:17 AM,445.15,0,0.0,102544663.30000007
2025-08-01 09:46:17 AM,445.4,1910,850714.0,103395377.30000007
2025-08-01 09:46:27 AM,445.6,0,0.0,103395377.30000007
2025-08-01 09:46:29 AM,445.4,1595,710413.0,104105790.30000007
2025-08-01 09:46:30 AM,445.4,3037,1352679.8,105458470.10000007
2025-08-01 09:46:35 AM,445.35,3,1336.0500000000002,105459806.15000007
2025-08-01 09:46:37 AM,445.35,5,2226.75,105462032.90000007
2025-08-01 09:46:39 AM,445.1,0,0.0,105462032.90000007
2025-08-01 09:46:41 AM,445.35,20,8907.0,105470939.90000007
2025-08-01 09:46:43 AM,445.35,101,44980.350000000006,105515920.25000006
2025-08-01 09:46:47 AM,445.3,150,66795.0,105582715.25000006
2025-08-01 09:46:49 AM,445.3,2,890.6,105583605.85000005
2025-08-01 09:46:51 AM,445.35,0,0.0,105583605.85000005
2025-08-01 09:46:54 AM,445.2,0,0.0,105583605.85000005
2025-08-01 09:46:54 AM,445.2,2115,941598.0,106525203.85000005
2025-08-01 09:46:58 AM,445.3,0,0.0,106525203.85000005
2025-08-01 09:46:59 AM,445.2,0,0.0,106525203.85000005
2025-08-01 09:47:00 AM,445.15,46,20476.899999999998,106545680.75000006
2025-08-01 09:47:08 AM,445.15,20,8903.0,106554583.75000006
2025-08-01 09:47:12 AM,445.15,951,423337.64999999997,106977921.40000007
2025-08-01 09:47:14 AM,445.1,0,0.0,106977921.40000007
2025-08-01 09:47:14 AM,445.1,739,328928.9,107306850.30000007
2025-08-01 09:47:18 AM,445.0,0,0.0,107306850.30000007
2025-08-01 09:47:18 AM,445.0,2211,983895.0,108290745.30000007
2025-08-01 09:47:19 AM,445.05,0,0.0,108290745.30000007
2025-08-01 09:47:20 AM,445.05,37,16466.850000000002,108307212.15000007
2025-08-01 09:47:22 AM,445.1,0,0.0,108307212.15000007
2025-08-01 09:47:23 AM,444.65,0,0.0,108307212.15000007
2025-08-01 09:47:25 AM,444.7,4349,1934000.3,110241212.45000006
2025-08-01 09:47:27 AM,445.0,1435,638575.0,110879787.45000006
2025-08-01 09:47:27 AM,444.95,0,0.0,110879787.45000006
2025-08-01 09:47:30 AM,444.8,0,0.0,110879787.45000006
2025-08-01 09:47:31 AM,444.8,983,437238.4,111317025.85000007
2025-08-01 09:47:33 AM,444.8,174,77395.2,111394421.05000007
2025-08-01 09:47:37 AM,444.7,0,0.0,111394421.05000007
2025-08-01 09:47:38 AM,444.7,2370,1053939.0,112448360.05000007
2025-08-01 09:47:40 AM,444.7,10,4447.0,112452807.05000007
2025-08-01 09:47:42 AM,444.65,0,0.0,112452807.05000007
2025-08-01 09:47:45 AM,444.5,196,87122.0,112539929.05000007
2025-08-01 09:47:51 AM,444.5,102,45339.0,112585268.05000007
2025-08-01 09:47:52 AM,444.35,0,0.0,112585268.05000007
2025-08-01 09:47:52 AM,444.3,0,0.0,112585268.05000007
2025-08-01 09:47:54 AM,444.5,1556,691642.0,113276910.05000007
2025-08-01 09:47:58 AM,444.4,192,85324.79999999999,113362234.85000007
2025-08-01 09:48:00 AM,444.35,165,73317.75,113435552.60000007
2025-08-01 09:48:01 AM,444.5,0,0.0,113435552.60000007
2025-08-01 09:48:01 AM,444.5,12,5334.0,113440886.60000007
2025-08-01 09:48:04 AM,444.3,0,0.0,113440886.60000007
2025-08-01 09:48:04 AM,444.3,100,44430.0,113485316.60000007
2025-08-01 09:48:05 AM,444.3,77,34211.1,113519527.70000006
2025-08-01 09:48:05 AM,444.5,10,4445.0,113523972.70000006
2025-08-01 09:48:07 AM,444.25,100,44425.0,113568397.70000006
2025-08-01 09:48:09 AM,444.25,7,3109.75,113571507.45000006
2025-08-01 09:48:11 AM,444.45,10,4444.5,113575951.95000006
2025-08-01 09:48:13 AM,444.5,5,2222.5,113578174.45000006
2025-08-01 09:48:14 AM,444.5,16,7112.0,113585286.45000006
2025-08-01 09:48:15 AM,444.5,20,8890.0,113594176.45000006
2025-08-01 09:48:20 AM,444.5,894,397383.0,113991559.45000006
2025-08-01 09:48:21 AM,444.5,10,4445.0,113996004.45000006
2025-08-01 09:48:24 AM,444.45,1,444.45,113996448.90000007
2025-08-01 09:48:25 AM,444.45,52,23111.399999999998,114019560.30000007
2025-08-01 09:48:27 AM,444.5,29,12890.5,114032450.80000007
2025-08-01 09:48:29 AM,444.3,0,0.0,114032450.80000007
2025-08-01 09:48:30 AM,444.3,70,31101.0,114063551.80000007
2025-08-01 09:48:33 AM,444.5,0,0.0,114063551.80000007
2025-08-01 09:48:34 AM,444.5,4,1778.0,114065329.80000007
2025-08-01 09:48:35 AM,444.5,588,261366.0,114326695.80000007
2025-08-01 09:48:38 AM,444.5,24,10668.0,114337363.80000007
2025-08-01 09:48:39 AM,444.55,324,144034.2,114481398.00000007
2025-08-01 09:48:39 AM,444.65,31,13784.15,114495182.15000008
2025-08-01 09:48:40 AM,444.6,8,3556.8,114498738.95000008
2025-08-01 09:48:43 AM,444.7,0,0.0,114498738.95000008
2025-08-01 09:48:43 AM,444.7,25,11117.5,114509856.45000008
2025-08-01 09:48:45 AM,444.7,273,121403.09999999999,114631259.55000007
2025-08-01 09:48:49 AM,444.7,1,444.7,114631704.25000007
2025-08-01 09:48:49 AM,444.7,10,4447.0,114636151.25000007
2025-08-01 09:48:50 AM,444.7,102,45359.4,114681510.65000008
2025-08-01 09:48:51 AM,444.7,1,444.7,114681955.35000008
2025-08-01 09:48:52 AM,444.7,200,88940.0,114770895.35000008
2025-08-01 09:48:53 AM,444.7,30,13341.0,114784236.35000008
2025-08-01 09:48:54 AM,444.75,0,0.0,114784236.35000008
2025-08-01 09:48:54 AM,444.75,2000,889500.0,115673736.35000008
2025-08-01 09:48:59 AM,444.6,0,0.0,115673736.35000008
2025-08-01 09:49:00 AM,444.6,1,444.6,115674180.95000008
2025-08-01 09:49:00 AM,444.5,0,0.0,115674180.95000008
2025-08-01 09:49:02 AM,444.55,204,90688.2,115764869.15000008
2025-08-01 09:49:04 AM,444.6,452,200959.2,115965828.35000008
2025-08-01 09:49:08 AM,444.5,51,22669.5,115988497.85000008
2025-08-01 09:49:13 AM,444.6,0,0.0,115988497.85000008
2025-08-01 09:49:14 AM,444.6,101,44904.600000000006,116033402.45000008
2025-08-01 09:49:17 AM,444.6,262,116485.20000000001,116149887.65000008
2025-08-01 09:49:21 AM,444.65,144,64029.6,116213917.25000007
2025-08-01 09:49:23 AM,444.6,180,80028.0,116293945.25000007
2025-08-01 09:49:27 AM,444.6,16,7113.6,116301058.85000007
2025-08-01 09:49:29 AM,444.65,0,0.0,116301058.85000007
2025-08-01 09:49:29 AM,444.65,10,4446.5,116305505.35000007
2025-08-01 09:49:33 AM,444.55,54,24005.7,116329511.05000007
2025-08-01 09:49:35 AM,444.6,0,0.0,116329511.05000007
2025-08-01 09:49:36 AM,444.6,45,20007.0,116349518.05000007
2025-08-01 09:49:39 AM,444.6,73,32455.800000000003,116381973.85000007
2025-08-01 09:49:42 AM,444.6,11,4890.6,116386864.45000006
2025-08-01 09:49:44 AM,444.65,0,0.0,116386864.45000006
2025-08-01 09:49:46 AM,444.65,12,5335.799999999999,116392200.25000006
2025-08-01 09:49:50 AM,444.5,0,0.0,116392200.25000006
2025-08-01 09:49:52 AM,444.5,1132,503174.0,116895374.25000006
2025-08-01 09:49:54 AM,444.45,0,0.0,116895374.25000006
2025-08-01 09:49:55 AM,444.45,11,4888.95,116900263.20000006
2025-08-01 09:49:58 AM,444.45,12,5333.4,116905596.60000007
2025-08-01 09:50:01 AM,444.35,11,4887.85,116910484.45000006
2025-08-01 09:50:10 AM,444.45,0,0.0,116910484.45000006
2025-08-01 09:50:11 AM,444.45,45,20000.25,116930484.70000006
2025-08-01 09:50:14 AM,444.45,4,1777.8,116932262.50000006
2025-08-01 09:50:21 AM,444.45,17,7555.65,116939818.15000007
2025-08-01 09:50:24 AM,444.45,32,14222.4,116954040.55000007
2025-08-01 09:50:25 AM,444.35,0,0.0,116954040.55000007
2025-08-01 09:50:27 AM,444.45,0,0.0,116954040.55000007
2025-08-01 09:50:27 AM,444.45,336,149335.19999999998,117103375.75000007
2025-08-01 09:50:30 AM,444.35,136,60431.600000000006,117163807.35000007
2025-08-01 09:50:34 AM,444.45,0,0.0,117163807.35000007
2025-08-01 09:50:37 AM,444.45,113,50222.85,117214030.20000006
2025-08-01 09:50:39 AM,444.45,14,6222.3,117220252.50000006
2025-08-01 09:50:40 AM,444.35,0,0.0,117220252.50000006
2025-08-01 09:50:43 AM,444.35,49,21773.15,117242025.65000007
2025-08-01 09:50:45 AM,444.35,87,38658.450000000004,117280684.10000007
2025-08-01 09:50:46 AM,444.45,0,0.0,117280684.10000007
2025-08-01 09:50:49 AM,444.45,18,8000.099999999999,117288684.20000006
2025-08-01 09:50:52 AM,444.4,0,0.0,117288684.20000006
2025-08-01 09:50:54 AM,444.45,0,0.0,117288684.20000006
2025-08-01 09:50:55 AM,444.2,0,0.0,117288684.20000006
2025-08-01 09:50:56 AM,444.2,1548,687621.6,117976305.80000006
2025-08-01 09:50:58 AM,444.2,13,5774.599999999999,117982080.40000005
2025-08-01 09:51:01 AM,444.4,0,0.0,117982080.40000005
2025-08-01 09:51:02 AM,444.4,988,439067.19999999995,118421147.60000005
2025-08-01 09:51:04 AM,444.4,761,338188.39999999997,118759336.00000006
2025-08-01 09:51:04 AM,444.35,0,0.0,118759336.00000006
2025-08-01 09:51:08 AM,444.4,323,143541.19999999998,118902877.20000006
2025-08-01 09:51:10 AM,444.45,100,44445.0,118947322.20000006
2025-08-01 09:51:12 AM,444.4,0,0.0,118947322.20000006
2025-08-01 09:51:14 AM,444.6,0,0.0,118947322.20000006
2025-08-01 09:51:15 AM,444.6,1083,481501.80000000005,119428824.00000006
2025-08-01 09:51:16 AM,444.6,2,889.2,119429713.20000006
2025-08-01 09:51:23 AM,444.6,1,444.6,119430157.80000006
2025-08-01 09:51:27 AM,444.5,10,4445.0,119434602.80000006
2025-08-01 09:51:29 AM,444.7,0,0.0,119434602.80000006
2025-08-01 09:51:29 AM,444.7,99,44025.299999999996,119478628.10000005
2025-08-01 09:51:40 AM,444.7,177,78711.9,119557340.00000006
2025-08-01 09:51:41 AM,444.45,0,0.0,119557340.00000006
2025-08-01 09:51:42 AM,444.45,110,48889.5,119606229.50000006
2025-08-01 09:51:46 AM,444.45,4,1777.8,119608007.30000006
2025-08-01 09:51:48 AM,444.45,487,216447.15,119824454.45000006
2025-08-01 09:51:52 AM,444.45,7,3111.15,119827565.60000007
2025-08-01 09:51:54 AM,444.45,24,10666.8,119838232.40000007
2025-08-01 09:51:58 AM,444.45,17,7555.65,119845788.05000007
2025-08-01 09:52:01 AM,443.9,10946,4858929.399999999,124704717.45000008
2025-08-01 09:52:01 AM,444.0,0,0.0,124704717.45000008
2025-08-01 09:52:04 AM,443.95,0,0.0,124704717.45000008
2025-08-01 09:52:04 AM,443.95,105,46614.75,124751332.20000008
2025-08-01 09:52:06 AM,444.15,0,0.0,124751332.20000008
2025-08-01 09:52:07 AM,444.15,174,77282.09999999999,124828614.30000007
2025-08-01 09:52:08 AM,444.0,0,0.0,124828614.30000007
2025-08-01 09:52:10 AM,444.0,14,6216.0,124834830.30000007
2025-08-01 09:52:13 AM,444.0,93,41292.0,124876122.30000007
2025-08-01 09:52:15 AM,443.95,0,0.0,124876122.30000007
2025-08-01 09:52:16 AM,443.95,107,47502.65,124923624.95000008
2025-08-01 09:52:19 AM,443.95,13,5771.349999999999,124929396.30000007
2025-08-01 09:52:22 AM,443.95,45,19977.75,124949374.05000007
2025-08-01 09:52:24 AM,444.0,0,0.0,124949374.05000007
2025-08-01 09:52:25 AM,444.0,350,155400.0,125104774.05000007
2025-08-01 09:52:29 AM,444.25,148,65749.0,125170523.05000007
2025-08-01 09:52:30 AM,444.1,0,0.0,125170523.05000007
2025-08-01 09:52:31 AM,444.55,714,317408.7,125487931.75000007
2025-08-01 09:52:33 AM,444.45,0,0.0,125487931.75000007
2025-08-01 09:52:35 AM,444.4,211,93768.4,125581700.15000008
2025-08-01 09:52:39 AM,444.3,0,0.0,125581700.15000008
2025-08-01 09:52:41 AM,444.3,409,181718.7,125763418.85000008
2025-08-01 09:52:45 AM,444.4,0,0.0,125763418.85000008
2025-08-01 09:52:47 AM,444.4,11,4888.4,125768307.25000009
2025-08-01 09:52:49 AM,444.4,10,4444.0,125772751.25000009
2025-08-01 09:52:53 AM,444.4,26,11554.4,125784305.6500001
2025-08-01 09:52:54 AM,444.45,0,0.0,125784305.6500001
2025-08-01 09:52:55 AM,444.45,55,24444.75,125808750.4000001
2025-08-01 09:52:57 AM,444.4,0,0.0,125808750.4000001
2025-08-01 09:52:59 AM,444.4,227,100878.79999999999,125909629.20000009
2025-08-01 09:53:00 AM,444.2,400,177680.0,126087309.20000009
2025-08-01 09:53:02 AM,444.5,1,444.5,126087753.70000009
2025-08-01 09:53:03 AM,444.4,0,0.0,126087753.70000009
2025-08-01 09:53:03 AM,444.4,1,444.4,126088198.1000001
2025-08-01 09:53:09 AM,444.5,762,338709.0,126426907.1000001
2025-08-01 09:53:09 AM,444.5,13,5778.5,126432685.6000001
2025-08-01 09:53:13 AM,444.35,0,0.0,126432685.6000001
2025-08-01 09:53:14 AM,444.35,100,44435.0,126477120.6000001
2025-08-01 09:53:14 AM,444.45,0,0.0,126477120.6000001
2025-08-01 09:53:15 AM,444.45,100,44445.0,126521565.6000001
2025-08-01 09:53:21 AM,444.5,10,4445.0,126526010.6000001
2025-08-01 09:53:22 AM,444.2,190,84398.0,126610408.6000001
2025-08-01 09:53:24 AM,444.45,100,44445.0,126654853.6000001
2025-08-01 09:53:29 AM,444.3,46,20437.8,126675291.4000001
2025-08-01 09:53:30 AM,444.2,128,56857.6,126732149.00000009
2025-08-01 09:53:36 AM,444.3,0,0.0,126732149.00000009
2025-08-01 09:53:37 AM,444.3,5,2221.5,126734370.50000009
2025-08-01 09:53:38 AM,444.3,2,888.6,126735259.10000008
2025-08-01 09:53:39 AM,444.3,1,444.3,126735703.40000008
2025-08-01 09:53:42 AM,444.1,1,444.1,126736147.50000007
2025-08-01 09:53:45 AM,444.05,0,0.0,126736147.50000007
2025-08-01 09:53:46 AM,444.05,1140,506217.0,127242364.50000007
2025-08-01 09:53:46 AM,443.9,0,0.0,127242364.50000007
2025-08-01 09:53:47 AM,443.9,340,150926.0,127393290.50000007
2025-08-01 09:53:47 AM,444.0,10,4440.0,127397730.50000007
2025-08-01 09:53:54 AM,443.95,1,443.95,127398174.45000008
2025-08-01 09:53:56 AM,443.95,100,44395.0,127442569.45000008
2025-08-01 09:54:01 AM,444.0,0,0.0,127442569.45000008
2025-08-01 09:54:02 AM,444.0,1,444.0,127443013.45000008
2025-08-01 09:54:07 AM,444.0,55,24420.0,127467433.45000008
2025-08-01 09:54:08 AM,443.95,1,443.95,127467877.40000008
2025-08-01 09:54:15 AM,443.6,834,369962.4,127837839.80000009
2025-08-01 09:54:20 AM,443.6,4,1774.4,127839614.20000009
2025-08-01 09:54:21 AM,443.5,56,24836.0,127864450.20000009
2025-08-01 09:54:25 AM,443.45,0,0.0,127864450.20000009
2025-08-01 09:54:25 AM,443.4,0,0.0,127864450.20000009
2025-08-01 09:54:26 AM,443.4,3661,1623287.4,129487737.6000001
2025-08-01 09:54:29 AM,443.5,0,0.0,129487737.6000001
2025-08-01 09:54:32 AM,443.2,390,172848.0,129660585.6000001
2025-08-01 09:54:35 AM,443.5,0,0.0,129660585.6000001
2025-08-01 09:54:38 AM,443.5,26,11531.0,129672116.6000001
2025-08-01 09:54:41 AM,443.6,0,0.0,129672116.6000001
2025-08-01 09:54:44 AM,443.6,2444,1084158.4000000001,130756275.0000001
2025-08-01 09:54:47 AM,443.85,0,0.0,130756275.0000001
2025-08-01 09:54:50 AM,443.8,0,0.0,130756275.0000001
2025-08-01 09:54:50 AM,443.8,42,18639.600000000002,130774914.6000001
2025-08-01 09:54:53 AM,443.75,0,0.0,130774914.6000001
2025-08-01 09:54:56 AM,443.1,0,0.0,130774914.6000001
2025-08-01 09:54:56 AM,443.1,7186,3184116.6,133959031.20000009
2025-08-01 09:54:59 AM,443.25,0,0.0,133959031.20000009
2025-08-01 09:55:00 AM,443.15,1001,443593.14999999997,134402624.35000008
2025-08-01 09:55:02 AM,443.0,50,22150.0,134424774.35000008
2025-08-01 09:55:06 AM,443.25,0,0.0,134424774.35000008
2025-08-01 09:55:06 AM,443.25,25,11081.25,134435855.60000008
2025-08-01 09:55:08 AM,443.45,100,44345.0,134480200.60000008
2025-08-01 09:55:08 AM,443.25,0,0.0,134480200.60000008
2025-08-01 09:55:09 AM,443.25,100,44325.0,134524525.60000008
2025-08-01 09:55:09 AM,443.45,0,0.0,134524525.60000008
2025-08-01 09:55:10 AM,443.45,105,46562.25,134571087.85000008
2025-08-01 09:55:10 AM,443.5,0,0.0,134571087.85000008
2025-08-01 09:55:11 AM,443.55,1091,483913.05,135055000.9000001
2025-08-01 09:55:12 AM,443.8,100,44380.0,135099380.9000001
2025-08-01 09:55:13 AM,443.45,50,22172.5,135121553.4000001
2025-08-01 09:55:18 AM,443.6,0,0.0,135121553.4000001
2025-08-01 09:55:19 AM,443.6,110,48796.0,135170349.4000001
2025-08-01 09:55:20 AM,443.55,22,9758.1,135180107.5000001
2025-08-01 09:55:22 AM,443.4,20,8868.0,135188975.5000001
2025-08-01 09:55:24 AM,443.4,40,17736.0,135206711.5000001
2025-08-01 09:55:25 AM,443.45,5,2217.25,135208928.7500001
2025-08-01 09:55:27 AM,443.2,200,88640.0,135297568.7500001
2025-08-01 09:55:28 AM,443.4,2,886.8,135298455.5500001
2025-08-01 09:55:35 AM,443.25,0,0.0,135298455.5500001
2025-08-01 09:55:35 AM,443.25,5,2216.25,135300671.8000001
2025-08-01 09:55:35 AM,443.4,0,0.0,135300671.8000001
2025-08-01 09:55:35 AM,443.4,1,443.4,135301115.2000001
2025-08-01 09:55:36 AM,443.4,50,22170.0,135323285.2000001
2025-08-01 09:55:38 AM,443.45,0,0.0,135323285.2000001
2025-08-01 09:55:38 AM,443.45,1,443.45,135323728.6500001
2025-08-01 09:55:39 AM,443.45,10,4434.5,135328163.1500001
2025-08-01 09:55:40 AM,443.45,115,50996.75,135379159.9000001
2025-08-01 09:55:41 AM,443.5,0,0.0,135379159.9000001
2025-08-01 09:55:41 AM,443.5,135,59872.5,135439032.4000001
2025-08-01 09:55:49 AM,443.55,0,0.0,135439032.4000001
2025-08-01 09:55:49 AM,443.55,37,16411.350000000002,135455443.7500001
2025-08-01 09:55:54 AM,443.45,117,51883.65,135507327.4000001
2025-08-01 09:55:57 AM,443.6,20,8872.0,135516199.4000001
2025-08-01 09:55:59 AM,443.5,8,3548.0,135519747.4000001
2025-08-01 09:56:00 AM,443.5,25,11087.5,135530834.9000001
2025-08-01 09:56:05 AM,443.5,5,2217.5,135533052.4000001
2025-08-01 09:56:06 AM,443.5,8,3548.0,135536600.4000001
2025-08-01 09:56:08 AM,443.6,35,15526.0,135552126.4000001
2025-08-01 09:56:09 AM,443.45,150,66517.5,135618643.9000001
2025-08-01 09:56:16 AM,443.55,0,0.0,135618643.9000001
2025-08-01 09:56:16 AM,443.55,4,1774.2,135620418.10000008
2025-08-01 09:56:17 AM,443.6,0,0.0,135620418.10000008
2025-08-01 09:56:17 AM,443.6,30,13308.0,135633726.10000008
2025-08-01 09:56:19 AM,443.6,170,75412.0,135709138.10000008
2025-08-01 09:56:22 AM,443.6,100,44360.0,135753498.10000008
2025-08-01 09:56:24 AM,443.5,0,0.0,135753498.10000008
2025-08-01 09:56:24 AM,443.45,0,0.0,135753498.10000008
2025-08-01 09:56:24 AM,443.45,458,203100.1,135956598.20000008
2025-08-01 09:56:25 AM,443.5,0,0.0,135956598.20000008
2025-08-01 09:56:25 AM,443.5,20,8870.0,135965468.20000008
2025-08-01 09:56:26 AM,443.4,0,0.0,135965468.20000008
2025-08-01 09:56:26 AM,443.45,0,0.0,135965468.20000008
2025-08-01 09:56:26 AM,443.45,518,229707.1,136195175.30000007
2025-08-01 09:56:30 AM,443.2,0,0.0,136195175.30000007
2025-08-01 09:56:30 AM,443.2,75,33240.0,136228415.30000007
2025-08-01 09:56:39 AM,443.2,245,108584.0,136336999.30000007
2025-08-01 09:56:40 AM,443.15,506,224233.9,136561233.20000008
2025-08-01 09:56:42 AM,443.2,0,0.0,136561233.20000008
2025-08-01 09:56:42 AM,443.2,50,22160.0,136583393.20000008
2025-08-01 09:56:43 AM,443.2,100,44320.0,136627713.20000008
2025-08-01 09:56:45 AM,443.25,0,0.0,136627713.20000008
2025-08-01 09:56:45 AM,443.25,261,115688.25,136743401.45000008
2025-08-01 09:56:47 AM,443.25,2,886.5,136744287.95000008
2025-08-01 09:56:51 AM,443.25,100,44325.0,136788612.95000008
2025-08-01 09:56:52 AM,443.3,0,0.0,136788612.95000008
2025-08-01 09:56:52 AM,443.3,1,443.3,136789056.2500001
2025-08-01 09:56:54 AM,442.9,615,272383.5,137061439.7500001
2025-08-01 09:56:55 AM,442.95,0,0.0,137061439.7500001
2025-08-01 09:56:55 AM,443.05,225,99686.25,137161126.0000001
2025-08-01 09:56:57 AM,443.05,200,88610.0,137249736.0000001
2025-08-01 09:56:58 AM,442.8,13,5756.400000000001,137255492.4000001
2025-08-01 09:56:58 AM,443.05,10,4430.5,137259922.9000001
2025-08-01 09:56:59 AM,442.7,280,123956.0,137383878.9000001
2025-08-01 09:57:00 AM,443.0,104,46072.0,137429950.9000001
2025-08-01 09:57:08 AM,443.2,111,49195.2,137479146.10000008
2025-08-01 09:57:14 AM,443.2,99,43876.799999999996,137523022.9000001
2025-08-01 09:57:15 AM,443.1,0,0.0,137523022.9000001
2025-08-01 09:57:15 AM,443.1,60,26586.0,137549608.9000001
2025-08-01 09:57:33 AM,443.1,124,54944.4,137604553.3000001
2025-08-01 09:57:36 AM,443.1,21,9305.1,137613858.4000001
2025-08-01 09:57:49 AM,443.05,100,44305.0,137658163.4000001
2025-08-01 09:57:51 AM,443.0,0,0.0,137658163.4000001
2025-08-01 09:57:51 AM,443.0,102,45186.0,137703349.4000001
2025-08-01 09:57:55 AM,442.95,0,0.0,137703349.4000001
2025-08-01 09:57:55 AM,442.95,102,45180.9,137748530.3000001
2025-08-01 09:57:57 AM,442.95,1,442.95,137748973.2500001
2025-08-01 09:57:58 AM,442.9,0,0.0,137748973.2500001
2025-08-01 09:58:01 AM,442.8,27,11955.6,137760928.85000008
2025-08-01 09:58:07 AM,442.65,254,112433.09999999999,137873361.95000008
2025-08-01 09:58:10 AM,442.95,300,132885.0,138006246.95000008
2025-08-01 09:58:12 AM,442.9,0,0.0,138006246.95000008
2025-08-01 09:58:13 AM,442.9,160,70864.0,138077110.95000008
2025-08-01 09:58:16 AM,442.8,0,0.0,138077110.95000008
2025-08-01 09:58:16 AM,442.8,2,885.6,138077996.55000007
2025-08-01 09:58:19 AM,442.8,9,3985.2000000000003,138081981.75000006
2025-08-01 09:58:22 AM,442.9,100,44290.0,138126271.75000006
2025-08-01 09:58:25 AM,442.8,510,225828.0,138352099.75000006
2025-08-01 09:58:28 AM,442.55,0,0.0,138352099.75000006
2025-08-01 09:58:28 AM,442.55,8493,3758577.15,142110676.90000007
2025-08-01 09:58:31 AM,442.5,129,57082.5,142167759.40000007
2025-08-01 09:58:34 AM,442.25,18,7960.5,142175719.90000007
2025-08-01 09:58:36 AM,442.45,0,0.0,142175719.90000007
2025-08-01 09:58:37 AM,442.15,47,20781.05,142196500.95000008
2025-08-01 09:58:40 AM,442.45,0,0.0,142196500.95000008
2025-08-01 09:58:40 AM,442.2,23,10170.6,142206671.55000007
2025-08-01 09:58:43 AM,442.15,381,168459.15,142375130.70000008
2025-08-01 09:58:46 AM,442.45,120,53094.0,142428224.70000008
2025-08-01 09:58:49 AM,442.2,100,44220.0,142472444.70000008
2025-08-01 09:58:55 AM,442.2,220,97284.0,142569728.70000008
2025-08-01 09:58:58 AM,442.2,1153,509856.6,143079585.30000007
2025-08-01 09:59:00 AM,442.45,0,0.0,143079585.30000007
2025-08-01 09:59:02 AM,442.45,1,442.45,143080027.75000006
2025-08-01 09:59:04 AM,442.05,0,0.0,143080027.75000006
2025-08-01 09:59:04 AM,441.9,9667,4271847.3,147351875.05000007
2025-08-01 09:59:08 AM,441.95,320,141424.0,147493299.05000007
2025-08-01 09:59:10 AM,441.75,0,0.0,147493299.05000007
2025-08-01 09:59:11 AM,441.75,89,39315.75,147532614.80000007
2025-08-01 09:59:14 AM,441.7,0,0.0,147532614.80000007
2025-08-01 09:59:14 AM,441.75,1039,458978.25,147991593.05000007
2025-08-01 09:59:17 AM,441.7,100,44170.0,148035763.05000007
2025-08-01 09:59:18 AM,441.85,0,0.0,148035763.05000007
2025-08-01 09:59:20 AM,441.65,15,6624.75,148042387.80000007
2025-08-01 09:59:22 AM,441.55,0,0.0,148042387.80000007
2025-08-01 09:59:23 AM,441.85,501,221366.85,148263754.65000007
2025-08-01 09:59:26 AM,442.0,0,0.0,148263754.65000007
2025-08-01 09:59:27 AM,441.9,1012,447202.8,148710957.45000008
2025-08-01 09:59:30 AM,442.0,833,368186.0,149079143.45000008
2025-08-01 09:59:33 AM,441.95,0,0.0,149079143.45000008
2025-08-01 09:59:33 AM,441.95,821,362840.95,149441984.40000007
2025-08-01 09:59:38 AM,442.0,0,0.0,149441984.40000007
2025-08-01 09:59:39 AM,441.9,0,0.0,149441984.40000007
2025-08-01 09:59:39 AM,441.9,49,21653.1,149463637.50000006
2025-08-01 09:59:42 AM,441.7,0,0.0,149463637.50000006
2025-08-01 09:59:42 AM,441.7,46,20318.2,149483955.70000005
2025-08-01 09:59:46 AM,441.65,0,0.0,149483955.70000005
2025-08-01 09:59:46 AM,441.65,7,3091.5499999999997,149487047.25000006
2025-08-01 09:59:50 AM,441.9,0,0.0,149487047.25000006
2025-08-01 09:59:52 AM,441.7,351,155036.69999999998,149642083.95000005
2025-08-01 09:59:57 AM,441.9,0,0.0,149642083.95000005
2025-08-01 09:59:58 AM,441.55,42,18545.100000000002,149660629.05000004
2025-08-01 10:00:01 AM,441.8,0,0.0,149660629.05000004
2025-08-01 10:00:01 AM,441.8,3,1325.4,149661954.45000005
2025-08-01 10:00:02 AM,441.85,392,173205.2,149835159.65000004
2025-08-01 10:00:03 AM,441.85,6,2651.1000000000004,149837810.75000003
2025-08-01 10:00:05 AM,441.9,15,6628.5,149844439.25000003
2025-08-01 10:00:10 AM,441.7,0,0.0,149844439.25000003
2025-08-01 10:00:10 AM,441.7,50,22085.0,149866524.25000003
2025-08-01 10:00:11 AM,441.85,0,0.0,149866524.25000003
2025-08-01 10:00:11 AM,441.9,307,135663.3,150002187.55000004
2025-08-01 10:00:13 AM,442.0,1,442.0,150002629.55000004
2025-08-01 10:00:15 AM,442.0,5,2210.0,150004839.55000004
2025-08-01 10:00:16 AM,441.9,0,0.0,150004839.55000004
2025-08-01 10:00:16 AM,442.0,671,296582.0,150301421.55000004
2025-08-01 10:00:17 AM,442.0,393,173706.0,150475127.55000004
2025-08-01 10:00:18 AM,441.9,0,0.0,150475127.55000004
2025-08-01 10:00:18 AM,441.9,10,4419.0,150479546.55000004
2025-08-01 10:00:24 AM,442.0,0,0.0,150479546.55000004
2025-08-01 10:00:24 AM,442.0,100,44200.0,150523746.55000004
2025-08-01 10:00:26 AM,441.9,0,0.0,150523746.55000004
2025-08-01 10:00:26 AM,441.9,31,13698.9,150537445.45000005
2025-08-01 10:00:26 AM,441.9,100,44190.0,150581635.45000005
2025-08-01 10:00:28 AM,441.9,2,883.8,150582519.25000006
2025-08-01 10:00:29 AM,441.9,80,35352.0,150617871.25000006
2025-08-01 10:00:31 AM,441.9,1,441.9,150618313.15000007
2025-08-01 10:00:34 AM,441.9,5,2209.5,150620522.65000007
2025-08-01 10:00:35 AM,441.9,5,2209.5,150622732.15000007
2025-08-01 10:00:37 AM,441.9,333,147152.69999999998,150769884.85000005
2025-08-01 10:00:41 AM,442.0,45,19890.0,150789774.85000005
2025-08-01 10:00:42 AM,442.0,4,1768.0,150791542.85000005
2025-08-01 10:00:47 AM,442.0,1,442.0,150791984.85000005
2025-08-01 10:00:48 AM,442.0,6,2652.0,150794636.85000005
2025-08-01 10:00:49 AM,442.0,100,44200.0,150838836.85000005
2025-08-01 10:00:50 AM,442.15,50,22107.5,150860944.35000005
2025-08-01 10:00:54 AM,442.0,0,0.0,150860944.35000005
2025-08-01 10:00:54 AM,442.0,6,2652.0,150863596.35000005
2025-08-01 10:00:55 AM,442.2,205,90651.0,150954247.35000005
2025-08-01 10:00:59 AM,442.2,100,44220.0,150998467.35000005
2025-08-01 10:01:04 AM,442.05,499,220582.95,151219050.30000004
2025-08-01 10:01:06 AM,442.0,0,0.0,151219050.30000004
2025-08-01 10:01:07 AM,442.0,610,269620.0,151488670.30000004
2025-08-01 10:01:10 AM,442.1,124,54820.4,151543490.70000005
2025-08-01 10:01:23 AM,442.25,35,15478.75,151558969.45000005
2025-08-01 10:01:29 AM,442.25,1,442.25,151559411.70000005
2025-08-01 10:01:32 AM,442.25,5,2211.25,151561622.95000005
2025-08-01 10:01:35 AM,442.3,76,33614.8,151595237.75000006
2025-08-01 10:01:38 AM,442.3,1,442.3,151595680.05000007
2025-08-01 10:01:42 AM,442.3,12,5307.6,151600987.65000007
2025-08-01 10:01:45 AM,442.35,0,0.0,151600987.65000007
2025-08-01 10:01:48 AM,442.35,2,884.7,151601872.35000005
2025-08-01 10:01:53 AM,442.65,0,0.0,151601872.35000005
2025-08-01 10:01:54 AM,442.65,270,119515.5,151721387.85000005
2025-08-01 10:01:56 AM,442.8,1,442.8,151721830.65000007
2025-08-01 10:02:00 AM,442.6,295,130567.0,151852397.65000007
2025-08-01 10:02:05 AM,442.95,0,0.0,151852397.65000007
2025-08-01 10:02:06 AM,442.95,645,285702.75,152138100.40000007
2025-08-01 10:02:08 AM,442.8,3,1328.4,152139428.80000007
2025-08-01 10:02:13 AM,442.8,12,5313.6,152144742.40000007
2025-08-01 10:02:19 AM,442.85,516,228510.6,152373253.00000006
2025-08-01 10:02:21 AM,442.85,1,442.85,152373695.85000005
2025-08-01 10:02:25 AM,442.8,0,0.0,152373695.85000005
2025-08-01 10:02:25 AM,442.9,311,137741.9,152511437.75000006
2025-08-01 10:02:27 AM,443.0,452,200236.0,152711673.75000006
2025-08-01 10:02:30 AM,443.1,0,0.0,152711673.75000006
2025-08-01 10:02:31 AM,443.1,1,443.1,152712116.85000005
2025-08-01 10:02:38 AM,443.2,0,0.0,152712116.85000005
2025-08-01 10:02:38 AM,443.2,363,160881.6,152872998.45000005
2025-08-01 10:02:40 AM,443.15,83,36781.45,152909779.90000004
2025-08-01 10:02:44 AM,443.1,100,44310.0,152954089.90000004
2025-08-01 10:02:51 AM,443.1,93,41208.3,152995298.20000005
2025-08-01 10:02:56 AM,443.2,0,0.0,152995298.20000005
2025-08-01 10:02:57 AM,443.2,132,58502.4,153053800.60000005
2025-08-01 10:02:59 AM,443.35,1020,452217.0,153506017.60000005
2025-08-01 10:03:00 AM,443.0,0,0.0,153506017.60000005
2025-08-01 10:03:03 AM,443.2,33,14625.6,153520643.20000005
2025-08-01 10:03:10 AM,442.75,1210,535727.5,154056370.70000005
2025-08-01 10:03:16 AM,443.2,0,0.0,154056370.70000005
2025-08-01 10:03:16 AM,443.2,167,74014.4,154130385.10000005
2025-08-01 10:03:24 AM,443.35,0,0.0,154130385.10000005
2025-08-01 10:03:25 AM,443.35,2,886.7,154131271.80000004
2025-08-01 10:03:29 AM,443.35,35,15517.25,154146789.05000004
2025-08-01 10:03:36 AM,443.2,0,0.0,154146789.05000004
2025-08-01 10:03:36 AM,443.2,34,15068.8,154161857.85000005
2025-08-01 10:03:48 AM,443.35,1,443.35,154162301.20000005
2025-08-01 10:03:54 AM,443.35,6,2660.1000000000004,154164961.30000004
2025-08-01 10:03:56 AM,443.35,25,11083.75,154176045.05000004
2025-08-01 10:04:00 AM,443.35,57,25270.95,154201316.00000003
2025-08-01 10:04:07 AM,443.35,5,2216.75,154203532.75000003
2025-08-01 10:04:08 AM,443.45,0,0.0,154203532.75000003
2025-08-01 10:04:09 AM,443.1,260,115206.0,154318738.75000003
2025-08-01 10:04:12 AM,443.2,0,0.0,154318738.75000003
2025-08-01 10:04:13 AM,443.2,27,11966.4,154330705.15000004
2025-08-01 10:04:15 AM,443.35,300,133005.0,154463710.15000004
2025-08-01 10:04:16 AM,443.3,0,0.0,154463710.15000004
2025-08-01 10:04:19 AM,443.3,50,22165.0,154485875.15000004
2025-08-01 10:04:20 AM,443.0,0,0.0,154485875.15000004
2025-08-01 10:04:21 AM,443.0,50,22150.0,154508025.15000004
2025-08-01 10:04:26 AM,443.0,1597,707471.0,155215496.15000004
2025-08-01 10:04:32 AM,443.15,0,0.0,155215496.15000004
2025-08-01 10:04:32 AM,443.15,237,105026.54999999999,155320522.70000005
2025-08-01 10:04:34 AM,443.35,1,443.35,155320966.05000004
2025-08-01 10:04:37 AM,443.1,0,0.0,155320966.05000004
2025-08-01 10:04:38 AM,443.1,100,44310.0,155365276.05000004
2025-08-01 10:04:40 AM,443.5,1050,465675.0,155830951.05000004
2025-08-01 10:04:42 AM,443.4,0,0.0,155830951.05000004
2025-08-01 10:04:44 AM,443.4,95,42123.0,155873074.05000004
2025-08-01 10:04:46 AM,443.35,0,0.0,155873074.05000004
2025-08-01 10:04:46 AM,443.15,100,44315.0,155917389.05000004
2025-08-01 10:04:53 AM,443.35,18,7980.3,155925369.35000005
2025-08-01 10:05:15 AM,443.0,286,126698.0,156052067.35000005
2025-08-01 10:05:17 AM,443.0,1,443.0,156052510.35000005
2025-08-01 10:05:21 AM,443.0,1,443.0,156052953.35000005
2025-08-01 10:05:23 AM,442.95,5,2214.75,156055168.10000005
2025-08-01 10:05:40 AM,442.95,2,885.9,156056054.00000006
2025-08-01 10:05:46 AM,442.95,4,1771.8,156057825.80000007
2025-08-01 10:05:52 AM,442.95,93,41194.35,156099020.15000007
2025-08-01 10:06:06 AM,443.05,2,886.1,156099906.25000006
2025-08-01 10:06:13 AM,443.05,30,13291.5,156113197.75000006
2025-08-01 10:06:14 AM,442.95,0,0.0,156113197.75000006
2025-08-01 10:06:14 AM,442.95,178,78845.09999999999,156192042.85000005
2025-08-01 10:06:14 AM,443.0,1,443.0,156192485.85000005
2025-08-01 10:06:26 AM,442.95,20,8859.0,156201344.85000005
2025-08-01 10:06:35 AM,442.95,25,11073.75,156212418.60000005
2025-08-01 10:06:36 AM,442.75,111,49145.25,156261563.85000005
2025-08-01 10:06:38 AM,442.1,0,0.0,156261563.85000005
2025-08-01 10:06:38 AM,442.1,855,377995.5,156639559.35000005
2025-08-01 10:06:39 AM,442.15,0,0.0,156639559.35000005
2025-08-01 10:06:39 AM,442.15,11,4863.65,156644423.00000006
2025-08-01 10:06:42 AM,442.1,0,0.0,156644423.00000006
2025-08-01 10:06:42 AM,442.1,143,63220.3,156707643.30000007
2025-08-01 10:06:48 AM,442.35,0,0.0,156707643.30000007
2025-08-01 10:06:48 AM,442.35,30,13270.5,156720913.80000007
2025-08-01 10:06:52 AM,442.1,32,14147.2,156735061.00000006
2025-08-01 10:06:55 AM,442.05,0,0.0,156735061.00000006
2025-08-01 10:06:55 AM,442.05,316,139687.80000000002,156874748.80000007
2025-08-01 10:06:57 AM,442.1,0,0.0,156874748.80000007
2025-08-01 10:06:57 AM,442.1,96,42441.600000000006,156917190.40000007
2025-08-01 10:06:58 AM,442.45,0,0.0,156917190.40000007
2025-08-01 10:06:58 AM,442.45,800,353960.0,157271150.40000007
2025-08-01 10:07:09 AM,442.1,0,0.0,157271150.40000007
2025-08-01 10:07:10 AM,442.4,263,116351.2,157387501.60000005
2025-08-01 10:07:16 AM,442.2,15,6633.0,157394134.60000005
2025-08-01 10:07:19 AM,442.15,0,0.0,157394134.60000005
2025-08-01 10:07:23 AM,442.15,114,50405.1,157444539.70000005
2025-08-01 10:07:25 AM,442.4,10,4424.0,157448963.70000005
2025-08-01 10:07:29 AM,442.4,51,22562.399999999998,157471526.10000005
2025-08-01 10:07:31 AM,442.4,6,2654.3999999999996,157474180.50000006
2025-08-01 10:07:35 AM,442.15,298,131760.69999999998,157605941.20000005
2025-08-01 10:07:37 AM,442.1,142,62778.200000000004,157668719.40000004
2025-08-01 10:07:41 AM,442.45,0,0.0,157668719.40000004
2025-08-01 10:07:41 AM,442.45,33,14600.85,157683320.25000003
2025-08-01 10:07:43 AM,442.15,5,2210.75,157685531.00000003
2025-08-01 10:07:46 AM,442.4,0,0.0,157685531.00000003
2025-08-01 10:07:47 AM,442.4,5252,2323484.8,160009015.80000004
2025-08-01 10:07:51 AM,442.35,0,0.0,160009015.80000004
2025-08-01 10:07:53 AM,442.3,225,99517.5,160108533.30000004
2025-08-01 10:07:55 AM,442.15,17,7516.549999999999,160116049.85000005
2025-08-01 10:08:00 AM,442.3,6,2653.8,160118703.65000007
2025-08-01 10:08:05 AM,442.15,0,0.0,160118703.65000007
2025-08-01 10:08:06 AM,442.15,15,6632.25,160125335.90000007
2025-08-01 10:08:11 AM,442.45,0,0.0,160125335.90000007
2025-08-01 10:08:12 AM,442.35,1408,622828.8,160748164.70000008
2025-08-01 10:08:18 AM,442.35,50,22117.5,160770282.20000008
2025-08-01 10:08:23 AM,442.45,0,0.0,160770282.20000008
2025-08-01 10:08:24 AM,442.45,52,23007.399999999998,160793289.60000008
2025-08-01 10:08:26 AM,442.5,0,0.0,160793289.60000008
2025-08-01 10:08:26 AM,442.6,60,26556.0,160819845.60000008
2025-08-01 10:08:32 AM,442.65,0,0.0,160819845.60000008
2025-08-01 10:08:32 AM,442.65,104,46035.6,160865881.20000008
2025-08-01 10:08:48 AM,442.65,12,5311.799999999999,160871193.0000001
2025-08-01 10:08:54 AM,442.65,16,7082.4,160878275.4000001
2025-08-01 10:09:01 AM,442.75,1,442.75,160878718.1500001
2025-08-01 10:09:05 AM,442.75,30,13282.5,160892000.6500001
2025-08-01 10:09:06 AM,442.8,2,885.6,160892886.2500001
2025-08-01 10:09:07 AM,442.85,0,0.0,160892886.2500001
2025-08-01 10:09:07 AM,442.85,21,9299.85,160902186.10000008
2025-08-01 10:09:11 AM,442.85,13,5757.05,160907943.1500001
2025-08-01 10:09:16 AM,442.85,50,22142.5,160930085.6500001
2025-08-01 10:09:19 AM,442.85,1,442.85,160930528.5000001
2025-08-01 10:09:23 AM,442.85,8,3542.8,160934071.3000001
2025-08-01 10:09:27 AM,442.85,15,6642.75,160940714.0500001
2025-08-01 10:09:29 AM,442.85,1,442.85,160941156.9000001
2025-08-01 10:09:30 AM,442.8,1,442.8,160941599.7000001
2025-08-01 10:09:35 AM,442.8,32,14169.6,160955769.3000001
2025-08-01 10:09:36 AM,442.65,33,14607.449999999999,160970376.7500001
2025-08-01 10:09:42 AM,442.7,0,0.0,160970376.7500001
2025-08-01 10:09:42 AM,442.7,91,40285.7,161010662.45000008
2025-08-01 10:09:42 AM,442.65,1,442.65,161011105.10000008
2025-08-01 10:09:43 AM,442.7,8,3541.6,161014646.70000008
2025-08-01 10:09:56 AM,442.7,5,2213.5,161016860.20000008
2025-08-01 10:10:05 AM,442.65,0,0.0,161016860.20000008
2025-08-01 10:10:06 AM,442.7,115,50910.5,161067770.70000008
2025-08-01 10:10:14 AM,442.6,0,0.0,161067770.70000008
2025-08-01 10:10:16 AM,442.65,174,77021.09999999999,161144791.80000007
2025-08-01 10:10:18 AM,442.55,0,0.0,161144791.80000007
2025-08-01 10:10:18 AM,442.55,26,11506.300000000001,161156298.10000008
2025-08-01 10:10:24 AM,442.55,255,112850.25,161269148.35000008
2025-08-01 10:10:28 AM,442.6,350,154910.0,161424058.35000008
2025-08-01 10:10:34 AM,442.65,1,442.65,161424501.0000001
2025-08-01 10:10:40 AM,442.4,0,0.0,161424501.0000001
2025-08-01 10:10:40 AM,442.4,50,22120.0,161446621.0000001
2025-08-01 10:10:41 AM,442.6,118,52226.8,161498847.8000001
2025-08-01 10:10:46 AM,442.7,0,0.0,161498847.8000001
2025-08-01 10:10:46 AM,442.7,251,111117.7,161609965.5000001
2025-08-01 10:10:52 AM,442.7,16,7083.2,161617048.70000008
2025-08-01 10:10:55 AM,442.8,0,0.0,161617048.70000008
2025-08-01 10:10:58 AM,442.7,1414,625977.7999999999,162243026.5000001
2025-08-01 10:11:03 AM,442.5,160,70800.0,162313826.5000001
2025-08-01 10:11:09 AM,442.85,158,69970.3,162383796.8000001
2025-08-01 10:11:28 AM,443.1,0,0.0,162383796.8000001
2025-08-01 10:11:28 AM,443.1,303,134259.30000000002,162518056.1000001
2025-08-01 10:11:37 AM,443.15,0,0.0,162518056.1000001
2025-08-01 10:11:38 AM,443.15,21,9306.15,162527362.25000012
2025-08-01 10:11:43 AM,443.1,0,0.0,162527362.25000012
2025-08-01 10:11:44 AM,443.1,15,6646.5,162534008.75000012
2025-08-01 10:11:46 AM,443.1,150,66465.0,162600473.75000012
2025-08-01 10:11:50 AM,443.05,10,4430.5,162604904.25000012
2025-08-01 10:11:56 AM,442.85,3,1328.5500000000002,162606232.80000013
2025-08-01 10:12:07 AM,442.95,0,0.0,162606232.80000013
2025-08-01 10:12:08 AM,442.95,6,2657.7,162608890.50000012
2025-08-01 10:12:10 AM,442.85,0,0.0,162608890.50000012
2025-08-01 10:12:13 AM,442.95,0,0.0,162608890.50000012
2025-08-01 10:12:14 AM,442.95,14,6201.3,162615091.80000013
2025-08-01 10:12:20 AM,442.95,30,13288.5,162628380.30000013
2025-08-01 10:12:22 AM,442.85,0,0.0,162628380.30000013
2025-08-01 10:12:25 AM,442.85,58,25685.300000000003,162654065.60000014
2025-08-01 10:12:31 AM,442.9,0,0.0,162654065.60000014
2025-08-01 10:12:31 AM,442.9,98,43404.2,162697469.80000013
2025-08-01 10:12:37 AM,442.95,25,11073.75,162708543.55000013
2025-08-01 10:12:40 AM,443.2,0,0.0,162708543.55000013
2025-08-01 10:12:42 AM,443.25,20,8865.0,162717408.55000013
2025-08-01 10:12:48 AM,442.95,90,39865.5,162757274.05000013
2025-08-01 10:12:52 AM,443.15,0,0.0,162757274.05000013
2025-08-01 10:12:54 AM,443.15,15,6647.25,162763921.30000013
2025-08-01 10:12:58 AM,442.9,0,0.0,162763921.30000013
2025-08-01 10:13:00 AM,442.85,324,143483.4,162907404.70000014
2025-08-01 10:13:00 AM,443.1,10,4431.0,162911835.70000014
2025-08-01 10:13:04 AM,443.0,0,0.0,162911835.70000014
2025-08-01 10:13:05 AM,443.0,1,443.0,162912278.70000014
2025-08-01 10:13:06 AM,442.95,70,31006.5,162943285.20000014
2025-08-01 10:13:23 AM,442.95,33,14617.35,162957902.55000013
2025-08-01 10:13:29 AM,442.95,13,5758.349999999999,162963660.90000013
2025-08-01 10:13:30 AM,442.95,41,18160.95,162981821.8500001
2025-08-01 10:13:34 AM,443.0,0,0.0,162981821.8500001
2025-08-01 10:13:35 AM,443.0,137,60691.0,163042512.8500001
2025-08-01 10:13:41 AM,443.0,100,44300.0,163086812.8500001
2025-08-01 10:13:46 AM,442.85,0,0.0,163086812.8500001
2025-08-01 10:13:46 AM,442.75,0,0.0,163086812.8500001
2025-08-01 10:13:47 AM,442.75,143,63313.25,163150126.1000001
2025-08-01 10:13:48 AM,442.95,3,1328.85,163151454.9500001
2025-08-01 10:13:52 AM,442.9,0,0.0,163151454.9500001
2025-08-01 10:13:53 AM,442.9,123,54476.7,163205931.6500001
2025-08-01 10:13:54 AM,442.9,25,11072.5,163217004.1500001
2025-08-01 10:13:55 AM,442.95,0,0.0,163217004.1500001
2025-08-01 10:13:59 AM,442.95,1021,452251.95,163669256.10000008
2025-08-01 10:14:05 AM,442.95,104,46066.799999999996,163715322.9000001
2025-08-01 10:14:07 AM,442.75,0,0.0,163715322.9000001
2025-08-01 10:14:10 AM,442.85,0,0.0,163715322.9000001
2025-08-01 10:14:10 AM,442.9,0,0.0,163715322.9000001
2025-08-01 10:14:10 AM,442.9,72,31888.8,163747211.7000001
2025-08-01 10:14:16 AM,442.85,0,0.0,163747211.7000001
2025-08-01 10:14:16 AM,442.85,68,30113.800000000003,163777325.50000012
2025-08-01 10:14:19 AM,442.9,0,0.0,163777325.50000012
2025-08-01 10:14:22 AM,442.9,2,885.8,163778211.30000013
2025-08-01 10:14:25 AM,442.55,0,0.0,163778211.30000013
2025-08-01 10:14:28 AM,442.8,0,0.0,163778211.30000013
2025-08-01 10:14:28 AM,442.8,207,91659.6,163869870.90000013
2025-08-01 10:14:28 AM,442.8,1,442.8,163870313.70000014
2025-08-01 10:14:37 AM,442.75,0,0.0,163870313.70000014
2025-08-01 10:14:39 AM,442.8,15,6642.0,163876955.70000014
2025-08-01 10:14:40 AM,442.35,2000,884700.0,164761655.70000014
2025-08-01 10:14:43 AM,442.6,0,0.0,164761655.70000014
2025-08-01 10:14:45 AM,442.6,152,67275.2,164828930.90000013
2025-08-01 10:14:46 AM,442.6,25,11065.0,164839995.90000013
2025-08-01 10:14:54 AM,442.55,0,0.0,164839995.90000013
2025-08-01 10:14:57 AM,442.55,129,57088.950000000004,164897084.8500001
2025-08-01 10:14:58 AM,442.6,0,0.0,164897084.8500001
2025-08-01 10:14:58 AM,442.6,61,26998.600000000002,164924083.4500001
2025-08-01 10:15:00 AM,442.65,0,0.0,164924083.4500001
2025-08-01 10:15:02 AM,442.75,0,0.0,164924083.4500001
2025-08-01 10:15:02 AM,442.75,250,110687.5,165034770.9500001
2025-08-01 10:15:08 AM,442.75,1,442.75,165035213.7000001
2025-08-01 10:15:09 AM,442.85,20,8857.0,165044070.7000001
2025-08-01 10:15:13 AM,442.75,0,0.0,165044070.7000001
2025-08-01 10:15:14 AM,442.8,0,0.0,165044070.7000001
2025-08-01 10:15:14 AM,442.8,124,54907.200000000004,165098977.9000001
2025-08-01 10:15:16 AM,442.75,0,0.0,165098977.9000001
2025-08-01 10:15:18 AM,442.8,0,0.0,165098977.9000001
2025-08-01 10:15:20 AM,442.8,118,52250.4,165151228.3000001
2025-08-01 10:15:26 AM,442.8,5001,2214442.8000000003,167365671.1000001
2025-08-01 10:15:28 AM,442.7,0,0.0,167365671.1000001
2025-08-01 10:15:30 AM,442.6,0,0.0,167365671.1000001
2025-08-01 10:15:32 AM,442.65,324,143418.6,167509089.7000001
2025-08-01 10:15:33 AM,442.65,247,109334.54999999999,167618424.25000012
2025-08-01 10:15:38 AM,442.8,1,442.8,167618867.05000013
2025-08-01 10:15:39 AM,442.65,1050,464782.5,168083649.55000013
2025-08-01 10:15:46 AM,442.95,0,0.0,168083649.55000013
2025-08-01 10:15:48 AM,442.8,0,0.0,168083649.55000013
2025-08-01 10:15:50 AM,442.8,1005,445014.0,168528663.55000013
2025-08-01 10:15:54 AM,442.95,0,0.0,168528663.55000013
2025-08-01 10:15:56 AM,443.0,64,28352.0,168557015.55000013
2025-08-01 10:15:58 AM,442.9,0,0.0,168557015.55000013
2025-08-01 10:16:02 AM,442.8,1025,453870.0,169010885.55000013
2025-08-01 10:16:07 AM,442.6,0,0.0,169010885.55000013
2025-08-01 10:16:07 AM,442.5,1457,644722.5,169655608.05000013
2025-08-01 10:16:12 AM,442.55,0,0.0,169655608.05000013
2025-08-01 10:16:13 AM,442.55,26,11506.300000000001,169667114.35000014
2025-08-01 10:16:15 AM,442.6,0,0.0,169667114.35000014
2025-08-01 10:16:18 AM,442.5,0,0.0,169667114.35000014
2025-08-01 10:16:19 AM,442.5,101,44692.5,169711806.85000014
2025-08-01 10:16:25 AM,442.5,121,53542.5,169765349.35000014
2025-08-01 10:16:27 AM,442.6,0,0.0,169765349.35000014
2025-08-01 10:16:31 AM,442.6,1,442.6,169765791.95000014
2025-08-01 10:16:43 AM,442.6,29,12835.400000000001,169778627.35000014
2025-08-01 10:16:48 AM,442.7,152,67290.4,169845917.75000015
2025-08-01 10:16:59 AM,442.7,1,442.7,169846360.45000014
2025-08-01 10:17:05 AM,442.7,50,22135.0,169868495.45000014
2025-08-01 10:17:11 AM,442.7,11,4869.7,169873365.15000013
2025-08-01 10:17:16 AM,442.7,230,101821.0,169975186.15000013
2025-08-01 10:17:21 AM,442.5,0,0.0,169975186.15000013
2025-08-01 10:17:22 AM,442.5,205,90712.5,170065898.65000013
2025-08-01 10:17:25 AM,442.7,0,0.0,170065898.65000013
2025-08-01 10:17:28 AM,442.7,20,8854.0,170074752.65000013
2025-08-01 10:17:39 AM,442.8,795,352026.0,170426778.65000013
2025-08-01 10:17:45 AM,442.7,0,0.0,170426778.65000013
2025-08-01 10:17:45 AM,442.7,210,92967.0,170519745.65000013
2025-08-01 10:17:51 AM,442.65,0,0.0,170519745.65000013
2025-08-01 10:17:51 AM,442.5,324,143370.0,170663115.65000013
2025-08-01 10:17:54 AM,442.6,0,0.0,170663115.65000013
2025-08-01 10:17:57 AM,442.6,3,1327.8000000000002,170664443.45000014
2025-08-01 10:18:03 AM,442.6,14,6196.400000000001,170670639.85000014
2025-08-01 10:18:13 AM,442.65,0,0.0,170670639.85000014
2025-08-01 10:18:15 AM,442.65,15,6639.75,170677279.60000014
2025-08-01 10:18:16 AM,442.6,0,0.0,170677279.60000014
2025-08-01 10:18:20 AM,442.55,5560,2460578.0,173137857.60000014
2025-08-01 10:18:40 AM,442.6,0,0.0,173137857.60000014
2025-08-01 10:18:43 AM,442.6,58,25670.800000000003,173163528.40000015
2025-08-01 10:18:49 AM,442.9,0,0.0,173163528.40000015
2025-08-01 10:18:49 AM,442.9,50,22145.0,173185673.40000015
2025-08-01 10:18:59 AM,442.6,0,0.0,173185673.40000015
2025-08-01 10:19:00 AM,442.55,22,9736.1,173195409.50000015
2025-08-01 10:19:02 AM,442.6,0,0.0,173195409.50000015
2025-08-01 10:19:02 AM,442.6,291,128796.6,173324206.10000014
2025-08-01 10:19:04 AM,442.55,88,38944.4,173363150.50000015
2025-08-01 10:19:05 AM,442.55,669,296065.95,173659216.45000014
2025-08-01 10:19:12 AM,442.7,30,13281.0,173672497.45000014
2025-08-01 10:19:18 AM,442.7,3,1328.1,173673825.55000013
2025-08-01 10:19:20 AM,442.7,3,1328.1,173675153.65000013
2025-08-01 10:19:23 AM,442.7,25,11067.5,173686221.15000013
2025-08-01 10:19:43 AM,442.7,3,1328.1,173687549.25000012
2025-08-01 10:19:46 AM,442.7,60,26562.0,173714111.25000012
2025-08-01 10:19:51 AM,442.7,100,44270.0,173758381.25000012
2025-08-01 10:19:56 AM,442.7,37,16379.9,173774761.15000013
2025-08-01 10:20:01 AM,442.85,2,885.7,173775646.8500001
2025-08-01 10:20:02 AM,442.85,1,442.85,173776089.7000001
2025-08-01 10:20:05 AM,442.75,100,44275.0,173820364.7000001
2025-08-01 10:20:14 AM,442.85,0,0.0,173820364.7000001
2025-08-01 10:20:14 AM,442.85,4,1771.4,173822136.1000001
2025-08-01 10:20:24 AM,442.6,0,0.0,173822136.1000001
2025-08-01 10:20:24 AM,442.6,446,197399.6,174019535.7000001
2025-08-01 10:20:25 AM,442.55,0,0.0,174019535.7000001
2025-08-01 10:20:25 AM,442.55,23,10178.65,174029714.3500001
2025-08-01 10:20:27 AM,442.6,0,0.0,174029714.3500001
2025-08-01 10:20:27 AM,442.6,25,11065.0,174040779.3500001
2025-08-01 10:20:30 AM,442.6,25,11065.0,174051844.3500001
2025-08-01 10:20:31 AM,442.5,0,0.0,174051844.3500001
2025-08-01 10:20:31 AM,442.5,12,5310.0,174057154.3500001
2025-08-01 10:20:33 AM,442.6,5,2213.0,174059367.3500001
2025-08-01 10:20:38 AM,442.6,100,44260.0,174103627.3500001
2025-08-01 10:20:41 AM,442.6,200,88520.0,174192147.3500001
2025-08-01 10:20:46 AM,442.5,0,0.0,174192147.3500001
2025-08-01 10:20:46 AM,442.5,1,442.5,174192589.8500001
2025-08-01 10:20:47 AM,442.5,1,442.5,174193032.3500001
2025-08-01 10:20:51 AM,442.5,25,11062.5,174204094.8500001
2025-08-01 10:20:53 AM,442.4,0,0.0,174204094.8500001
2025-08-01 10:20:53 AM,442.4,406,179614.4,174383709.25000012
2025-08-01 10:20:56 AM,442.4,100,44240.0,174427949.25000012
2025-08-01 10:21:00 AM,442.4,5,2212.0,174430161.25000012
2025-08-01 10:21:03 AM,442.25,176,77836.0,174507997.25000012
2025-08-01 10:21:06 AM,442.4,0,0.0,174507997.25000012
2025-08-01 10:21:07 AM,442.4,110,48664.0,174556661.25000012
2025-08-01 10:21:14 AM,442.4,1,442.4,174557103.65000013
2025-08-01 10:21:20 AM,442.4,21,9290.4,174566394.05000013
2025-08-01 10:21:23 AM,442.4,6,2654.3999999999996,174569048.45000014
2025-08-01 10:21:28 AM,442.3,0,0.0,174569048.45000014
2025-08-01 10:21:29 AM,442.3,12,5307.6,174574356.05000013
2025-08-01 10:21:31 AM,442.4,0,0.0,174574356.05000013
2025-08-01 10:21:31 AM,442.4,11,4866.4,174579222.45000014
2025-08-01 10:21:39 AM,442.4,50,22120.0,174601342.45000014
2025-08-01 10:21:47 AM,442.4,215,95116.0,174696458.45000014
2025-08-01 10:21:49 AM,442.45,0,0.0,174696458.45000014
2025-08-01 10:21:51 AM,442.45,50,22122.5,174718580.95000014
2025-08-01 10:21:53 AM,442.4,300,132720.0,174851300.95000014
2025-08-01 10:22:02 AM,442.75,5,2213.75,174853514.70000014
2025-08-01 10:22:08 AM,442.75,60,26565.0,174880079.70000014
2025-08-01 10:22:13 AM,442.7,0,0.0,174880079.70000014
2025-08-01 10:22:14 AM,442.65,17,7525.049999999999,174887604.75000015
2025-08-01 10:22:16 AM,442.65,12,5311.799999999999,174892916.55000016
2025-08-01 10:22:19 AM,442.75,0,0.0,174892916.55000016
2025-08-01 10:22:20 AM,442.75,1503,665453.25,175558369.80000016
2025-08-01 10:22:22 AM,442.7,0,0.0,175558369.80000016
2025-08-01 10:22:22 AM,442.7,10,4427.0,175562796.80000016
2025-08-01 10:22:28 AM,442.65,0,0.0,175562796.80000016
2025-08-01 10:22:28 AM,442.65,12,5311.799999999999,175568108.60000017
2025-08-01 10:22:34 AM,442.65,60,26559.0,175594667.60000017
2025-08-01 10:22:43 AM,442.65,10,4426.5,175599094.10000017
2025-08-01 10:22:48 AM,442.65,2,885.3,175599979.40000018
2025-08-01 10:22:53 AM,442.65,5,2213.25,175602192.65000018
2025-08-01 10:22:59 AM,442.65,18,7967.7,175610160.35000017
2025-08-01 10:23:01 AM,442.75,12,5313.0,175615473.35000017
2025-08-01 10:23:03 AM,442.55,0,0.0,175615473.35000017
2025-08-01 10:23:04 AM,442.55,1506,666480.3,176281953.65000018
2025-08-01 10:23:06 AM,442.5,0,0.0,176281953.65000018
2025-08-01 10:23:07 AM,442.6,0,0.0,176281953.65000018
2025-08-01 10:23:07 AM,442.6,16,7081.6,176289035.25000018
2025-08-01 10:23:09 AM,442.4,0,0.0,176289035.25000018
2025-08-01 10:23:10 AM,442.4,65,28756.0,176317791.25000018
2025-08-01 10:23:16 AM,442.4,50,22120.0,176339911.25000018
2025-08-01 10:23:22 AM,442.4,2,884.8,176340796.0500002
2025-08-01 10:23:25 AM,442.4,41,18138.399999999998,176358934.4500002
2025-08-01 10:23:27 AM,442.4,2,884.8,176359819.2500002
2025-08-01 10:23:31 AM,442.4,50,22120.0,176381939.2500002
2025-08-01 10:23:33 AM,442.25,0,0.0,176381939.2500002
2025-08-01 10:23:33 AM,442.25,1,442.25,176382381.5000002
2025-08-01 10:23:40 AM,442.4,0,0.0,176382381.5000002
2025-08-01 10:23:42 AM,442.25,0,0.0,176382381.5000002
2025-08-01 10:23:42 AM,442.25,75,33168.75,176415550.2500002
2025-08-01 10:23:44 AM,442.25,5,2211.25,176417761.5000002
2025-08-01 10:23:49 AM,442.25,5,2211.25,176419972.7500002
2025-08-01 10:23:53 AM,442.25,142,62799.5,176482772.2500002
2025-08-01 10:23:54 AM,442.5,0,0.0,176482772.2500002
2025-08-01 10:23:55 AM,442.5,500,221250.0,176704022.2500002
2025-08-01 10:23:56 AM,442.45,0,0.0,176704022.2500002
2025-08-01 10:23:57 AM,442.4,0,0.0,176704022.2500002
2025-08-01 10:23:59 AM,442.4,87,38488.799999999996,176742511.05000022
2025-08-01 10:24:10 AM,442.4,224,99097.59999999999,176841608.6500002
2025-08-01 10:24:15 AM,442.4,302,133604.8,176975213.45000023
2025-08-01 10:24:18 AM,442.3,0,0.0,176975213.45000023
2025-08-01 10:24:21 AM,442.4,42,18580.8,176993794.25000024
2025-08-01 10:24:22 AM,442.4,15,6636.0,177000430.25000024
2025-08-01 10:24:26 AM,442.4,79,34949.6,177035379.85000023
2025-08-01 10:24:28 AM,442.5,10,4425.0,177039804.85000023
2025-08-01 10:24:30 AM,442.4,0,0.0,177039804.85000023
2025-08-01 10:24:32 AM,442.4,107,47336.799999999996,177087141.65000024
2025-08-01 10:24:33 AM,442.4,11,4866.4,177092008.05000025
2025-08-01 10:24:37 AM,442.4,5,2212.0,177094220.05000025
2025-08-01 10:24:42 AM,442.4,100,44240.0,177138460.05000025
2025-08-01 10:24:45 AM,442.4,560,247744.0,177386204.05000025
2025-08-01 10:24:48 AM,442.5,1,442.5,177386646.55000025
2025-08-01 10:24:59 AM,442.5,5,2212.5,177388859.05000025
2025-08-01 10:25:01 AM,442.5,1,442.5,177389301.55000025
2025-08-01 10:25:07 AM,442.5,8,3540.0,177392841.55000025
2025-08-01 10:25:13 AM,442.5,5,2212.5,177395054.05000025
2025-08-01 10:25:22 AM,442.5,20,8850.0,177403904.05000025
2025-08-01 10:25:26 AM,442.6,0,0.0,177403904.05000025
2025-08-01 10:25:28 AM,442.6,22,9737.2,177413641.25000024
2025-08-01 10:25:30 AM,442.6,333,147385.80000000002,177561027.05000025
2025-08-01 10:25:36 AM,442.6,3,1327.8000000000002,177562354.85000026
2025-08-01 10:25:39 AM,442.6,55,24343.0,177586697.85000026
2025-08-01 10:25:50 AM,442.6,695,307607.0,177894304.85000026
2025-08-01 10:25:52 AM,442.65,471,208488.15,178102793.00000027
2025-08-01 10:25:58 AM,442.5,408,180540.0,178283333.00000027
2025-08-01 10:26:00 AM,442.35,90,39811.5,178323144.50000027
2025-08-01 10:26:02 AM,442.55,0,0.0,178323144.50000027
2025-08-01 10:26:02 AM,442.55,800,354040.0,178677184.50000027
2025-08-01 10:26:06 AM,442.6,0,0.0,178677184.50000027
2025-08-01 10:26:06 AM,442.6,3,1327.8000000000002,178678512.30000028
2025-08-01 10:26:09 AM,442.55,5,2212.75,178680725.05000028
2025-08-01 10:26:10 AM,442.55,100,44255.0,178724980.05000028
2025-08-01 10:26:11 AM,442.5,6,2655.0,178727635.05000028
2025-08-01 10:26:12 AM,442.5,100,44250.0,178771885.05000028
2025-08-01 10:26:20 AM,442.5,174,76995.0,178848880.05000028
2025-08-01 10:26:24 AM,442.5,776,343380.0,179192260.05000028
2025-08-01 10:26:25 AM,442.6,27,11950.2,179204210.25000027
2025-08-01 10:26:29 AM,442.55,5,2212.75,179206423.00000027
2025-08-01 10:26:33 AM,442.65,0,0.0,179206423.00000027
2025-08-01 10:26:33 AM,442.65,15,6639.75,179213062.75000027
2025-08-01 10:26:34 AM,442.75,0,0.0,179213062.75000027
2025-08-01 10:26:34 AM,442.75,4,1771.0,179214833.75000027
2025-08-01 10:26:35 AM,442.75,1,442.75,179215276.50000027
2025-08-01 10:26:39 AM,442.75,35,15496.25,179230772.75000027
2025-08-01 10:26:42 AM,442.8,0,0.0,179230772.75000027
2025-08-01 10:26:42 AM,442.8,100,44280.0,179275052.75000027
2025-08-01 10:26:44 AM,442.75,0,0.0,179275052.75000027
2025-08-01 10:26:44 AM,442.75,1,442.75,179275495.50000027
2025-08-01 10:26:49 AM,442.8,0,0.0,179275495.50000027
2025-08-01 10:26:49 AM,442.8,430,190404.0,179465899.50000027
2025-08-01 10:26:52 AM,442.65,0,0.0,179465899.50000027
2025-08-01 10:26:52 AM,442.65,500,221325.0,179687224.50000027
2025-08-01 10:26:54 AM,442.5,0,0.0,179687224.50000027
2025-08-01 10:26:54 AM,442.45,0,0.0,179687224.50000027
2025-08-01 10:26:54 AM,442.45,226,99993.7,179787218.20000026
2025-08-01 10:26:58 AM,442.25,0,0.0,179787218.20000026
2025-08-01 10:26:58 AM,442.25,74,32726.5,179819944.70000026
2025-08-01 10:27:14 AM,442.5,0,0.0,179819944.70000026
2025-08-01 10:27:15 AM,442.5,50,22125.0,179842069.70000026
2025-08-01 10:27:20 AM,442.45,41,18140.45,179860210.15000024
2025-08-01 10:27:22 AM,442.3,0,0.0,179860210.15000024
2025-08-01 10:27:23 AM,442.3,16,7076.8,179867286.95000026
2025-08-01 10:27:25 AM,442.45,0,0.0,179867286.95000026
2025-08-01 10:27:26 AM,442.1,540,238734.0,180106020.95000026
2025-08-01 10:27:26 AM,442.25,0,0.0,180106020.95000026
2025-08-01 10:27:29 AM,442.1,120,53052.0,180159072.95000026
2025-08-01 10:27:34 AM,442.1,578,255533.80000000002,180414606.75000027
2025-08-01 10:27:38 AM,442.0,0,0.0,180414606.75000027
2025-08-01 10:27:40 AM,442.1,442,195408.2,180610014.95000026
2025-08-01 10:27:41 AM,442.05,0,0.0,180610014.95000026
2025-08-01 10:27:42 AM,442.05,121,53488.05,180663503.00000027
2025-08-01 10:27:44 AM,441.9,0,0.0,180663503.00000027
2025-08-01 10:27:45 AM,441.95,2385,1054050.75,181717553.75000027
2025-08-01 10:27:48 AM,442.0,50,22100.0,181739653.75000027
2025-08-01 10:27:53 AM,442.0,2,884.0,181740537.75000027
2025-08-01 10:27:56 AM,442.0,600,265200.0,182005737.75000027
2025-08-01 10:27:59 AM,442.1,30,13263.0,182019000.75000027
2025-08-01 10:28:03 AM,442.0,0,0.0,182019000.75000027
2025-08-01 10:28:03 AM,442.0,151,66742.0,182085742.75000027
2025-08-01 10:28:04 AM,442.0,25,11050.0,182096792.75000027
2025-08-01 10:28:05 AM,442.0,1,442.0,182097234.75000027
2025-08-01 10:28:06 AM,442.0,100,44200.0,182141434.75000027
2025-08-01 10:28:08 AM,442.0,6,2652.0,182144086.75000027
2025-08-01 10:28:08 AM,442.0,300,132600.0,182276686.75000027
2025-08-01 10:28:12 AM,441.95,21,9280.949999999999,182285967.70000026
2025-08-01 10:28:14 AM,441.95,29,12816.55,182298784.25000027
2025-08-01 10:28:16 AM,441.9,4,1767.6,182300551.85000026
2025-08-01 10:28:17 AM,441.95,500,220975.0,182521526.85000026
2025-08-01 10:28:22 AM,441.95,2,883.9,182522410.75000027
2025-08-01 10:28:24 AM,441.85,21,9278.85,182531689.60000026
2025-08-01 10:28:25 AM,441.75,0,0.0,182531689.60000026
2025-08-01 10:28:25 AM,441.75,72,31806.0,182563495.60000026
2025-08-01 10:28:27 AM,441.85,0,0.0,182563495.60000026
2025-08-01 10:28:27 AM,441.85,114,50370.9,182613866.50000027
2025-08-01 10:28:28 AM,441.65,359,158552.35,182772418.85000026
2025-08-01 10:28:29 AM,441.75,380,167865.0,182940283.85000026
2025-08-01 10:28:30 AM,441.75,1,441.75,182940725.60000026
2025-08-01 10:28:30 AM,441.65,241,106437.65,183047163.25000027
2025-08-01 10:28:31 AM,441.8,0,0.0,183047163.25000027
2025-08-01 10:28:31 AM,441.65,11,4858.15,183052021.40000027
2025-08-01 10:28:34 AM,441.8,0,0.0,183052021.40000027
2025-08-01 10:28:34 AM,441.05,7811,3445041.5500000003,186497062.9500003
2025-08-01 10:28:35 AM,441.55,249,109945.95,186607008.90000027
2025-08-01 10:28:37 AM,441.3,418,184463.4,186791472.30000028
2025-08-01 10:28:38 AM,441.6,20,8832.0,186800304.30000028
2025-08-01 10:28:44 AM,441.55,34,15012.7,186815317.00000027
2025-08-01 10:28:46 AM,441.55,1,441.55,186815758.55000028
2025-08-01 10:28:47 AM,441.55,10,4415.5,186820174.05000028
2025-08-01 10:28:49 AM,441.4,122,53850.799999999996,186874024.8500003
2025-08-01 10:28:51 AM,441.4,2,882.8,186874907.6500003
2025-08-01 10:28:52 AM,441.4,15,6621.0,186881528.6500003
2025-08-01 10:28:52 AM,441.4,50,22070.0,186903598.6500003
2025-08-01 10:28:57 AM,441.4,400,176560.0,187080158.6500003
2025-08-01 10:28:58 AM,441.4,25,11035.0,187091193.6500003
2025-08-01 10:28:59 AM,441.4,10,4414.0,187095607.6500003
2025-08-01 10:28:59 AM,441.4,2,882.8,187096490.45000032
2025-08-01 10:29:01 AM,441.3,0,0.0,187096490.45000032
2025-08-01 10:29:01 AM,441.3,2450,1081185.0,188177675.45000032
2025-08-01 10:29:03 AM,441.4,0,0.0,188177675.45000032
2025-08-01 10:29:05 AM,441.4,1,441.4,188178116.85000032
2025-08-01 10:29:15 AM,441.6,0,0.0,188178116.85000032
2025-08-01 10:29:16 AM,441.6,30,13248.0,188191364.85000032
2025-08-01 10:29:23 AM,441.75,0,0.0,188191364.85000032
2025-08-01 10:29:24 AM,441.75,570,251797.5,188443162.35000032
2025-08-01 10:29:29 AM,441.7,0,0.0,188443162.35000032
2025-08-01 10:29:30 AM,441.6,15,6624.0,188449786.35000032
2025-08-01 10:29:35 AM,441.65,0,0.0,188449786.35000032
2025-08-01 10:29:35 AM,441.65,42,18549.3,188468335.65000033
2025-08-01 10:29:37 AM,441.7,0,0.0,188468335.65000033
2025-08-01 10:29:38 AM,441.75,15,6626.25,188474961.90000033
2025-08-01 10:29:45 AM,441.8,0,0.0,188474961.90000033
2025-08-01 10:29:46 AM,441.8,5,2209.0,188477170.90000033
2025-08-01 10:29:49 AM,441.65,0,0.0,188477170.90000033
2025-08-01 10:29:49 AM,441.65,47,20757.55,188497928.45000035
2025-08-01 10:29:52 AM,441.65,1,441.65,188498370.10000035
2025-08-01 10:29:55 AM,441.65,1,441.65,188498811.75000036
2025-08-01 10:29:57 AM,441.8,102,45063.6,188543875.35000035
2025-08-01 10:29:59 AM,441.85,0,0.0,188543875.35000035
2025-08-01 10:30:00 AM,441.9,24,10605.599999999999,188554480.95000035
2025-08-01 10:30:02 AM,441.95,9,3977.5499999999997,188558458.50000036
2025-08-01 10:30:06 AM,441.9,0,0.0,188558458.50000036
2025-08-01 10:30:06 AM,441.9,200,88380.0,188646838.50000036
2025-08-01 10:30:07 AM,442.0,0,0.0,188646838.50000036
2025-08-01 10:30:07 AM,442.15,0,0.0,188646838.50000036
2025-08-01 10:30:07 AM,442.15,3,1326.4499999999998,188648164.95000035
2025-08-01 10:30:14 AM,442.15,1,442.15,188648607.10000035
2025-08-01 10:30:15 AM,442.15,42,18570.3,188667177.40000036
2025-08-01 10:30:21 AM,442.0,0,0.0,188667177.40000036
2025-08-01 10:30:21 AM,442.0,100,44200.0,188711377.40000036
2025-08-01 10:30:22 AM,442.2,0,0.0,188711377.40000036
2025-08-01 10:30:22 AM,442.2,100,44220.0,188755597.40000036
2025-08-01 10:30:24 AM,442.2,2,884.4,188756481.80000037
2025-08-01 10:30:33 AM,442.2,50,22110.0,188778591.80000037
2025-08-01 10:30:34 AM,442.0,150,66300.0,188844891.80000037
2025-08-01 10:30:35 AM,442.15,0,0.0,188844891.80000037
2025-08-01 10:30:35 AM,442.15,48,21223.199999999997,188866115.00000036
2025-08-01 10:30:36 AM,442.2,0,0.0,188866115.00000036
2025-08-01 10:30:36 AM,442.2,5,2211.0,188868326.00000036
2025-08-01 10:30:39 AM,442.2,5,2211.0,188870537.00000036
2025-08-01 10:30:40 AM,442.2,10,4422.0,188874959.00000036
2025-08-01 10:30:42 AM,442.2,5,2211.0,188877170.00000036
2025-08-01 10:30:45 AM,442.15,2,884.3,188878054.30000037
2025-08-01 10:30:56 AM,442.15,86,38024.9,188916079.20000038
2025-08-01 10:30:57 AM,442.15,8,3537.2,188919616.40000036
2025-08-01 10:31:00 AM,441.95,669,295664.55,189215280.95000038
2025-08-01 10:31:00 AM,441.9,380,167922.0,189383202.95000038
2025-08-01 10:31:03 AM,442.0,1,442.0,189383644.95000038
2025-08-01 10:31:08 AM,442.0,2,884.0,189384528.95000038
2025-08-01 10:31:09 AM,442.1,0,0.0,189384528.95000038
2025-08-01 10:31:09 AM,442.1,2557,1130449.7,190514978.65000036
2025-08-01 10:31:11 AM,442.25,0,0.0,190514978.65000036
2025-08-01 10:31:11 AM,442.25,144,63684.0,190578662.65000036
2025-08-01 10:31:16 AM,442.4,0,0.0,190578662.65000036
2025-08-01 10:31:16 AM,442.4,10,4424.0,190583086.65000036
2025-08-01 10:31:17 AM,442.3,0,0.0,190583086.65000036
2025-08-01 10:31:17 AM,442.3,25,11057.5,190594144.15000036
2025-08-01 10:31:20 AM,442.4,91,40258.4,190634402.55000037
2025-08-01 10:31:23 AM,442.45,15,6636.75,190641039.30000037
2025-08-01 10:31:34 AM,442.45,50,22122.5,190663161.80000037
2025-08-01 10:31:39 AM,442.55,0,0.0,190663161.80000037
2025-08-01 10:31:39 AM,442.55,3,1327.65,190664489.45000038
2025-08-01 10:31:44 AM,442.55,47,20799.850000000002,190685289.30000037
2025-08-01 10:31:45 AM,442.7,0,0.0,190685289.30000037
2025-08-01 10:31:45 AM,442.7,50,22135.0,190707424.30000037
2025-08-01 10:31:51 AM,442.8,180,79704.0,190787128.30000037
2025-08-01 10:31:55 AM,442.7,1,442.7,190787571.00000036
2025-08-01 10:31:56 AM,442.95,0,0.0,190787571.00000036
2025-08-01 10:31:56 AM,442.95,15,6644.25,190794215.25000036
2025-08-01 10:31:58 AM,442.95,10,4429.5,190798644.75000036
2025-08-01 10:32:14 AM,442.95,20,8859.0,190807503.75000036
2025-08-01 10:32:17 AM,442.95,5,2214.75,190809718.50000036
2025-08-01 10:32:21 AM,442.95,45,19932.75,190829651.25000036
2025-08-01 10:32:24 AM,442.95,1,442.95,190830094.20000035
2025-08-01 10:32:25 AM,442.8,0,0.0,190830094.20000035
2025-08-01 10:32:28 AM,442.8,17,7527.6,190837621.80000034
2025-08-01 10:32:31 AM,442.75,100,44275.0,190881896.80000034
2025-08-01 10:32:34 AM,442.95,0,0.0,190881896.80000034
2025-08-01 10:32:34 AM,442.95,2,885.9,190882782.70000035
2025-08-01 10:32:37 AM,442.85,0,0.0,190882782.70000035
2025-08-01 10:32:37 AM,442.85,211,93441.35,190976224.05000034
2025-08-01 10:32:46 AM,443.4,0,0.0,190976224.05000034
2025-08-01 10:32:46 AM,443.4,900,399060.0,191375284.05000034
2025-08-01 10:32:49 AM,443.25,2,886.5,191376170.55000034
2025-08-01 10:32:52 AM,443.15,47,20828.05,191396998.60000035
2025-08-01 10:33:03 AM,443.25,1,443.25,191397441.85000035
2025-08-01 10:33:08 AM,443.35,2,886.7,191398328.55000034
2025-08-01 10:33:13 AM,443.55,0,0.0,191398328.55000034
2025-08-01 10:33:14 AM,443.4,31,13745.4,191412073.95000035
2025-08-01 10:33:19 AM,443.55,0,0.0,191412073.95000035
2025-08-01 10:33:20 AM,443.55,100,44355.0,191456428.95000035
2025-08-01 10:33:22 AM,443.85,0,0.0,191456428.95000035
2025-08-01 10:33:22 AM,443.85,57,25299.45,191481728.40000033
2025-08-01 10:33:25 AM,443.7,0,0.0,191481728.40000033
2025-08-01 10:33:25 AM,443.45,109,48336.049999999996,191530064.45000035
2025-08-01 10:33:31 AM,443.75,0,0.0,191530064.45000035
2025-08-01 10:33:31 AM,443.75,102,45262.5,191575326.95000035
2025-08-01 10:33:33 AM,443.75,50,22187.5,191597514.45000035
2025-08-01 10:33:35 AM,443.85,0,0.0,191597514.45000035
2025-08-01 10:33:36 AM,443.85,83,36839.55,191634354.00000036
2025-08-01 10:33:41 AM,443.75,0,0.0,191634354.00000036
2025-08-01 10:33:41 AM,443.85,13,5770.05,191640124.05000037
2025-08-01 10:33:43 AM,443.8,0,0.0,191640124.05000037
2025-08-01 10:33:44 AM,443.8,5,2219.0,191642343.05000037
2025-08-01 10:33:47 AM,443.65,0,0.0,191642343.05000037
2025-08-01 10:33:47 AM,443.65,111,49245.149999999994,191691588.20000038
2025-08-01 10:33:50 AM,443.75,1,443.75,191692031.95000038
2025-08-01 10:33:53 AM,443.55,0,0.0,191692031.95000038
2025-08-01 10:33:53 AM,443.55,10,4435.5,191696467.45000038
2025-08-01 10:34:06 AM,443.8,22,9763.6,191706231.05000037
2025-08-01 10:34:17 AM,443.8,5,2219.0,191708450.05000037
2025-08-01 10:34:18 AM,443.8,100,44380.0,191752830.05000037
2025-08-01 10:34:25 AM,443.8,10,4438.0,191757268.05000037
2025-08-01 10:34:26 AM,443.8,45,19971.0,191777239.05000037
2025-08-01 10:34:27 AM,443.8,6,2662.8,191779901.85000038
2025-08-01 10:34:28 AM,444.0,736,326784.0,192106685.85000038
2025-08-01 10:34:30 AM,444.2,0,0.0,192106685.85000038
2025-08-01 10:34:30 AM,444.2,5,2221.0,192108906.85000038
2025-08-01 10:34:31 AM,444.2,300,133260.0,192242166.85000038
2025-08-01 10:34:32 AM,444.2,50,22210.0,192264376.85000038
2025-08-01 10:34:35 AM,444.45,3963,1761355.3499999999,194025732.20000038
2025-08-01 10:34:39 AM,444.3,34,15106.2,194040838.40000036
2025-08-01 10:34:44 AM,444.3,10,4443.0,194045281.40000036
2025-08-01 10:34:47 AM,444.3,5,2221.5,194047502.90000036
2025-08-01 10:34:49 AM,444.2,10,4442.0,194051944.90000036
2025-08-01 10:34:53 AM,444.2,20,8884.0,194060828.90000036
2025-08-01 10:34:55 AM,444.2,500,222100.0,194282928.90000036
2025-08-01 10:34:59 AM,444.2,25,11105.0,194294033.90000036
2025-08-01 10:35:05 AM,443.95,0,0.0,194294033.90000036
2025-08-01 10:35:07 AM,444.0,0,0.0,194294033.90000036
2025-08-01 10:35:07 AM,444.0,298,132312.0,194426345.90000036
2025-08-01 10:35:09 AM,444.0,214,95016.0,194521361.90000036
2025-08-01 10:35:11 AM,444.05,0,0.0,194521361.90000036
2025-08-01 10:35:13 AM,444.2,0,0.0,194521361.90000036
2025-08-01 10:35:13 AM,444.2,12,5330.4,194526692.30000037
2025-08-01 10:35:24 AM,444.25,224,99512.0,194626204.30000037
2025-08-01 10:35:26 AM,444.3,0,0.0,194626204.30000037
2025-08-01 10:35:26 AM,444.3,8,3554.4,194629758.70000038
2025-08-01 10:35:29 AM,444.3,1,444.3,194630203.0000004
2025-08-01 10:35:32 AM,444.2,28,12437.6,194642640.60000038
2025-08-01 10:35:35 AM,444.15,200,88830.0,194731470.60000038
2025-08-01 10:35:37 AM,444.2,0,0.0,194731470.60000038
2025-08-01 10:35:38 AM,444.2,52,23098.399999999998,194754569.0000004
2025-08-01 10:35:40 AM,444.1,0,0.0,194754569.0000004
2025-08-01 10:35:41 AM,444.05,522,231794.1,194986363.10000038
2025-08-01 10:35:43 AM,444.0,0,0.0,194986363.10000038
2025-08-01 10:35:43 AM,444.0,663,294372.0,195280735.10000038
2025-08-01 10:35:46 AM,444.1,0,0.0,195280735.10000038
2025-08-01 10:35:47 AM,444.1,165,73276.5,195354011.60000038
2025-08-01 10:35:49 AM,444.05,0,0.0,195354011.60000038
2025-08-01 10:35:49 AM,444.05,3,1332.15,195355343.7500004
2025-08-01 10:35:52 AM,444.05,6,2664.3,195358008.0500004
2025-08-01 10:35:54 AM,443.8,11,4881.8,195362889.8500004
2025-08-01 10:35:58 AM,444.05,200,88810.0,195451699.8500004
2025-08-01 10:36:08 AM,443.8,308,136690.4,195588390.25000042
2025-08-01 10:36:11 AM,444.0,10,4440.0,195592830.25000042
2025-08-01 10:36:13 AM,443.9,0,0.0,195592830.25000042
2025-08-01 10:36:14 AM,443.9,10,4439.0,195597269.25000042
2025-08-01 10:36:19 AM,443.7,0,0.0,195597269.25000042
2025-08-01 10:36:20 AM,443.7,60,26622.0,195623891.25000042
2025-08-01 10:36:22 AM,443.9,0,0.0,195623891.25000042
2025-08-01 10:36:23 AM,443.9,10,4439.0,195628330.25000042
2025-08-01 10:36:28 AM,443.9,11,4882.9,195633213.15000042
2025-08-01 10:36:31 AM,443.9,260,115414.0,195748627.15000042
2025-08-01 10:36:36 AM,443.85,0,0.0,195748627.15000042
2025-08-01 10:36:36 AM,443.85,10,4438.5,195753065.65000042
2025-08-01 10:36:38 AM,443.75,0,0.0,195753065.65000042
2025-08-01 10:36:39 AM,443.75,10,4437.5,195757503.15000042
2025-08-01 10:36:42 AM,443.7,117,51912.9,195809416.05000043
2025-08-01 10:36:45 AM,443.75,0,0.0,195809416.05000043
2025-08-01 10:36:48 AM,443.75,110,48812.5,195858228.55000043
2025-08-01 10:36:50 AM,443.75,10,4437.5,195862666.05000043
2025-08-01 10:36:51 AM,443.7,0,0.0,195862666.05000043
2025-08-01 10:36:53 AM,443.7,389,172599.3,196035265.35000044
2025-08-01 10:36:55 AM,443.7,10,4437.0,196039702.35000044
2025-08-01 10:36:58 AM,443.65,50,22182.5,196061884.85000044
2025-08-01 10:37:00 AM,443.65,91,40372.15,196102257.00000045
2025-08-01 10:37:05 AM,443.65,10,4436.5,196106693.50000045
2025-08-01 10:37:09 AM,443.65,10,4436.5,196111130.00000045
2025-08-01 10:37:11 AM,443.65,50,22182.5,196133312.50000045
2025-08-01 10:37:15 AM,443.65,156,69209.4,196202521.90000045
2025-08-01 10:37:18 AM,443.7,0,0.0,196202521.90000045
2025-08-01 10:37:20 AM,443.7,24,10648.8,196213170.70000046
2025-08-01 10:37:22 AM,443.8,138,61244.4,196274415.10000047
2025-08-01 10:37:28 AM,443.8,10,4438.0,196278853.10000047
2025-08-01 10:37:32 AM,443.7,0,0.0,196278853.10000047
2025-08-01 10:37:34 AM,443.7,11,4880.7,196283733.80000046
2025-08-01 10:37:37 AM,443.7,10,4437.0,196288170.80000046
2025-08-01 10:37:40 AM,443.55,21,9314.550000000001,196297485.35000047
2025-08-01 10:37:41 AM,443.75,0,0.0,196297485.35000047
2025-08-01 10:37:43 AM,443.75,15,6656.25,196304141.60000047
2025-08-01 10:37:45 AM,443.65,10,4436.5,196308578.10000047
2025-08-01 10:37:51 AM,443.65,100,44365.0,196352943.10000047
2025-08-01 10:37:59 AM,443.65,10,4436.5,196357379.60000047
2025-08-01 10:38:05 AM,443.8,0,0.0,196357379.60000047
2025-08-01 10:38:05 AM,443.8,1150,510370.0,196867749.60000047
2025-08-01 10:38:14 AM,443.55,46,20403.3,196888152.90000048
2025-08-01 10:38:17 AM,443.65,0,0.0,196888152.90000048
2025-08-01 10:38:18 AM,443.65,25,11091.25,196899244.15000048
2025-08-01 10:38:21 AM,443.65,17,7542.049999999999,196906786.2000005
2025-08-01 10:38:24 AM,443.65,1,443.65,196907229.8500005
2025-08-01 10:38:27 AM,443.65,5,2218.25,196909448.1000005
2025-08-01 10:38:28 AM,443.5,0,0.0,196909448.1000005
2025-08-01 10:38:30 AM,443.4,117,51877.799999999996,196961325.9000005
2025-08-01 10:38:35 AM,443.3,0,0.0,196961325.9000005
2025-08-01 10:38:36 AM,443.4,22,9754.8,196971080.70000052
2025-08-01 10:38:38 AM,443.3,0,0.0,196971080.70000052
2025-08-01 10:38:39 AM,443.3,160,70928.0,197042008.70000052
2025-08-01 10:38:53 AM,443.3,1,443.3,197042452.00000054
2025-08-01 10:39:01 AM,443.25,20,8865.0,197051317.00000054
2025-08-01 10:39:04 AM,443.25,1,443.25,197051760.25000054
2025-08-01 10:39:09 AM,443.15,0,0.0,197051760.25000054
2025-08-01 10:39:10 AM,443.15,200,88630.0,197140390.25000054
2025-08-01 10:39:15 AM,443.15,30,13294.5,197153684.75000054
2025-08-01 10:39:18 AM,443.05,148,65571.40000000001,197219256.15000054
2025-08-01 10:39:22 AM,443.0,0,0.0,197219256.15000054
2025-08-01 10:39:24 AM,443.0,2,886.0,197220142.15000054
2025-08-01 10:39:27 AM,443.0,20,8860.0,197229002.15000054
2025-08-01 10:39:28 AM,443.05,0,0.0,197229002.15000054
2025-08-01 10:39:29 AM,443.15,282,124968.29999999999,197353970.45000055
2025-08-01 10:39:35 AM,443.15,20,8863.0,197362833.45000055
2025-08-01 10:39:40 AM,443.2,0,0.0,197362833.45000055
2025-08-01 10:39:40 AM,443.2,15,6648.0,197369481.45000055
2025-08-01 10:39:46 AM,443.2,20,8864.0,197378345.45000055
2025-08-01 10:39:51 AM,443.2,20,8864.0,197387209.45000055
2025-08-01 10:39:54 AM,443.2,3,1329.6,197388539.05000055
2025-08-01 10:39:57 AM,443.15,12,5317.799999999999,197393856.85000056
2025-08-01 10:39:58 AM,443.2,0,0.0,197393856.85000056
2025-08-01 10:40:00 AM,443.2,20,8864.0,197402720.85000056
2025-08-01 10:40:02 AM,443.2,45,19944.0,197422664.85000056
2025-08-01 10:40:08 AM,443.1,0,0.0,197422664.85000056
2025-08-01 10:40:08 AM,443.1,4,1772.4,197424437.25000057
2025-08-01 10:40:11 AM,443.2,0,0.0,197424437.25000057
2025-08-01 10:40:11 AM,443.2,200,88640.0,197513077.25000057
2025-08-01 10:40:12 AM,443.35,0,0.0,197513077.25000057
2025-08-01 10:40:14 AM,443.35,20,8867.0,197521944.25000057
2025-08-01 10:40:19 AM,443.1,245,108559.5,197630503.75000057
2025-08-01 10:40:30 AM,443.1,3,1329.3000000000002,197631833.05000058
2025-08-01 10:40:33 AM,443.3,73,32360.9,197664193.95000058
2025-08-01 10:40:36 AM,443.35,0,0.0,197664193.95000058
2025-08-01 10:40:36 AM,443.35,5,2216.75,197666410.70000058
2025-08-01 10:40:41 AM,443.3,30,13299.0,197679709.70000058
2025-08-01 10:40:54 AM,443.35,0,0.0,197679709.70000058
2025-08-01 10:40:55 AM,443.35,82,36354.700000000004,197716064.40000057
2025-08-01 10:41:00 AM,443.4,0,0.0,197716064.40000057
