date,price,qty,trnvr,cum_trnvr
2025-08-01 09:15:02 AM,784.05,63,49395.149999999994,49395.149999999994
2025-08-01 09:15:44 AM,791.0,0,0.0,49395.149999999994
2025-08-01 09:15:48 AM,790.2,0,0.0,49395.149999999994
2025-08-01 09:15:49 AM,790.2,121,95614.20000000001,145009.35
2025-08-01 09:16:05 AM,789.1,0,0.0,145009.35
2025-08-01 09:16:06 AM,789.1,28,22094.8,167104.15
2025-08-01 09:16:47 AM,792.5,200,158500.0,325604.15
2025-08-01 09:16:55 AM,788.55,35,27599.25,353203.4
2025-08-01 09:16:57 AM,792.5,0,0.0,353203.4
2025-08-01 09:17:03 AM,792.5,75,59437.5,412640.9
2025-08-01 09:17:07 AM,792.45,0,0.0,412640.9
2025-08-01 09:17:11 AM,792.45,6,4754.700000000001,417395.60000000003
2025-08-01 09:17:14 AM,792.6,0,0.0,417395.60000000003
2025-08-01 09:17:20 AM,792.6,15,11889.0,429284.60000000003
2025-08-01 09:17:39 AM,793.65,0,0.0,429284.60000000003
2025-08-01 09:17:45 AM,793.65,38,30158.7,459443.30000000005
2025-08-01 09:19:07 AM,796.85,626,498828.10000000003,958271.4000000001
2025-08-01 09:19:08 AM,798.0,331,264138.0,1222409.4000000001
2025-08-01 09:19:16 AM,798.7,21,16772.7,1239182.1
2025-08-01 09:19:26 AM,798.8,0,0.0,1239182.1
2025-08-01 09:19:31 AM,798.8,26,20768.8,1259950.9000000001
2025-08-01 09:20:11 AM,798.8,1,798.8,1260749.7000000002
2025-08-01 09:20:27 AM,797.35,1,797.35,1261547.0500000003
2025-08-01 09:20:48 AM,797.0,0,0.0,1261547.0500000003
2025-08-01 09:20:50 AM,797.0,48,38256.0,1299803.0500000003
2025-08-01 09:20:51 AM,795.75,0,0.0,1299803.0500000003
2025-08-01 09:20:52 AM,795.75,1,795.75,1300598.8000000003
2025-08-01 09:21:39 AM,795.0,0,0.0,1300598.8000000003
2025-08-01 09:21:45 AM,795.0,237,188415.0,1489013.8000000003
2025-08-01 09:22:06 AM,797.4,0,0.0,1489013.8000000003
2025-08-01 09:22:07 AM,797.4,30,23922.0,1512935.8000000003
2025-08-01 09:22:23 AM,797.4,1,797.4,1513733.2000000002
2025-08-01 09:23:02 AM,796.0,42,33432.0,1547165.2000000002
2025-08-01 09:24:36 AM,793.0,0,0.0,1547165.2000000002
2025-08-01 09:24:40 AM,793.0,59,46787.0,1593952.2000000002
2025-08-01 09:25:19 AM,793.15,7,5552.05,1599504.2500000002
2025-08-01 09:27:03 AM,794.9,9,7154.099999999999,1606658.3500000003
2025-08-01 09:28:13 AM,794.9,1,794.9,1607453.2500000002
2025-08-01 09:28:42 AM,795.65,0,0.0,1607453.2500000002
2025-08-01 09:28:42 AM,795.65,72,57286.799999999996,1664740.0500000003
2025-08-01 09:28:43 AM,796.0,275,218900.0,1883640.0500000003
2025-08-01 09:28:54 AM,797.0,0,0.0,1883640.0500000003
2025-08-01 09:28:57 AM,797.0,25,19925.0,1903565.0500000003
2025-08-01 09:29:52 AM,796.5,0,0.0,1903565.0500000003
2025-08-01 09:29:57 AM,797.0,6,4782.0,1908347.0500000003
2025-08-01 09:30:20 AM,796.2,55,43791.0,1952138.0500000003
2025-08-01 09:30:38 AM,794.9,0,0.0,1952138.0500000003
2025-08-01 09:30:42 AM,794.9,80,63592.0,2015730.0500000003
2025-08-01 09:30:43 AM,795.8,3,2387.3999999999996,2018117.4500000002
2025-08-01 09:30:45 AM,795.45,0,0.0,2018117.4500000002
2025-08-01 09:30:49 AM,795.45,1,795.45,2018912.9000000001
2025-08-01 09:31:01 AM,795.0,0,0.0,2018912.9000000001
2025-08-01 09:31:04 AM,795.0,18,14310.0,2033222.9000000001
2025-08-01 09:31:31 AM,794.0,0,0.0,2033222.9000000001
2025-08-01 09:31:34 AM,794.0,20,15880.0,2049102.9000000001
2025-08-01 09:32:30 AM,794.0,1,794.0,2049896.9000000001
2025-08-01 09:33:21 AM,793.95,0,0.0,2049896.9000000001
2025-08-01 09:33:25 AM,793.95,1,793.95,2050690.85
2025-08-01 09:34:11 AM,794.0,0,0.0,2050690.85
2025-08-01 09:34:14 AM,794.0,1,794.0,2051484.85
2025-08-01 09:35:02 AM,794.0,1,794.0,2052278.85
2025-08-01 09:35:51 AM,793.25,1,793.25,2053072.1
2025-08-01 09:36:36 AM,793.55,0,0.0,2053072.1
2025-08-01 09:36:37 AM,793.55,1,793.55,2053865.6500000001
2025-08-01 09:37:14 AM,794.5,0,0.0,2053865.6500000001
2025-08-01 09:37:18 AM,794.5,1,794.5,2054660.1500000001
2025-08-01 09:37:30 AM,793.1,0,0.0,2054660.1500000001
2025-08-01 09:37:32 AM,793.1,1,793.1,2055453.2500000002
2025-08-01 09:37:38 AM,792.05,0,0.0,2055453.2500000002
2025-08-01 09:37:39 AM,792.05,99,78412.95,2133866.2
2025-08-01 09:38:19 AM,792.05,1,792.05,2134658.25
2025-08-01 09:39:06 AM,792.05,1,792.05,2135450.3
2025-08-01 09:39:52 AM,792.0,1,792.0,2136242.3
2025-08-01 09:40:45 AM,792.0,1,792.0,2137034.3
2025-08-01 09:40:58 AM,792.85,1,792.85,2137827.15
2025-08-01 09:41:31 AM,794.15,28,22236.2,2160063.35
2025-08-01 09:41:36 AM,792.8,0,0.0,2160063.35
2025-08-01 09:41:38 AM,792.8,5,3964.0,2164027.35
2025-08-01 09:42:18 AM,793.0,1,793.0,2164820.35
2025-08-01 09:43:07 AM,792.95,0,0.0,2164820.35
2025-08-01 09:43:09 AM,792.95,1,792.95,2165613.3000000003
2025-08-01 09:43:56 AM,792.9,1,792.9,2166406.2
2025-08-01 09:44:51 AM,792.05,0,0.0,2166406.2
2025-08-01 09:44:54 AM,792.05,1,792.05,2167198.25
2025-08-01 09:45:35 AM,792.0,1,792.0,2167990.25
2025-08-01 09:45:39 AM,792.45,0,0.0,2167990.25
2025-08-01 09:45:40 AM,792.45,5,3962.25,2171952.5
2025-08-01 09:46:05 AM,792.0,0,0.0,2171952.5
2025-08-01 09:46:06 AM,792.0,17,13464.0,2185416.5
2025-08-01 09:46:25 AM,792.0,12,9504.0,2194920.5
2025-08-01 09:47:13 AM,792.1,0,0.0,2194920.5
2025-08-01 09:47:15 AM,792.1,1,792.1,2195712.6
2025-08-01 09:47:21 AM,798.0,1044,833112.0,3028824.6
2025-08-01 09:47:28 AM,801.45,188,150672.6,3179497.2
2025-08-01 09:47:32 AM,801.85,0,0.0,3179497.2
2025-08-01 09:47:34 AM,801.85,22,17640.7,3197137.9000000004
2025-08-01 09:47:38 AM,802.9,0,0.0,3197137.9000000004
2025-08-01 09:47:40 AM,799.8,0,0.0,3197137.9000000004
2025-08-01 09:47:41 AM,799.8,152,121569.59999999999,3318707.5000000005
2025-08-01 09:47:46 AM,805.0,0,0.0,3318707.5000000005
2025-08-01 09:47:48 AM,805.0,1683,1354815.0,4673522.5
2025-08-01 09:47:54 AM,808.0,0,0.0,4673522.5
2025-08-01 09:47:54 AM,808.0,35,28280.0,4701802.5
2025-08-01 09:48:01 AM,808.0,16,12928.0,4714730.5
2025-08-01 09:48:07 AM,807.95,0,0.0,4714730.5
2025-08-01 09:48:07 AM,807.95,8,6463.6,4721194.1
2025-08-01 09:48:11 AM,808.0,0,0.0,4721194.1
2025-08-01 09:48:14 AM,808.0,12,9696.0,4730890.1
2025-08-01 09:48:20 AM,808.0,10,8080.0,4738970.1
2025-08-01 09:48:23 AM,810.05,0,0.0,4738970.1
2025-08-01 09:48:23 AM,810.05,710,575135.5,5314105.6
2025-08-01 09:48:23 AM,813.7,0,0.0,5314105.6
2025-08-01 09:48:27 AM,814.7,37,30143.9,5344249.5
2025-08-01 09:48:33 AM,814.8,12,9777.599999999999,5354027.1
2025-08-01 09:48:39 AM,814.85,0,0.0,5354027.1
2025-08-01 09:48:40 AM,814.85,1,814.85,5354841.949999999
2025-08-01 09:48:43 AM,810.85,0,0.0,5354841.949999999
2025-08-01 09:48:46 AM,811.0,644,522284.0,5877125.949999999
2025-08-01 09:48:51 AM,810.95,0,0.0,5877125.949999999
2025-08-01 09:48:51 AM,811.75,0,0.0,5877125.949999999
2025-08-01 09:48:52 AM,811.75,620,503285.0,6380410.949999999
2025-08-01 09:48:55 AM,813.65,0,0.0,6380410.949999999
2025-08-01 09:48:55 AM,813.65,61,49632.65,6430043.6
2025-08-01 09:48:59 AM,814.95,0,0.0,6430043.6
2025-08-01 09:48:59 AM,814.95,50,40747.5,6470791.1
2025-08-01 09:49:01 AM,810.3,137,111011.09999999999,6581802.199999999
2025-08-01 09:49:45 AM,808.05,1,808.05,6582610.249999999
2025-08-01 09:49:56 AM,808.0,0,0.0,6582610.249999999
2025-08-01 09:49:58 AM,808.0,25,20200.0,6602810.249999999
2025-08-01 09:50:00 AM,807.15,0,0.0,6602810.249999999
2025-08-01 09:50:01 AM,807.15,30,24214.5,6627024.749999999
2025-08-01 09:50:11 AM,807.95,0,0.0,6627024.749999999
2025-08-01 09:50:11 AM,807.95,20,16159.0,6643183.749999999
2025-08-01 09:50:33 AM,806.5,1,806.5,6643990.249999999
2025-08-01 09:50:36 AM,809.55,176,142480.8,6786471.049999999
2025-08-01 09:50:39 AM,810.3,1,810.3,6787281.349999999
2025-08-01 09:50:51 AM,811.8,0,0.0,6787281.349999999
2025-08-01 09:50:52 AM,811.8,50,40590.0,6827871.349999999
2025-08-01 09:50:56 AM,815.0,0,0.0,6827871.349999999
2025-08-01 09:50:57 AM,810.5,0,0.0,6827871.349999999
2025-08-01 09:50:58 AM,810.5,402,325821.0,7153692.349999999
2025-08-01 09:51:03 AM,814.65,0,0.0,7153692.349999999
2025-08-01 09:51:05 AM,814.65,29,23624.85,7177317.199999998
2025-08-01 09:51:17 AM,814.8,0,0.0,7177317.199999998
2025-08-01 09:51:17 AM,814.8,1,814.8,7178131.999999998
2025-08-01 09:51:19 AM,812.55,34,27626.699999999997,7205758.699999998
2025-08-01 09:51:21 AM,814.05,0,0.0,7205758.699999998
2025-08-01 09:51:22 AM,811.75,0,0.0,7205758.699999998
2025-08-01 09:51:24 AM,811.75,19,15423.25,7221181.949999998
2025-08-01 09:52:03 AM,811.8,39,31660.199999999997,7252842.1499999985
2025-08-01 09:52:11 AM,810.25,0,0.0,7252842.1499999985
2025-08-01 09:52:13 AM,810.25,1,810.25,7253652.3999999985
2025-08-01 09:52:16 AM,812.0,25,20300.0,7273952.3999999985
2025-08-01 09:52:22 AM,810.65,0,0.0,7273952.3999999985
2025-08-01 09:52:22 AM,810.65,24,19455.6,7293407.999999998
2025-08-01 09:52:34 AM,810.65,50,40532.5,7333940.499999998
2025-08-01 09:52:56 AM,810.65,1,810.65,7334751.1499999985
2025-08-01 09:52:59 AM,810.7,0,0.0,7334751.1499999985
2025-08-01 09:53:01 AM,810.7,5,4053.5,7338804.6499999985
2025-08-01 09:53:16 AM,810.65,10,8106.5,7346911.1499999985
2025-08-01 09:53:51 AM,809.45,0,0.0,7346911.1499999985
2025-08-01 09:53:52 AM,809.45,1,809.45,7347720.599999999
2025-08-01 09:54:09 AM,809.2,0,0.0,7347720.599999999
2025-08-01 09:54:10 AM,809.2,10,8092.0,7355812.599999999
2025-08-01 09:54:24 AM,809.0,10,8090.0,7363902.599999999
2025-08-01 09:54:39 AM,808.2,0,0.0,7363902.599999999
2025-08-01 09:54:41 AM,808.2,1,808.2,7364710.799999999
2025-08-01 09:54:59 AM,808.2,8,6465.6,7371176.3999999985
2025-08-01 09:55:22 AM,808.2,1,808.2,7371984.599999999
2025-08-01 09:56:07 AM,808.8,0,0.0,7371984.599999999
2025-08-01 09:56:11 AM,808.8,1,808.8,7372793.3999999985
2025-08-01 09:56:17 AM,808.2,2,1616.4,7374409.799999999
2025-08-01 09:56:45 AM,809.3,0,0.0,7374409.799999999
2025-08-01 09:56:47 AM,809.3,104,84167.2,7458576.999999999
2025-08-01 09:56:53 AM,810.0,0,0.0,7458576.999999999
2025-08-01 09:56:53 AM,810.0,4,3240.0,7461816.999999999
2025-08-01 09:57:00 AM,809.95,1,809.95,7462626.949999999
2025-08-01 09:57:24 AM,810.9,25,20272.5,7482899.449999999
2025-08-01 09:57:39 AM,811.35,2,1622.7,7484522.149999999
2025-08-01 09:57:54 AM,810.05,1,810.05,7485332.199999999
2025-08-01 09:58:19 AM,810.05,4,3240.2,7488572.399999999
2025-08-01 09:58:25 AM,809.55,15,12143.25,7500715.649999999
2025-08-01 09:58:43 AM,808.5,1,808.5,7501524.149999999
2025-08-01 09:59:02 AM,808.0,0,0.0,7501524.149999999
2025-08-01 09:59:04 AM,807.3,64,51667.2,7553191.35
2025-08-01 09:59:28 AM,808.0,0,0.0,7553191.35
2025-08-01 09:59:30 AM,808.0,1,808.0,7553999.35
2025-08-01 09:59:56 AM,808.9,0,0.0,7553999.35
2025-08-01 09:59:57 AM,808.9,472,381800.8,7935800.149999999
2025-08-01 09:59:59 AM,810.4,0,0.0,7935800.149999999
2025-08-01 10:00:00 AM,810.4,17,13776.8,7949576.949999999
2025-08-01 10:00:22 AM,809.1,0,0.0,7949576.949999999
2025-08-01 10:00:23 AM,809.1,1,809.1,7950386.049999999
2025-08-01 10:00:51 AM,809.1,11,8900.1,7959286.1499999985
2025-08-01 10:01:07 AM,809.3,1,809.3,7960095.449999998
2025-08-01 10:01:55 AM,809.4,0,0.0,7960095.449999998
2025-08-01 10:01:57 AM,809.0,106,85754.0,8045849.449999998
2025-08-01 10:02:24 AM,809.0,229,185261.0,8231110.449999998
2025-08-01 10:02:45 AM,808.65,0,0.0,8231110.449999998
2025-08-01 10:02:47 AM,808.65,140,113211.0,8344321.449999998
2025-08-01 10:03:06 AM,807.65,0,0.0,8344321.449999998
2025-08-01 10:03:06 AM,807.65,38,30690.7,8375012.1499999985
2025-08-01 10:03:38 AM,806.75,0,0.0,8375012.1499999985
2025-08-01 10:03:39 AM,806.75,1,806.75,8375818.8999999985
2025-08-01 10:04:16 AM,808.1,120,96972.0,8472790.899999999
2025-08-01 10:04:22 AM,808.25,0,0.0,8472790.899999999
2025-08-01 10:04:22 AM,808.25,1,808.25,8473599.149999999
2025-08-01 10:04:41 AM,808.85,30,24265.5,8497864.649999999
2025-08-01 10:05:18 AM,807.65,1,807.65,8498672.299999999
2025-08-01 10:05:23 AM,809.95,0,0.0,8498672.299999999
2025-08-01 10:05:24 AM,809.95,100,80995.0,8579667.299999999
2025-08-01 10:05:39 AM,810.9,100,81090.0,8660757.299999999
2025-08-01 10:05:45 AM,810.5,60,48630.0,8709387.299999999
2025-08-01 10:05:57 AM,810.4,38,30795.2,8740182.499999998
2025-08-01 10:06:06 AM,809.2,1,809.2,8740991.699999997
2025-08-01 10:06:47 AM,808.15,0,0.0,8740991.699999997
2025-08-01 10:06:48 AM,808.15,1,808.15,8741799.849999998
2025-08-01 10:07:01 AM,809.2,0,0.0,8741799.849999998
2025-08-01 10:07:01 AM,809.2,10,8092.0,8749891.849999998
2025-08-01 10:07:32 AM,809.2,1,809.2,8750701.049999997
2025-08-01 10:07:52 AM,809.2,4,3236.8,8753937.849999998
2025-08-01 10:08:21 AM,810.45,0,0.0,8753937.849999998
2025-08-01 10:08:21 AM,810.45,82,66456.90000000001,8820394.749999998
2025-08-01 10:09:09 AM,810.5,0,0.0,8820394.749999998
2025-08-01 10:09:09 AM,810.5,50,40525.0,8860919.749999998
2025-08-01 10:09:12 AM,808.65,0,0.0,8860919.749999998
2025-08-01 10:09:13 AM,808.7,0,0.0,8860919.749999998
2025-08-01 10:09:15 AM,810.45,0,0.0,8860919.749999998
2025-08-01 10:09:15 AM,810.45,21,17019.45,8877939.199999997
2025-08-01 10:10:03 AM,808.7,1,808.7,8878747.899999997
2025-08-01 10:10:07 AM,810.5,0,0.0,8878747.899999997
2025-08-01 10:10:07 AM,810.5,42,34041.0,8912788.899999997
2025-08-01 10:10:51 AM,808.85,0,0.0,8912788.899999997
2025-08-01 10:10:55 AM,808.85,1,808.85,8913597.749999996
2025-08-01 10:11:35 AM,808.9,0,0.0,8913597.749999996
2025-08-01 10:11:35 AM,808.9,1,808.9,8914406.649999997
2025-08-01 10:12:03 AM,807.95,0,0.0,8914406.649999997
2025-08-01 10:12:05 AM,807.95,15,12119.25,8926525.899999997
2025-08-01 10:12:24 AM,808.2,0,0.0,8926525.899999997
2025-08-01 10:12:28 AM,808.2,1,808.2,8927334.099999996
2025-08-01 10:13:00 AM,807.6,0,0.0,8927334.099999996
2025-08-01 10:13:02 AM,807.6,50,40380.0,8967714.099999996
2025-08-01 10:13:14 AM,807.95,1,807.95,8968522.049999995
2025-08-01 10:13:48 AM,808.0,0,0.0,8968522.049999995
2025-08-01 10:13:50 AM,808.0,31,25048.0,8993570.049999995
2025-08-01 10:14:07 AM,807.3,1,807.3,8994377.349999996
2025-08-01 10:14:30 AM,806.95,3,2420.8500000000004,8996798.199999996
2025-08-01 10:14:45 AM,807.85,0,0.0,8996798.199999996
2025-08-01 10:14:48 AM,807.6,105,84798.0,9081596.199999996
2025-08-01 10:14:51 AM,808.05,0,0.0,9081596.199999996
2025-08-01 10:14:53 AM,808.05,1,808.05,9082404.249999996
2025-08-01 10:15:40 AM,808.0,0,0.0,9082404.249999996
2025-08-01 10:15:41 AM,808.0,1,808.0,9083212.249999996
2025-08-01 10:16:29 AM,808.2,0,0.0,9083212.249999996
2025-08-01 10:16:34 AM,808.2,1,808.2,9084020.449999996
2025-08-01 10:17:23 AM,807.35,0,0.0,9084020.449999996
2025-08-01 10:17:25 AM,807.35,1,807.35,9084827.799999995
2025-08-01 10:17:34 AM,808.15,0,0.0,9084827.799999995
2025-08-01 10:17:36 AM,808.15,5,4040.75,9088868.549999995
2025-08-01 10:17:44 AM,807.0,0,0.0,9088868.549999995
2025-08-01 10:17:48 AM,807.0,34,27438.0,9116306.549999995
2025-08-01 10:18:08 AM,807.05,0,0.0,9116306.549999995
2025-08-01 10:18:11 AM,807.05,1,807.05,9117113.599999996
2025-08-01 10:18:21 AM,808.1,0,0.0,9117113.599999996
2025-08-01 10:18:23 AM,808.1,101,81618.1,9198731.699999996
2025-08-01 10:18:56 AM,808.75,0,0.0,9198731.699999996
2025-08-01 10:18:57 AM,808.75,1,808.75,9199540.449999996
2025-08-01 10:19:43 AM,809.75,2,1619.5,9201159.949999996
2025-08-01 10:19:50 AM,809.05,1,809.05,9201968.999999996
2025-08-01 10:20:34 AM,809.1,1,809.1,9202778.099999996
2025-08-01 10:20:51 AM,808.75,0,0.0,9202778.099999996
2025-08-01 10:20:53 AM,808.75,30,24262.5,9227040.599999996
2025-08-01 10:21:13 AM,810.0,0,0.0,9227040.599999996
2025-08-01 10:21:15 AM,810.0,100,81000.0,9308040.599999996
2025-08-01 10:21:28 AM,808.55,1,808.55,9308849.149999997
2025-08-01 10:21:48 AM,810.5,0,0.0,9308849.149999997
2025-08-01 10:21:48 AM,810.5,85,68892.5,9377741.649999997
2025-08-01 10:22:17 AM,808.75,1,808.75,9378550.399999997
2025-08-01 10:22:23 AM,808.75,1,808.75,9379359.149999997
2025-08-01 10:23:01 AM,808.85,0,0.0,9379359.149999997
2025-08-01 10:23:01 AM,808.85,1,808.85,9380167.999999996
2025-08-01 10:23:50 AM,808.95,0,0.0,9380167.999999996
2025-08-01 10:23:50 AM,808.95,1,808.95,9380976.949999996
2025-08-01 10:24:01 AM,808.95,5,4044.75,9385021.699999996
2025-08-01 10:24:39 AM,808.9,0,0.0,9385021.699999996
2025-08-01 10:24:39 AM,808.9,1,808.9,9385830.599999996
2025-08-01 10:25:29 AM,808.95,0,0.0,9385830.599999996
2025-08-01 10:25:31 AM,808.95,1,808.95,9386639.549999995
2025-08-01 10:26:17 AM,809.0,1,809.0,9387448.549999995
2025-08-01 10:27:06 AM,808.95,1,808.95,9388257.499999994
2025-08-01 10:27:55 AM,808.9,0,0.0,9388257.499999994
2025-08-01 10:27:56 AM,808.9,1,808.9,9389066.399999995
2025-08-01 10:28:20 AM,808.9,19,15369.1,9404435.499999994
2025-08-01 10:28:45 AM,808.85,0,0.0,9404435.499999994
2025-08-01 10:28:45 AM,808.85,1,808.85,9405244.349999994
2025-08-01 10:29:34 AM,808.8,0,0.0,9405244.349999994
2025-08-01 10:29:35 AM,808.8,1,808.8,9406053.149999995
2025-08-01 10:30:22 AM,809.05,0,0.0,9406053.149999995
2025-08-01 10:30:23 AM,809.05,1,809.05,9406862.199999996
2025-08-01 10:31:17 AM,808.55,0,0.0,9406862.199999996
2025-08-01 10:31:17 AM,808.55,1,808.55,9407670.749999996
2025-08-01 10:31:27 AM,808.4,0,0.0,9407670.749999996
2025-08-01 10:31:29 AM,808.4,82,66288.8,9473959.549999997
2025-08-01 10:32:00 AM,809.5,0,0.0,9473959.549999997
2025-08-01 10:32:01 AM,809.5,1,809.5,9474769.049999997
2025-08-01 10:32:21 AM,809.4,5,4047.0,9478816.049999997
2025-08-01 10:32:51 AM,809.35,0,0.0,9478816.049999997
2025-08-01 10:32:51 AM,809.35,1,809.35,9479625.399999997
2025-08-01 10:32:57 AM,809.1,0,0.0,9479625.399999997
2025-08-01 10:32:57 AM,809.1,50,40455.0,9520080.399999997
2025-08-01 10:33:32 AM,811.4,0,0.0,9520080.399999997
2025-08-01 10:33:33 AM,811.4,226,183376.4,9703456.799999997
2025-08-01 10:33:38 AM,811.35,0,0.0,9703456.799999997
2025-08-01 10:33:39 AM,811.35,1,811.35,9704268.149999997
2025-08-01 10:33:42 AM,811.1,0,0.0,9704268.149999997
2025-08-01 10:33:44 AM,811.1,22,17844.2,9722112.349999996
2025-08-01 10:34:33 AM,810.15,0,0.0,9722112.349999996
2025-08-01 10:34:35 AM,810.15,1,810.15,9722922.499999996
2025-08-01 10:34:47 AM,811.5,2,1623.0,9724545.499999996
2025-08-01 10:35:24 AM,810.1,0,0.0,9724545.499999996
2025-08-01 10:35:26 AM,810.1,1,810.1,9725355.599999996
2025-08-01 10:35:49 AM,809.8,4,3239.2,9728594.799999995
2025-08-01 10:36:12 AM,808.85,0,0.0,9728594.799999995
2025-08-01 10:36:14 AM,808.85,86,69561.1,9798155.899999995
2025-08-01 10:36:16 AM,807.95,0,0.0,9798155.899999995
2025-08-01 10:36:17 AM,807.95,1,807.95,9798963.849999994
2025-08-01 10:36:19 AM,809.8,0,0.0,9798963.849999994
2025-08-01 10:36:20 AM,809.8,152,123089.59999999999,9922053.449999994
2025-08-01 10:37:06 AM,809.8,1,809.8,9922863.249999994
2025-08-01 10:37:42 AM,809.85,149,120667.65000000001,10043530.899999995
2025-08-01 10:38:00 AM,808.9,0,0.0,10043530.899999995
2025-08-01 10:38:02 AM,808.9,1,808.9,10044339.799999995
2025-08-01 10:38:27 AM,810.05,0,0.0,10044339.799999995
2025-08-01 10:38:27 AM,810.05,4,3240.2,10047579.999999994
2025-08-01 10:38:49 AM,809.9,0,0.0,10047579.999999994
2025-08-01 10:38:50 AM,809.9,3,2429.7,10050009.699999994
2025-08-01 10:38:52 AM,809.1,0,0.0,10050009.699999994
2025-08-01 10:38:53 AM,809.1,1,809.1,10050818.799999993
2025-08-01 10:39:12 AM,809.1,3,2427.3,10053246.099999994
2025-08-01 10:39:15 AM,808.85,0,0.0,10053246.099999994
2025-08-01 10:39:15 AM,808.85,10,8088.5,10061334.599999994
2025-08-01 10:39:23 AM,811.0,157,127327.0,10188661.599999994
2025-08-01 10:39:26 AM,811.0,43,34873.0,10223534.599999994
2025-08-01 10:39:42 AM,810.15,0,0.0,10223534.599999994
2025-08-01 10:39:43 AM,810.15,2,1620.3,10225154.899999995
2025-08-01 10:39:49 AM,809.35,0,0.0,10225154.899999995
2025-08-01 10:39:51 AM,809.35,1,809.35,10225964.249999994
2025-08-01 10:40:13 AM,811.5,0,0.0,10225964.249999994
2025-08-01 10:40:13 AM,811.5,200,162300.0,10388264.249999994
2025-08-01 10:40:17 AM,812.0,0,0.0,10388264.249999994
2025-08-01 10:40:19 AM,812.8,0,0.0,10388264.249999994
2025-08-01 10:40:19 AM,812.8,17,13817.599999999999,10402081.849999994
2025-08-01 10:40:19 AM,811.85,0,0.0,10402081.849999994
2025-08-01 10:40:22 AM,811.85,1,811.85,10402893.699999994
2025-08-01 10:40:24 AM,811.6,0,0.0,10402893.699999994
2025-08-01 10:40:24 AM,811.6,4,3246.4,10406140.099999994
2025-08-01 10:40:27 AM,812.0,0,0.0,10406140.099999994
2025-08-01 10:40:27 AM,812.0,10,8120.0,10414260.099999994
2025-08-01 10:40:41 AM,812.0,103,83636.0,10497896.099999994
2025-08-01 10:41:00 AM,811.5,0,0.0,10497896.099999994
2025-08-01 10:41:00 AM,811.5,1,811.5,10498707.599999994
2025-08-01 10:41:43 AM,811.5,1,811.5,10499519.099999994
2025-08-01 10:41:53 AM,813.0,0,0.0,10499519.099999994
2025-08-01 10:41:54 AM,813.0,347,282111.0,10781630.099999994
2025-08-01 10:41:57 AM,814.0,0,0.0,10781630.099999994
2025-08-01 10:41:59 AM,814.0,13,10582.0,10792212.099999994
2025-08-01 10:42:05 AM,814.1,0,0.0,10792212.099999994
2025-08-01 10:42:06 AM,814.5,45,36652.5,10828864.599999994
2025-08-01 10:42:10 AM,814.5,335,272857.5,11101722.099999994
2025-08-01 10:42:13 AM,810.95,0,0.0,11101722.099999994
2025-08-01 10:42:16 AM,810.95,2,1621.9,11103343.999999994
2025-08-01 10:42:31 AM,813.15,0,0.0,11103343.999999994
2025-08-01 10:42:33 AM,813.15,501,407388.14999999997,11510732.149999995
2025-08-01 10:42:34 AM,814.35,2,1628.7,11512360.849999994
2025-08-01 10:42:35 AM,814.4,0,0.0,11512360.849999994
2025-08-01 10:42:35 AM,814.9,0,0.0,11512360.849999994
2025-08-01 10:42:38 AM,814.9,22,17927.8,11530288.649999995
2025-08-01 10:42:40 AM,814.85,8,6518.8,11536807.449999996
2025-08-01 10:42:46 AM,813.75,1,813.75,11537621.199999996
2025-08-01 10:42:47 AM,814.95,0,0.0,11537621.199999996
2025-08-01 10:42:49 AM,814.95,80,65196.0,11602817.199999996
2025-08-01 10:42:53 AM,814.9,0,0.0,11602817.199999996
2025-08-01 10:42:55 AM,813.85,46,37437.1,11640254.299999995
2025-08-01 10:43:35 AM,813.0,25,20325.0,11660579.299999995
2025-08-01 10:43:36 AM,812.15,0,0.0,11660579.299999995
2025-08-01 10:43:38 AM,812.15,7,5685.05,11666264.349999996
2025-08-01 10:43:42 AM,812.2,0,0.0,11666264.349999996
2025-08-01 10:43:43 AM,812.2,1,812.2,11667076.549999995
2025-08-01 10:44:28 AM,811.55,0,0.0,11667076.549999995
2025-08-01 10:44:28 AM,811.55,41,33273.549999999996,11700350.099999996
2025-08-01 10:44:48 AM,810.6,0,0.0,11700350.099999996
2025-08-01 10:44:50 AM,810.2,51,41320.200000000004,11741670.299999995
2025-08-01 10:45:29 AM,810.25,0,0.0,11741670.299999995
2025-08-01 10:45:31 AM,810.25,9,7292.25,11748962.549999995
2025-08-01 10:45:44 AM,810.2,0,0.0,11748962.549999995
2025-08-01 10:45:44 AM,810.2,1,810.2,11749772.749999994
2025-08-01 10:46:17 AM,810.2,23,18634.600000000002,11768407.349999994
2025-08-01 10:46:38 AM,811.05,0,0.0,11768407.349999994
2025-08-01 10:46:38 AM,811.05,4,3244.2,11771651.549999993
2025-08-01 10:46:50 AM,810.25,0,0.0,11771651.549999993
2025-08-01 10:46:50 AM,810.25,1,810.25,11772461.799999993
2025-08-01 10:47:48 AM,810.25,1,810.25,11773272.049999993
2025-08-01 10:47:58 AM,811.0,0,0.0,11773272.049999993
2025-08-01 10:47:59 AM,811.0,10,8110.0,11781382.049999993
2025-08-01 10:48:52 AM,810.2,0,0.0,11781382.049999993
2025-08-01 10:48:53 AM,810.2,1,810.2,11782192.249999993
2025-08-01 10:48:59 AM,810.2,2,1620.4,11783812.649999993
2025-08-01 10:49:26 AM,810.2,2,1620.4,11785433.049999993
2025-08-01 10:49:48 AM,810.2,1,810.2,11786243.249999993
2025-08-01 10:49:58 AM,810.2,3,2430.6000000000004,11788673.849999992
2025-08-01 10:50:45 AM,810.6,0,0.0,11788673.849999992
2025-08-01 10:50:48 AM,810.6,3,2431.8,11791105.649999993
2025-08-01 10:50:49 AM,810.55,1,810.55,11791916.199999994
2025-08-01 10:51:50 AM,810.55,1,810.55,11792726.749999994
2025-08-01 10:52:11 AM,811.65,1,811.65,11793538.399999995
2025-08-01 10:52:56 AM,810.55,0,0.0,11793538.399999995
2025-08-01 10:52:59 AM,810.55,1,810.55,11794348.949999996
2025-08-01 10:53:14 AM,812.8,0,0.0,11794348.949999996
2025-08-01 10:53:15 AM,812.8,179,145491.19999999998,11939840.149999995
2025-08-01 10:53:18 AM,813.3,0,0.0,11939840.149999995
2025-08-01 10:53:20 AM,813.3,2,1626.6,11941466.749999994
2025-08-01 10:53:52 AM,813.35,0,0.0,11941466.749999994
2025-08-01 10:53:52 AM,813.35,1,813.35,11942280.099999994
2025-08-01 10:54:14 AM,813.4,0,0.0,11942280.099999994
2025-08-01 10:54:14 AM,813.35,829,674267.15,12616547.249999994
2025-08-01 10:54:19 AM,813.35,164,133389.4,12749936.649999995
2025-08-01 10:54:25 AM,813.3,63,51237.899999999994,12801174.549999995
2025-08-01 10:54:58 AM,813.25,0,0.0,12801174.549999995
2025-08-01 10:55:02 AM,813.25,1,813.25,12801987.799999995
2025-08-01 10:55:14 AM,813.3,0,0.0,12801987.799999995
2025-08-01 10:55:16 AM,813.35,0,0.0,12801987.799999995
2025-08-01 10:55:17 AM,813.4,21,17081.399999999998,12819069.199999996
2025-08-01 10:56:00 AM,813.3,0,0.0,12819069.199999996
2025-08-01 10:56:00 AM,813.3,1,813.3,12819882.499999996
2025-08-01 10:56:10 AM,814.0,0,0.0,12819882.499999996
2025-08-01 10:56:10 AM,814.0,91,74074.0,12893956.499999996
2025-08-01 10:56:16 AM,814.0,17,13838.0,12907794.499999996
2025-08-01 10:56:36 AM,815.45,0,0.0,12907794.499999996
2025-08-01 10:56:37 AM,815.45,5,4077.25,12911871.749999996
2025-08-01 10:57:00 AM,814.05,1,814.05,12912685.799999997
2025-08-01 10:57:02 AM,813.05,0,0.0,12912685.799999997
2025-08-01 10:57:04 AM,813.05,355,288632.75,13201318.549999997
2025-08-01 10:57:56 AM,813.6,0,0.0,13201318.549999997
2025-08-01 10:57:56 AM,813.6,1,813.6,13202132.149999997
2025-08-01 10:58:57 AM,813.0,81,65853.0,13267985.149999997
2025-08-01 10:59:56 AM,811.95,0,0.0,13267985.149999997
2025-08-01 10:59:58 AM,812.7,0,0.0,13267985.149999997
2025-08-01 10:59:59 AM,812.7,62,50387.4,13318372.549999997
2025-08-01 11:00:27 AM,812.8,0,0.0,13318372.549999997
2025-08-01 11:00:28 AM,812.8,1,812.8,13319185.349999998
2025-08-01 11:00:43 AM,812.8,2,1625.6,13320810.949999997
2025-08-01 11:00:57 AM,814.95,0,0.0,13320810.949999997
2025-08-01 11:00:59 AM,813.65,0,0.0,13320810.949999997
2025-08-01 11:00:59 AM,814.5,0,0.0,13320810.949999997
2025-08-01 11:00:59 AM,814.5,62,50499.0,13371309.949999997
2025-08-01 11:01:04 AM,812.85,1,812.85,13372122.799999997
2025-08-01 11:01:31 AM,814.25,0,0.0,13372122.799999997
2025-08-01 11:01:31 AM,814.25,59,48040.75,13420163.549999997
2025-08-01 11:02:02 AM,814.25,1,814.25,13420977.799999997
2025-08-01 11:02:19 AM,813.8,0,0.0,13420977.799999997
2025-08-01 11:02:19 AM,813.8,55,44759.0,13465736.799999997
2025-08-01 11:02:25 AM,813.0,0,0.0,13465736.799999997
2025-08-01 11:02:29 AM,813.0,2,1626.0,13467362.799999997
2025-08-01 11:03:01 AM,813.05,0,0.0,13467362.799999997
2025-08-01 11:03:01 AM,813.05,1,813.05,13468175.849999998
2025-08-01 11:03:07 AM,815.0,0,0.0,13468175.849999998
2025-08-01 11:03:08 AM,815.0,192,156480.0,13624655.849999998
2025-08-01 11:03:12 AM,815.05,12,9780.599999999999,13634436.449999997
2025-08-01 11:03:18 AM,814.1,1,814.1,13635250.549999997
2025-08-01 11:04:14 AM,814.45,1,814.45,13636064.999999996
2025-08-01 11:04:23 AM,815.35,0,0.0,13636064.999999996
2025-08-01 11:04:25 AM,815.35,10,8153.5,13644218.499999996
2025-08-01 11:04:57 AM,814.45,1,814.45,13645032.949999996
2025-08-01 11:05:17 AM,814.45,1,814.45,13645847.399999995
2025-08-01 11:06:17 AM,814.45,1,814.45,13646661.849999994
2025-08-01 11:06:55 AM,815.15,25,20378.75,13667040.599999994
2025-08-01 11:06:59 AM,815.3,11,8968.3,13676008.899999995
2025-08-01 11:07:15 AM,815.15,18,14672.699999999999,13690681.599999994
2025-08-01 11:07:17 AM,815.0,0,0.0,13690681.599999994
2025-08-01 11:07:20 AM,815.0,30,24450.0,13715131.599999994
2025-08-01 11:07:23 AM,814.4,0,0.0,13715131.599999994
2025-08-01 11:07:25 AM,814.4,1,814.4,13715945.999999994
2025-08-01 11:07:32 AM,814.4,2,1628.8,13717574.799999995
2025-08-01 11:07:41 AM,814.05,0,0.0,13717574.799999995
2025-08-01 11:07:42 AM,814.05,18,14652.9,13732227.699999996
2025-08-01 11:07:51 AM,814.0,0,0.0,13732227.699999996
2025-08-01 11:07:52 AM,814.0,34,27676.0,13759903.699999996
2025-08-01 11:08:11 AM,814.9,0,0.0,13759903.699999996
2025-08-01 11:08:14 AM,814.9,10,8149.0,13768052.699999996
2025-08-01 11:08:24 AM,813.95,1,813.95,13768866.649999995
2025-08-01 11:08:31 AM,815.0,0,0.0,13768866.649999995
2025-08-01 11:08:31 AM,815.0,30,24450.0,13793316.649999995
2025-08-01 11:08:47 AM,815.0,8,6520.0,13799836.649999995
2025-08-01 11:08:50 AM,815.0,46,37490.0,13837326.649999995
2025-08-01 11:08:55 AM,815.4,0,0.0,13837326.649999995
2025-08-01 11:08:55 AM,815.4,1,815.4,13838142.049999995
2025-08-01 11:09:04 AM,815.4,717,584641.7999999999,14422783.849999996
2025-08-01 11:09:07 AM,816.9,5,4084.5,14426868.349999996
2025-08-01 11:09:08 AM,817.0,0,0.0,14426868.349999996
2025-08-01 11:09:10 AM,817.0,49,40033.0,14466901.349999996
2025-08-01 11:09:12 AM,816.05,0,0.0,14466901.349999996
2025-08-01 11:09:13 AM,816.05,64,52227.2,14519128.549999995
2025-08-01 11:09:25 AM,815.05,0,0.0,14519128.549999995
2025-08-01 11:09:26 AM,816.9,0,0.0,14519128.549999995
2025-08-01 11:09:27 AM,816.9,26,21239.399999999998,14540367.949999996
2025-08-01 11:09:28 AM,816.7,0,0.0,14540367.949999996
2025-08-01 11:09:30 AM,816.7,3,2450.1000000000004,14542818.049999995
2025-08-01 11:09:40 AM,817.0,0,0.0,14542818.049999995
2025-08-01 11:09:40 AM,817.0,100,81700.0,14624518.049999995
2025-08-01 11:10:48 AM,815.3,0,0.0,14624518.049999995
2025-08-01 11:10:50 AM,815.3,1,815.3,14625333.349999996
2025-08-01 11:11:00 AM,815.0,0,0.0,14625333.349999996
2025-08-01 11:11:02 AM,815.0,250,203750.0,14829083.349999996
2025-08-01 11:11:13 AM,815.0,250,203750.0,15032833.349999996
2025-08-01 11:11:34 AM,816.6,0,0.0,15032833.349999996
2025-08-01 11:11:35 AM,816.6,3,2449.8,15035283.149999997
2025-08-01 11:11:42 AM,816.45,0,0.0,15035283.149999997
2025-08-01 11:11:45 AM,816.45,1,816.45,15036099.599999996
2025-08-01 11:12:00 AM,815.05,0,0.0,15036099.599999996
2025-08-01 11:12:01 AM,815.05,20,16301.0,15052400.599999996
2025-08-01 11:12:04 AM,815.0,0,0.0,15052400.599999996
2025-08-01 11:12:06 AM,815.0,1320,1075800.0,16128200.599999996
2025-08-01 11:12:10 AM,817.0,0,0.0,16128200.599999996
2025-08-01 11:12:11 AM,817.0,39,31863.0,16160063.599999996
2025-08-01 11:12:17 AM,816.05,61,49779.049999999996,16209842.649999997
2025-08-01 11:12:18 AM,815.9,62,50585.799999999996,16260428.449999997
2025-08-01 11:12:48 AM,815.05,0,0.0,16260428.449999997
2025-08-01 11:12:49 AM,815.05,2,1630.1,16262058.549999997
2025-08-01 11:13:02 AM,815.0,0,0.0,16262058.549999997
2025-08-01 11:13:04 AM,815.0,167,136105.0,16398163.549999997
2025-08-01 11:13:16 AM,815.0,335,273025.0,16671188.549999997
2025-08-01 11:13:20 AM,814.05,0,0.0,16671188.549999997
2025-08-01 11:13:21 AM,814.05,408,332132.39999999997,17003320.949999996
2025-08-01 11:13:24 AM,816.45,0,0.0,17003320.949999996
2025-08-01 11:13:26 AM,815.75,0,0.0,17003320.949999996
2025-08-01 11:13:26 AM,815.75,20,16315.0,17019635.949999996
2025-08-01 11:13:32 AM,815.3,1,815.3,17020451.249999996
2025-08-01 11:14:35 AM,818.0,0,0.0,17020451.249999996
2025-08-01 11:14:37 AM,818.0,1892,1547656.0,18568107.249999996
2025-08-01 11:14:37 AM,817.5,0,0.0,18568107.249999996
2025-08-01 11:14:38 AM,817.5,2,1635.0,18569742.249999996
2025-08-01 11:14:39 AM,818.6,0,0.0,18569742.249999996
2025-08-01 11:14:41 AM,818.3,0,0.0,18569742.249999996
2025-08-01 11:14:42 AM,818.3,155,126836.5,18696578.749999996
2025-08-01 11:14:43 AM,817.95,0,0.0,18696578.749999996
2025-08-01 11:14:43 AM,817.95,167,136597.65,18833176.399999995
2025-08-01 11:14:45 AM,817.05,0,0.0,18833176.399999995
2025-08-01 11:14:47 AM,817.05,4,3268.2,18836444.599999994
2025-08-01 11:14:48 AM,817.0,2,1634.0,18838078.599999994
2025-08-01 11:15:17 AM,816.05,0,0.0,18838078.599999994
2025-08-01 11:15:20 AM,816.05,1,816.05,18838894.649999995
2025-08-01 11:15:42 AM,818.0,329,269122.0,19108016.649999995
2025-08-01 11:15:45 AM,819.0,0,0.0,19108016.649999995
2025-08-01 11:15:46 AM,819.0,43,35217.0,19143233.649999995
2025-08-01 11:15:51 AM,819.0,12,9828.0,19153061.649999995
2025-08-01 11:15:56 AM,820.9,1294,1062244.5999999999,20215306.249999996
2025-08-01 11:15:59 AM,822.0,0,0.0,20215306.249999996
2025-08-01 11:16:01 AM,822.0,133,109326.0,20324632.249999996
2025-08-01 11:16:03 AM,822.5,0,0.0,20324632.249999996
2025-08-01 11:16:05 AM,822.9,0,0.0,20324632.249999996
2025-08-01 11:16:06 AM,822.9,16,13166.4,20337798.649999995
2025-08-01 11:16:09 AM,823.0,0,0.0,20337798.649999995
2025-08-01 11:16:12 AM,823.0,14,11522.0,20349320.649999995
2025-08-01 11:16:15 AM,822.9,0,0.0,20349320.649999995
2025-08-01 11:16:18 AM,822.3,37,30425.1,20379745.749999996
2025-08-01 11:16:21 AM,821.95,0,0.0,20379745.749999996
2025-08-01 11:16:23 AM,821.95,51,41919.450000000004,20421665.199999996
2025-08-01 11:16:25 AM,822.0,0,0.0,20421665.199999996
2025-08-01 11:16:28 AM,822.0,10,8220.0,20429885.199999996
2025-08-01 11:16:40 AM,822.0,6,4932.0,20434817.199999996
2025-08-01 11:16:56 AM,826.0,1782,1471932.0,21906749.199999996
2025-08-01 11:16:59 AM,825.95,0,0.0,21906749.199999996
2025-08-01 11:16:59 AM,825.95,10,8259.5,21915008.699999996
2025-08-01 11:17:01 AM,826.4,0,0.0,21915008.699999996
2025-08-01 11:17:01 AM,826.4,25,20660.0,21935668.699999996
2025-08-01 11:17:03 AM,827.95,0,0.0,21935668.699999996
2025-08-01 11:17:05 AM,827.95,52,43053.4,21978722.099999994
2025-08-01 11:17:12 AM,827.25,6,4963.5,21983685.599999994
2025-08-01 11:17:13 AM,826.1,0,0.0,21983685.599999994
2025-08-01 11:17:15 AM,826.1,1,826.1,21984511.699999996
2025-08-01 11:17:19 AM,826.05,0,0.0,21984511.699999996
2025-08-01 11:17:19 AM,826.1,0,0.0,21984511.699999996
2025-08-01 11:17:20 AM,826.1,68,56174.8,22040686.499999996
2025-08-01 11:17:44 AM,826.1,60,49566.0,22090252.499999996
2025-08-01 11:17:47 AM,826.1,71,58653.1,22148905.599999998
2025-08-01 11:18:11 AM,826.1,12,9913.2,22158818.799999997
2025-08-01 11:18:14 AM,826.1,11,9087.1,22167905.9
2025-08-01 11:18:29 AM,826.0,0,0.0,22167905.9
2025-08-01 11:18:31 AM,826.0,2,1652.0,22169557.9
2025-08-01 11:18:33 AM,827.0,0,0.0,22169557.9
2025-08-01 11:18:37 AM,827.0,86,71122.0,22240679.9
2025-08-01 11:18:49 AM,827.0,40,33080.0,22273759.9
2025-08-01 11:18:55 AM,827.0,58,47966.0,22321725.9
2025-08-01 11:18:57 AM,828.0,0,0.0,22321725.9
2025-08-01 11:18:59 AM,828.7,0,0.0,22321725.9
2025-08-01 11:19:00 AM,828.7,499,413521.30000000005,22735247.2
2025-08-01 11:19:04 AM,829.05,0,0.0,22735247.2
2025-08-01 11:19:06 AM,829.05,29,24042.449999999997,22759289.65
2025-08-01 11:19:09 AM,828.7,0,0.0,22759289.65
2025-08-01 11:19:12 AM,828.7,171,141707.7,22900997.349999998
2025-08-01 11:19:17 AM,828.7,30,24861.0,22925858.349999998
2025-08-01 11:19:18 AM,829.4,20,16588.0,22942446.349999998
2025-08-01 11:19:20 AM,828.85,0,0.0,22942446.349999998
2025-08-01 11:19:23 AM,828.85,4,3315.4,22945761.749999996
2025-08-01 11:19:37 AM,827.65,0,0.0,22945761.749999996
2025-08-01 11:19:39 AM,827.65,90,74488.5,23020250.249999996
2025-08-01 11:19:53 AM,828.0,0,0.0,23020250.249999996
2025-08-01 11:19:55 AM,828.0,5,4140.0,23024390.249999996
2025-08-01 11:20:00 AM,828.0,20,16560.0,23040950.249999996
2025-08-01 11:20:09 AM,826.35,0,0.0,23040950.249999996
2025-08-01 11:20:11 AM,826.35,50,41317.5,23082267.749999996
2025-08-01 11:20:12 AM,826.45,0,0.0,23082267.749999996
2025-08-01 11:20:16 AM,826.45,196,161984.2,23244251.949999996
2025-08-01 11:20:22 AM,825.05,0,0.0,23244251.949999996
2025-08-01 11:20:27 AM,825.0,100,82500.0,23326751.949999996
2025-08-01 11:20:37 AM,826.25,25,20656.25,23347408.199999996
2025-08-01 11:20:46 AM,826.15,0,0.0,23347408.199999996
2025-08-01 11:20:47 AM,826.15,10,8261.5,23355669.699999996
2025-08-01 11:21:05 AM,825.1,0,0.0,23355669.699999996
2025-08-01 11:21:07 AM,826.15,0,0.0,23355669.699999996
2025-08-01 11:21:08 AM,826.15,51,42133.65,23397803.349999994
2025-08-01 11:21:16 AM,828.4,0,0.0,23397803.349999994
2025-08-01 11:21:17 AM,828.85,0,0.0,23397803.349999994
2025-08-01 11:21:19 AM,828.85,309,256114.65,23653917.999999993
2025-08-01 11:21:22 AM,829.8,0,0.0,23653917.999999993
2025-08-01 11:21:24 AM,829.8,270,224046.0,23877963.999999993
2025-08-01 11:21:30 AM,829.8,30,24894.0,23902857.999999993
2025-08-01 11:21:40 AM,829.8,50,41490.0,23944347.999999993
2025-08-01 11:21:45 AM,829.8,3,2489.3999999999996,23946837.39999999
2025-08-01 11:21:55 AM,829.9,100,82990.0,24029827.39999999
2025-08-01 11:21:56 AM,830.0,0,0.0,24029827.39999999
2025-08-01 11:21:58 AM,829.8,0,0.0,24029827.39999999
2025-08-01 11:22:00 AM,829.8,99,82150.2,24111977.59999999
2025-08-01 11:22:02 AM,830.0,0,0.0,24111977.59999999
2025-08-01 11:22:05 AM,830.0,50,41500.0,24153477.59999999
2025-08-01 11:22:16 AM,829.95,0,0.0,24153477.59999999
2025-08-01 11:22:16 AM,829.95,1,829.95,24154307.54999999
2025-08-01 11:22:20 AM,829.05,0,0.0,24154307.54999999
2025-08-01 11:22:22 AM,829.05,369,305919.45,24460226.99999999
2025-08-01 11:22:23 AM,830.0,0,0.0,24460226.99999999
2025-08-01 11:22:27 AM,830.0,180,149400.0,24609626.99999999
2025-08-01 11:22:32 AM,829.9,0,0.0,24609626.99999999
2025-08-01 11:22:32 AM,829.9,40,33196.0,24642822.99999999
2025-08-01 11:22:38 AM,829.9,10,8299.0,24651121.99999999
2025-08-01 11:22:52 AM,829.85,0,0.0,24651121.99999999
2025-08-01 11:22:53 AM,829.85,1,829.85,24651951.84999999
2025-08-01 11:22:54 AM,829.85,1,829.85,24652781.69999999
2025-08-01 11:22:58 AM,829.85,1,829.85,24653611.549999993
2025-08-01 11:23:01 AM,829.75,0,0.0,24653611.549999993
2025-08-01 11:23:03 AM,828.0,0,0.0,24653611.549999993
2025-08-01 11:23:04 AM,828.0,353,292284.0,24945895.549999993
2025-08-01 11:23:11 AM,826.5,0,0.0,24945895.549999993
2025-08-01 11:23:15 AM,826.5,50,41325.0,24987220.549999993
2025-08-01 11:23:30 AM,826.8,0,0.0,24987220.549999993
2025-08-01 11:23:30 AM,826.8,51,42166.799999999996,25029387.349999994
2025-08-01 11:23:40 AM,828.45,0,0.0,25029387.349999994
2025-08-01 11:23:41 AM,828.45,50,41422.5,25070809.849999994
2025-08-01 11:24:10 AM,827.85,0,0.0,25070809.849999994
2025-08-01 11:24:10 AM,828.0,4,3312.0,25074121.849999994
2025-08-01 11:24:11 AM,828.05,0,0.0,25074121.849999994
2025-08-01 11:24:12 AM,827.8,0,0.0,25074121.849999994
2025-08-01 11:24:14 AM,827.55,0,0.0,25074121.849999994
2025-08-01 11:24:15 AM,827.55,5,4137.75,25078259.599999994
2025-08-01 11:24:16 AM,828.0,25,20700.0,25098959.599999994
2025-08-01 11:24:27 AM,828.0,1,828.0,25099787.599999994
2025-08-01 11:24:29 AM,829.95,0,0.0,25099787.599999994
2025-08-01 11:24:32 AM,829.95,350,290482.5,25390270.099999994
2025-08-01 11:24:53 AM,826.5,0,0.0,25390270.099999994
2025-08-01 11:24:53 AM,826.5,147,121495.5,25511765.599999994
2025-08-01 11:24:58 AM,826.5,1,826.5,25512592.099999994
2025-08-01 11:25:00 AM,827.4,0,0.0,25512592.099999994
2025-08-01 11:25:04 AM,827.4,6,4964.4,25517556.499999993
2025-08-01 11:25:23 AM,826.5,0,0.0,25517556.499999993
2025-08-01 11:25:24 AM,826.5,3,2479.5,25520035.999999993
2025-08-01 11:25:40 AM,826.5,30,24795.0,25544830.999999993
2025-08-01 11:25:44 AM,826.1,0,0.0,25544830.999999993
2025-08-01 11:25:45 AM,826.1,3,2478.3,25547309.299999993
2025-08-01 11:25:55 AM,826.1,108,89218.8,25636528.099999994
2025-08-01 11:25:57 AM,825.35,0,0.0,25636528.099999994
2025-08-01 11:26:00 AM,825.35,5,4126.75,25640654.849999994
2025-08-01 11:26:16 AM,825.3,0,0.0,25640654.849999994
2025-08-01 11:26:16 AM,825.3,12,9903.599999999999,25650558.449999996
2025-08-01 11:26:45 AM,824.0,0,0.0,25650558.449999996
2025-08-01 11:26:47 AM,824.0,100,82400.0,25732958.449999996
2025-08-01 11:26:48 AM,824.05,1,824.05,25733782.499999996
2025-08-01 11:26:49 AM,823.5,0,0.0,25733782.499999996
2025-08-01 11:26:52 AM,823.5,60,49410.0,25783192.499999996
2025-08-01 11:26:54 AM,825.35,0,0.0,25783192.499999996
2025-08-01 11:26:57 AM,825.35,45,37140.75,25820333.249999996
2025-08-01 11:26:59 AM,824.2,0,0.0,25820333.249999996
2025-08-01 11:27:01 AM,824.2,2,1648.4,25821981.649999995
2025-08-01 11:27:08 AM,824.2,9,7417.8,25829399.449999996
2025-08-01 11:27:10 AM,823.35,0,0.0,25829399.449999996
2025-08-01 11:27:11 AM,825.0,0,0.0,25829399.449999996
2025-08-01 11:27:11 AM,825.0,125,103125.0,25932524.449999996
2025-08-01 11:27:18 AM,825.7,0,0.0,25932524.449999996
2025-08-01 11:27:19 AM,825.7,61,50367.700000000004,25982892.149999995
2025-08-01 11:27:29 AM,826.9,0,0.0,25982892.149999995
2025-08-01 11:27:29 AM,826.9,2,1653.8,25984545.949999996
2025-08-01 11:28:36 AM,825.4,0,0.0,25984545.949999996
2025-08-01 11:28:37 AM,826.65,85,70265.25,26054811.199999996
2025-08-01 11:28:38 AM,825.5,0,0.0,26054811.199999996
2025-08-01 11:28:39 AM,826.9,0,0.0,26054811.199999996
2025-08-01 11:28:40 AM,826.9,300,248070.0,26302881.199999996
2025-08-01 11:28:44 AM,826.7,0,0.0,26302881.199999996
2025-08-01 11:28:45 AM,826.7,5,4133.5,26307014.699999996
2025-08-01 11:28:49 AM,825.1,0,0.0,26307014.699999996
2025-08-01 11:28:50 AM,825.1,1,825.1,26307839.799999997
2025-08-01 11:29:09 AM,824.55,0,0.0,26307839.799999997
2025-08-01 11:29:10 AM,824.55,2,1649.1,26309488.9
2025-08-01 11:29:11 AM,824.05,0,0.0,26309488.9
2025-08-01 11:29:12 AM,824.05,50,41202.5,26350691.4
2025-08-01 11:29:31 AM,824.0,2,1648.0,26352339.4
2025-08-01 11:29:52 AM,824.0,50,41200.0,26393539.4
2025-08-01 11:29:55 AM,825.0,0,0.0,26393539.4
2025-08-01 11:29:57 AM,825.0,2,1650.0,26395189.4
2025-08-01 11:30:23 AM,825.0,51,42075.0,26437264.4
2025-08-01 11:30:39 AM,825.45,0,0.0,26437264.4
2025-08-01 11:30:41 AM,825.45,50,41272.5,26478536.9
2025-08-01 11:30:45 AM,824.5,0,0.0,26478536.9
2025-08-01 11:30:45 AM,824.5,1,824.5,26479361.4
2025-08-01 11:30:52 AM,823.85,150,123577.5,26602938.9
2025-08-01 11:30:57 AM,825.0,0,0.0,26602938.9
2025-08-01 11:30:57 AM,825.0,10,8250.0,26611188.9
2025-08-01 11:31:26 AM,825.1,0,0.0,26611188.9
2025-08-01 11:31:27 AM,823.95,42,34605.9,26645794.799999997
2025-08-01 11:31:29 AM,824.95,0,0.0,26645794.799999997
2025-08-01 11:31:32 AM,824.95,1,824.95,26646619.749999996
2025-08-01 11:32:07 AM,824.0,0,0.0,26646619.749999996
2025-08-01 11:32:08 AM,824.0,58,47792.0,26694411.749999996
2025-08-01 11:32:19 AM,825.05,101,83330.04999999999,26777741.799999997
2025-08-01 11:32:35 AM,826.2,0,0.0,26777741.799999997
2025-08-01 11:32:35 AM,826.2,1,826.2,26778567.999999996
2025-08-01 11:32:39 AM,826.1,0,0.0,26778567.999999996
2025-08-01 11:32:41 AM,826.1,21,17348.100000000002,26795916.099999998
2025-08-01 11:33:20 AM,826.0,0,0.0,26795916.099999998
2025-08-01 11:33:21 AM,826.0,5,4130.0,26800046.099999998
2025-08-01 11:33:37 AM,824.95,0,0.0,26800046.099999998
2025-08-01 11:33:39 AM,826.0,0,0.0,26800046.099999998
2025-08-01 11:33:41 AM,826.0,62,51212.0,26851258.099999998
2025-08-01 11:34:11 AM,825.95,0,0.0,26851258.099999998
2025-08-01 11:34:11 AM,825.95,25,20648.75,26871906.849999998
2025-08-01 11:34:29 AM,825.85,0,0.0,26871906.849999998
2025-08-01 11:34:31 AM,825.0,27,22275.0,26894181.849999998
2025-08-01 11:34:37 AM,825.0,1,825.0,26895006.849999998
2025-08-01 11:34:49 AM,825.05,0,0.0,26895006.849999998
2025-08-01 11:34:53 AM,825.05,1,825.05,26895831.9
2025-08-01 11:35:19 AM,824.85,0,0.0,26895831.9
2025-08-01 11:35:19 AM,824.85,47,38767.950000000004,26934599.849999998
2025-08-01 11:36:06 AM,822.25,0,0.0,26934599.849999998
2025-08-01 11:36:06 AM,822.25,355,291898.75,27226498.599999998
2025-08-01 11:36:08 AM,824.0,0,0.0,27226498.599999998
2025-08-01 11:36:11 AM,823.25,0,0.0,27226498.599999998
2025-08-01 11:36:11 AM,823.25,126,103729.5,27330228.099999998
2025-08-01 11:36:13 AM,824.4,0,0.0,27330228.099999998
2025-08-01 11:36:17 AM,824.4,7,5770.8,27335998.9
2025-08-01 11:36:19 AM,824.45,0,0.0,27335998.9
2025-08-01 11:36:22 AM,824.45,2,1648.9,27337647.799999997
2025-08-01 11:36:25 AM,825.25,0,0.0,27337647.799999997
2025-08-01 11:36:27 AM,824.5,429,353710.5,27691358.299999997
2025-08-01 11:36:28 AM,824.45,0,0.0,27691358.299999997
2025-08-01 11:36:32 AM,824.45,1,824.45,27692182.749999996
2025-08-01 11:36:38 AM,823.7,0,0.0,27692182.749999996
2025-08-01 11:36:42 AM,822.65,390,320833.5,28013016.249999996
2025-08-01 11:36:53 AM,824.0,0,0.0,28013016.249999996
2025-08-01 11:36:53 AM,824.0,11,9064.0,28022080.249999996
2025-08-01 11:37:19 AM,823.55,0,0.0,28022080.249999996
2025-08-01 11:37:20 AM,823.55,100,82355.0,28104435.249999996
2025-08-01 11:37:33 AM,824.4,0,0.0,28104435.249999996
2025-08-01 11:37:35 AM,824.4,25,20610.0,28125045.249999996
2025-08-01 11:37:55 AM,822.6,0,0.0,28125045.249999996
2025-08-01 11:37:56 AM,822.6,19,15629.4,28140674.649999995
2025-08-01 11:38:02 AM,821.75,0,0.0,28140674.649999995
2025-08-01 11:38:06 AM,821.75,35,28761.25,28169435.899999995
2025-08-01 11:38:24 AM,822.05,0,0.0,28169435.899999995
2025-08-01 11:38:26 AM,822.05,1,822.05,28170257.949999996
2025-08-01 11:38:39 AM,823.05,0,0.0,28170257.949999996
2025-08-01 11:38:41 AM,823.05,5,4115.25,28174373.199999996
2025-08-01 11:40:07 AM,823.5,0,0.0,28174373.199999996
2025-08-01 11:40:09 AM,823.5,147,121054.5,28295427.699999996
2025-08-01 11:40:20 AM,823.65,1,823.65,28296251.349999994
2025-08-01 11:40:28 AM,823.5,0,0.0,28296251.349999994
2025-08-01 11:40:29 AM,823.5,247,203404.5,28499655.849999994
2025-08-01 11:40:47 AM,821.0,0,0.0,28499655.849999994
2025-08-01 11:40:49 AM,821.0,200,164200.0,28663855.849999994
2025-08-01 11:40:50 AM,821.35,1,821.35,28664677.199999996
2025-08-01 11:40:53 AM,823.95,0,0.0,28664677.199999996
2025-08-01 11:40:54 AM,823.95,205,168909.75,28833586.949999996
2025-08-01 11:40:57 AM,824.4,0,0.0,28833586.949999996
2025-08-01 11:41:00 AM,824.4,26,21434.399999999998,28855021.349999994
2025-08-01 11:41:19 AM,823.0,0,0.0,28855021.349999994
2025-08-01 11:41:20 AM,823.0,5,4115.0,28859136.349999994
2025-08-01 11:41:31 AM,824.4,0,0.0,28859136.349999994
2025-08-01 11:41:33 AM,825.45,0,0.0,28859136.349999994
2025-08-01 11:41:35 AM,825.45,49,40447.05,28899583.399999995
2025-08-01 11:41:39 AM,826.85,0,0.0,28899583.399999995
2025-08-01 11:41:40 AM,826.85,72,59533.200000000004,28959116.599999994
2025-08-01 11:41:43 AM,828.0,0,0.0,28959116.599999994
2025-08-01 11:41:45 AM,828.0,145,120060.0,29079176.599999994
2025-08-01 11:41:49 AM,827.6,0,0.0,29079176.599999994
2025-08-01 11:41:50 AM,827.6,5,4138.0,29083314.599999994
2025-08-01 11:42:42 AM,826.2,113,93360.6,29176675.199999996
2025-08-01 11:42:47 AM,825.4,1,825.4,29177500.599999994
2025-08-01 11:44:05 AM,824.7,0,0.0,29177500.599999994
2025-08-01 11:44:06 AM,824.7,38,31338.600000000002,29208839.199999996
2025-08-01 11:44:42 AM,823.95,0,0.0,29208839.199999996
2025-08-01 11:44:45 AM,823.0,0,0.0,29208839.199999996
2025-08-01 11:44:47 AM,823.0,13,10699.0,29219538.199999996
2025-08-01 11:44:52 AM,823.0,80,65840.0,29285378.199999996
2025-08-01 11:44:58 AM,821.25,0,0.0,29285378.199999996
2025-08-01 11:45:03 AM,821.25,325,266906.25,29552284.449999996
2025-08-01 11:45:31 AM,822.85,0,0.0,29552284.449999996
2025-08-01 11:45:35 AM,822.85,4,3291.4,29555575.849999994
2025-08-01 11:46:37 AM,823.35,0,0.0,29555575.849999994
2025-08-01 11:46:39 AM,823.35,1,823.35,29556399.199999996
2025-08-01 11:46:49 AM,823.4,0,0.0,29556399.199999996
2025-08-01 11:46:49 AM,823.4,8,6587.2,29562986.399999995
2025-08-01 11:47:16 AM,823.75,54,44482.5,29607468.899999995
2025-08-01 11:47:23 AM,824.0,0,0.0,29607468.899999995
2025-08-01 11:47:25 AM,824.0,5,4120.0,29611588.899999995
2025-08-01 11:47:42 AM,826.0,0,0.0,29611588.899999995
2025-08-01 11:47:45 AM,826.0,325,268450.0,29880038.899999995
2025-08-01 11:47:53 AM,828.45,0,0.0,29880038.899999995
2025-08-01 11:47:56 AM,828.3,108,89456.4,29969495.299999993
2025-08-01 11:48:04 AM,827.2,0,0.0,29969495.299999993
2025-08-01 11:48:07 AM,827.2,52,43014.4,30012509.69999999
2025-08-01 11:48:08 AM,832.0,0,0.0,30012509.69999999
2025-08-01 11:48:10 AM,831.2,0,0.0,30012509.69999999
2025-08-01 11:48:12 AM,831.35,1070,889544.5,30902054.19999999
2025-08-01 11:48:13 AM,829.4,0,0.0,30902054.19999999
2025-08-01 11:48:17 AM,829.4,36,29858.399999999998,30931912.59999999
2025-08-01 11:48:23 AM,830.85,0,0.0,30931912.59999999
2025-08-01 11:48:26 AM,830.85,223,185279.55000000002,31117192.14999999
2025-08-01 11:48:39 AM,829.35,0,0.0,31117192.14999999
2025-08-01 11:48:41 AM,829.35,1,829.35,31118021.499999993
2025-08-01 11:48:48 AM,829.6,0,0.0,31118021.499999993
2025-08-01 11:48:52 AM,829.6,3,2488.8,31120510.299999993
2025-08-01 11:49:02 AM,829.75,0,0.0,31120510.299999993
2025-08-01 11:49:02 AM,829.75,1,829.75,31121340.049999993
2025-08-01 11:49:23 AM,831.6,80,66528.0,31187868.049999993
2025-08-01 11:49:31 AM,832.0,0,0.0,31187868.049999993
2025-08-01 11:49:34 AM,832.0,181,150592.0,31338460.049999993
2025-08-01 11:49:41 AM,829.9,0,0.0,31338460.049999993
2025-08-01 11:49:43 AM,833.45,0,0.0,31338460.049999993
2025-08-01 11:49:44 AM,833.45,1860,1550217.0,32888677.049999993
2025-08-01 11:49:49 AM,831.9,0,0.0,32888677.049999993
2025-08-01 11:49:49 AM,831.9,1,831.9,32889508.94999999
2025-08-01 11:50:01 AM,831.6,0,0.0,32889508.94999999
2025-08-01 11:50:04 AM,832.0,0,0.0,32889508.94999999
2025-08-01 11:50:04 AM,832.0,80,66560.0,32956068.94999999
2025-08-01 11:50:11 AM,830.0,0,0.0,32956068.94999999
2025-08-01 11:50:15 AM,830.0,221,183430.0,33139498.94999999
2025-08-01 11:50:15 AM,831.95,60,49917.0,33189415.94999999
2025-08-01 11:50:27 AM,832.5,0,0.0,33189415.94999999
2025-08-01 11:50:31 AM,832.55,1391,1158077.05,34347492.99999999
2025-08-01 11:50:58 AM,834.35,0,0.0,34347492.99999999
2025-08-01 11:51:00 AM,834.35,18,15018.300000000001,34362511.29999999
2025-08-01 11:51:19 AM,834.35,45,37545.75,34400057.04999999
2025-08-01 11:51:20 AM,832.65,35,29142.75,34429199.79999999
2025-08-01 11:51:31 AM,830.95,0,0.0,34429199.79999999
2025-08-01 11:51:34 AM,835.0,0,0.0,34429199.79999999
2025-08-01 11:51:34 AM,835.0,1526,1274210.0,35703409.79999999
2025-08-01 11:51:43 AM,835.2,0,0.0,35703409.79999999
2025-08-01 11:51:44 AM,835.2,41,34243.200000000004,35737652.99999999
2025-08-01 11:51:45 AM,835.0,50,41750.0,35779402.99999999
2025-08-01 11:51:47 AM,834.4,0,0.0,35779402.99999999
2025-08-01 11:51:49 AM,835.0,0,0.0,35779402.99999999
2025-08-01 11:51:49 AM,835.0,268,223780.0,36003182.99999999
2025-08-01 11:51:52 AM,835.4,0,0.0,36003182.99999999
2025-08-01 11:51:54 AM,834.15,0,0.0,36003182.99999999
2025-08-01 11:51:54 AM,834.15,518,432089.7,36435272.699999996
2025-08-01 11:51:56 AM,835.2,0,0.0,36435272.699999996
2025-08-01 11:51:58 AM,835.0,0,0.0,36435272.699999996
2025-08-01 11:51:59 AM,835.0,379,316465.0,36751737.699999996
2025-08-01 11:52:19 AM,833.95,0,0.0,36751737.699999996
2025-08-01 11:52:20 AM,833.95,3,2501.8500000000004,36754239.55
2025-08-01 11:52:25 AM,832.4,0,0.0,36754239.55
2025-08-01 11:52:26 AM,832.4,1,832.4,36755071.949999996
2025-08-01 11:52:28 AM,832.55,0,0.0,36755071.949999996
2025-08-01 11:52:29 AM,832.55,1,832.55,36755904.49999999
2025-08-01 11:52:31 AM,833.55,0,0.0,36755904.49999999
2025-08-01 11:52:34 AM,833.55,3,2500.6499999999996,36758405.14999999
2025-08-01 11:52:38 AM,832.5,0,0.0,36758405.14999999
2025-08-01 11:52:39 AM,832.95,0,0.0,36758405.14999999
2025-08-01 11:52:40 AM,832.95,17,14160.150000000001,36772565.29999999
2025-08-01 11:52:42 AM,833.0,0,0.0,36772565.29999999
2025-08-01 11:52:45 AM,832.5,151,125707.5,36898272.79999999
2025-08-01 11:52:49 AM,833.0,0,0.0,36898272.79999999
2025-08-01 11:52:50 AM,833.0,5,4165.0,36902437.79999999
2025-08-01 11:53:01 AM,832.0,269,223808.0,37126245.79999999
2025-08-01 11:53:18 AM,831.85,0,0.0,37126245.79999999
2025-08-01 11:53:19 AM,832.95,0,0.0,37126245.79999999
2025-08-01 11:53:21 AM,832.95,4,3331.8,37129577.59999999
2025-08-01 11:53:30 AM,831.55,0,0.0,37129577.59999999
2025-08-01 11:53:31 AM,831.55,35,29104.25,37158681.84999999
2025-08-01 11:54:06 AM,832.95,5,4164.75,37162846.59999999
2025-08-01 11:54:21 AM,828.6,0,0.0,37162846.59999999
2025-08-01 11:54:22 AM,828.6,719,595763.4,37758609.999999985
2025-08-01 11:54:25 AM,828.65,0,0.0,37758609.999999985
2025-08-01 11:54:27 AM,828.65,53,43918.45,37802528.44999999
2025-08-01 11:54:31 AM,827.95,0,0.0,37802528.44999999
2025-08-01 11:54:32 AM,827.95,5,4139.75,37806668.19999999
2025-08-01 11:54:33 AM,829.1,30,24873.0,37831541.19999999
2025-08-01 11:54:33 AM,828.45,0,0.0,37831541.19999999
2025-08-01 11:54:35 AM,827.75,0,0.0,37831541.19999999
2025-08-01 11:54:37 AM,827.75,100,82775.0,37914316.19999999
2025-08-01 11:55:15 AM,830.2,0,0.0,37914316.19999999
2025-08-01 11:55:16 AM,828.2,0,0.0,37914316.19999999
2025-08-01 11:55:17 AM,828.2,184,152388.80000000002,38066704.999999985
2025-08-01 11:55:21 AM,827.75,0,0.0,38066704.999999985
2025-08-01 11:55:22 AM,827.75,54,44698.5,38111403.499999985
2025-08-01 11:55:26 AM,830.15,0,0.0,38111403.499999985
2025-08-01 11:55:27 AM,830.15,200,166030.0,38277433.499999985
2025-08-01 11:55:41 AM,831.2,0,0.0,38277433.499999985
2025-08-01 11:55:42 AM,831.2,130,108056.0,38385489.499999985
2025-08-01 11:55:52 AM,830.0,0,0.0,38385489.499999985
2025-08-01 11:55:52 AM,830.0,19,15770.0,38401259.499999985
2025-08-01 11:56:23 AM,830.0,318,263940.0,38665199.499999985
2025-08-01 11:57:16 AM,827.75,0,0.0,38665199.499999985
2025-08-01 11:57:18 AM,827.75,348,288057.0,38953256.499999985
2025-08-01 11:57:21 AM,828.75,0,0.0,38953256.499999985
2025-08-01 11:57:23 AM,830.0,200,166000.0,39119256.499999985
2025-08-01 11:57:40 AM,833.0,200,166600.0,39285856.499999985
2025-08-01 11:57:55 AM,834.5,100,83450.0,39369306.499999985
2025-08-01 11:58:08 AM,830.65,0,0.0,39369306.499999985
2025-08-01 11:58:09 AM,830.65,30,24919.5,39394225.999999985
2025-08-01 11:58:19 AM,830.7,0,0.0,39394225.999999985
2025-08-01 11:58:20 AM,830.7,7,5814.900000000001,39400040.89999998
2025-08-01 11:58:41 AM,833.85,20,16677.0,39416717.89999998
2025-08-01 11:58:56 AM,833.95,0,0.0,39416717.89999998
2025-08-01 11:58:57 AM,833.95,27,22516.65,39439234.54999998
2025-08-01 11:59:18 AM,830.85,0,0.0,39439234.54999998
2025-08-01 11:59:19 AM,830.85,88,73114.8,39512349.34999998
2025-08-01 11:59:28 AM,831.65,0,0.0,39512349.34999998
2025-08-01 11:59:29 AM,831.65,3,2494.95,39514844.29999998
2025-08-01 11:59:32 AM,830.5,0,0.0,39514844.29999998
2025-08-01 11:59:33 AM,830.5,42,34881.0,39549725.29999998
2025-08-01 11:59:35 AM,832.05,183,152265.15,39701990.44999998
2025-08-01 11:59:42 AM,832.2,0,0.0,39701990.44999998
2025-08-01 11:59:44 AM,832.2,6,4993.200000000001,39706983.64999998
2025-08-01 11:59:45 AM,830.4,100,83040.0,39790023.64999998
2025-08-01 11:59:54 AM,830.4,2,1660.8,39791684.44999998
2025-08-01 11:59:54 AM,832.0,0,0.0,39791684.44999998
2025-08-01 11:59:56 AM,832.0,50,41600.0,39833284.44999998
2025-08-01 12:00:06 PM,831.0,0,0.0,39833284.44999998
2025-08-01 12:00:07 PM,831.0,50,41550.0,39874834.44999998
2025-08-01 12:00:15 PM,832.35,41,34126.35,39908960.79999998
2025-08-01 12:00:17 PM,832.35,41,34126.35,39943087.14999998
2025-08-01 12:00:23 PM,831.0,0,0.0,39943087.14999998
2025-08-01 12:00:25 PM,831.0,13,10803.0,39953890.14999998
2025-08-01 12:00:28 PM,832.3,0,0.0,39953890.14999998
2025-08-01 12:00:30 PM,832.3,24,19975.199999999997,39973865.34999999
2025-08-01 12:00:37 PM,832.3,1,832.3,39974697.64999998
2025-08-01 12:00:39 PM,830.45,0,0.0,39974697.64999998
2025-08-01 12:00:40 PM,830.45,103,85536.35,40060233.999999985
2025-08-01 12:00:57 PM,830.4,0,0.0,40060233.999999985
2025-08-01 12:00:57 PM,830.4,30,24912.0,40085145.999999985
2025-08-01 12:00:59 PM,832.25,0,0.0,40085145.999999985
2025-08-01 12:01:00 PM,832.25,30,24967.5,40110113.499999985
2025-08-01 12:01:01 PM,831.0,0,0.0,40110113.499999985
2025-08-01 12:01:02 PM,831.0,4,3324.0,40113437.499999985
2025-08-01 12:01:07 PM,830.25,3,2490.75,40115928.249999985
2025-08-01 12:01:33 PM,830.25,607,503961.75,40619889.999999985
2025-08-01 12:02:00 PM,831.0,0,0.0,40619889.999999985
2025-08-01 12:02:01 PM,831.0,200,166200.0,40786089.999999985
2025-08-01 12:02:11 PM,830.25,10,8302.5,40794392.499999985
2025-08-01 12:02:13 PM,830.15,0,0.0,40794392.499999985
2025-08-01 12:02:14 PM,830.15,1,830.15,40795222.64999998
2025-08-01 12:02:16 PM,830.0,0,0.0,40795222.64999998
2025-08-01 12:02:16 PM,830.0,25,20750.0,40815972.64999998
2025-08-01 12:02:18 PM,828.6,0,0.0,40815972.64999998
2025-08-01 12:02:19 PM,828.6,1,828.6,40816801.249999985
2025-08-01 12:02:29 PM,830.2,0,0.0,40816801.249999985
2025-08-01 12:02:30 PM,828.0,0,0.0,40816801.249999985
2025-08-01 12:02:32 PM,828.0,367,303876.0,41120677.249999985
2025-08-01 12:02:36 PM,826.05,0,0.0,41120677.249999985
2025-08-01 12:02:37 PM,826.05,50,41302.5,41161979.749999985
2025-08-01 12:02:41 PM,827.35,0,0.0,41161979.749999985
2025-08-01 12:02:42 PM,827.35,1265,1046597.75,42208577.499999985
2025-08-01 12:02:45 PM,826.8,0,0.0,42208577.499999985
2025-08-01 12:02:47 PM,826.8,50,41340.0,42249917.499999985
2025-08-01 12:03:10 PM,828.9,0,0.0,42249917.499999985
2025-08-01 12:03:11 PM,827.95,0,0.0,42249917.499999985
2025-08-01 12:03:12 PM,827.95,63,52160.850000000006,42302078.34999999
2025-08-01 12:03:28 PM,827.2,0,0.0,42302078.34999999
2025-08-01 12:03:28 PM,827.2,50,41360.0,42343438.34999999
2025-08-01 12:04:10 PM,830.0,0,0.0,42343438.34999999
2025-08-01 12:04:10 PM,830.0,193,160190.0,42503628.34999999
2025-08-01 12:04:17 PM,830.8,0,0.0,42503628.34999999
2025-08-01 12:04:18 PM,830.8,50,41540.0,42545168.34999999
2025-08-01 12:04:50 PM,831.0,0,0.0,42545168.34999999
2025-08-01 12:04:51 PM,831.0,198,164538.0,42709706.34999999
2025-08-01 12:05:07 PM,830.95,8,6647.6,42716353.94999999
2025-08-01 12:05:10 PM,831.3,0,0.0,42716353.94999999
2025-08-01 12:05:12 PM,831.3,38,31589.399999999998,42747943.34999999
2025-08-01 12:05:14 PM,831.0,0,0.0,42747943.34999999
2025-08-01 12:05:14 PM,831.0,500,415500.0,43163443.34999999
2025-08-01 12:05:22 PM,833.0,0,0.0,43163443.34999999
2025-08-01 12:05:23 PM,833.0,100,83300.0,43246743.34999999
2025-08-01 12:05:29 PM,833.0,1111,925463.0,44172206.34999999
2025-08-01 12:05:36 PM,832.7,0,0.0,44172206.34999999
2025-08-01 12:05:37 PM,832.7,2,1665.4,44173871.749999985
2025-08-01 12:05:40 PM,833.2,0,0.0,44173871.749999985
2025-08-01 12:05:42 PM,833.2,35,29162.0,44203033.749999985
2025-08-01 12:05:46 PM,833.8,0,0.0,44203033.749999985
2025-08-01 12:05:47 PM,833.8,15,12507.0,44215540.749999985
2025-08-01 12:05:50 PM,834.45,0,0.0,44215540.749999985
2025-08-01 12:05:52 PM,834.45,110,91789.5,44307330.249999985
2025-08-01 12:05:53 PM,833.8,35,29183.0,44336513.249999985
2025-08-01 12:05:56 PM,834.5,0,0.0,44336513.249999985
2025-08-01 12:05:57 PM,834.5,10,8345.0,44344858.249999985
2025-08-01 12:05:58 PM,834.45,2316,1932586.2000000002,46277444.44999999
2025-08-01 12:06:08 PM,834.05,3,2502.1499999999996,46279946.59999999
2025-08-01 12:06:10 PM,834.9,0,0.0,46279946.59999999
2025-08-01 12:06:13 PM,834.9,100,83490.0,46363436.59999999
2025-08-01 12:06:24 PM,832.8,0,0.0,46363436.59999999
2025-08-01 12:06:27 PM,832.8,10,8328.0,46371764.59999999
2025-08-01 12:06:32 PM,834.25,10,8342.5,46380107.09999999
2025-08-01 12:06:34 PM,832.6,0,0.0,46380107.09999999
2025-08-01 12:06:37 PM,832.6,21,17484.600000000002,46397591.69999999
2025-08-01 12:06:46 PM,833.95,0,0.0,46397591.69999999
2025-08-01 12:06:46 PM,833.95,50,41697.5,46439289.19999999
2025-08-01 12:06:47 PM,828.55,901,746523.5499999999,47185812.749999985
2025-08-01 12:06:50 PM,827.0,0,0.0,47185812.749999985
2025-08-01 12:06:52 PM,827.0,1799,1487773.0,48673585.749999985
2025-08-01 12:06:56 PM,828.35,0,0.0,48673585.749999985
2025-08-01 12:06:57 PM,828.35,92,76208.2,48749793.94999999
2025-08-01 12:07:01 PM,827.4,557,460861.8,49210655.749999985
2025-08-01 12:07:02 PM,828.0,0,0.0,49210655.749999985
2025-08-01 12:07:06 PM,828.0,180,149040.0,49359695.749999985
2025-08-01 12:07:16 PM,827.5,0,0.0,49359695.749999985
2025-08-01 12:07:17 PM,827.5,201,166327.5,49526023.249999985
2025-08-01 12:07:20 PM,827.0,0,0.0,49526023.249999985
2025-08-01 12:07:22 PM,827.0,102,84354.0,49610377.249999985
2025-08-01 12:07:28 PM,828.45,0,0.0,49610377.249999985
2025-08-01 12:07:32 PM,828.45,150,124267.5,49734644.749999985
2025-08-01 12:07:40 PM,826.05,0,0.0,49734644.749999985
2025-08-01 12:07:42 PM,826.05,100,82605.0,49817249.749999985
2025-08-01 12:08:04 PM,826.55,0,0.0,49817249.749999985
2025-08-01 12:08:07 PM,827.0,7,5789.0,49823038.749999985
2025-08-01 12:08:16 PM,827.1,0,0.0,49823038.749999985
2025-08-01 12:08:17 PM,827.1,55,45490.5,49868529.249999985
2025-08-01 12:08:36 PM,827.0,0,0.0,49868529.249999985
2025-08-01 12:08:37 PM,827.0,102,84354.0,49952883.249999985
2025-08-01 12:09:02 PM,826.1,0,0.0,49952883.249999985
2025-08-01 12:09:02 PM,826.1,73,60305.3,50013188.54999998
2025-08-01 12:09:03 PM,826.85,5,4134.25,50017322.79999998
2025-08-01 12:09:36 PM,826.0,0,0.0,50017322.79999998
2025-08-01 12:09:37 PM,826.85,205,169504.25,50186827.04999998
2025-08-01 12:10:06 PM,826.0,0,0.0,50186827.04999998
2025-08-01 12:10:07 PM,826.0,1,826.0,50187653.04999998
2025-08-01 12:10:08 PM,826.8,0,0.0,50187653.04999998
2025-08-01 12:10:12 PM,826.8,3,2480.3999999999996,50190133.44999998
2025-08-01 12:10:23 PM,826.8,7,5787.599999999999,50195921.04999998
2025-08-01 12:10:52 PM,826.0,0,0.0,50195921.04999998
2025-08-01 12:10:57 PM,826.0,5,4130.0,50200051.04999998
2025-08-01 12:11:26 PM,825.55,0,0.0,50200051.04999998
2025-08-01 12:11:27 PM,825.55,317,261699.34999999998,50461750.39999998
2025-08-01 12:11:32 PM,826.15,100,82615.0,50544365.39999998
2025-08-01 12:11:36 PM,825.0,0,0.0,50544365.39999998
2025-08-01 12:11:37 PM,825.0,50,41250.0,50585615.39999998
2025-08-01 12:11:44 PM,824.4,0,0.0,50585615.39999998
2025-08-01 12:11:46 PM,824.25,0,0.0,50585615.39999998
2025-08-01 12:11:46 PM,824.25,184,151662.0,50737277.39999998
2025-08-01 12:11:52 PM,823.0,0,0.0,50737277.39999998
2025-08-01 12:11:56 PM,822.0,1232,1012704.0,51749981.39999998
2025-08-01 12:11:58 PM,822.9,0,0.0,51749981.39999998
2025-08-01 12:12:00 PM,823.0,0,0.0,51749981.39999998
2025-08-01 12:12:01 PM,823.0,245,201635.0,51951616.39999998
2025-08-01 12:12:02 PM,822.85,0,0.0,51951616.39999998
2025-08-01 12:12:02 PM,822.95,0,0.0,51951616.39999998
2025-08-01 12:12:06 PM,822.95,31,25511.45,51977127.84999999
2025-08-01 12:12:08 PM,823.0,0,0.0,51977127.84999999
2025-08-01 12:12:10 PM,823.0,197,162131.0,52139258.84999999
2025-08-01 12:12:15 PM,823.0,25,20575.0,52159833.84999999
2025-08-01 12:12:20 PM,823.0,288,237024.0,52396857.84999999
2025-08-01 12:12:22 PM,823.5,0,0.0,52396857.84999999
2025-08-01 12:12:25 PM,823.5,38,31293.0,52428150.84999999
2025-08-01 12:12:30 PM,823.5,12,9882.0,52438032.84999999
2025-08-01 12:12:36 PM,823.5,10,8235.0,52446267.84999999
2025-08-01 12:13:21 PM,823.0,295,242785.0,52689052.84999999
2025-08-01 12:13:58 PM,821.4,0,0.0,52689052.84999999
2025-08-01 12:14:01 PM,821.4,50,41070.0,52730122.84999999
2025-08-01 12:14:06 PM,821.15,1,821.15,52730943.999999985
2025-08-01 12:14:12 PM,821.05,0,0.0,52730943.999999985
2025-08-01 12:14:16 PM,821.05,3,2463.1499999999996,52733407.14999998
2025-08-01 12:15:06 PM,821.05,7,5747.349999999999,52739154.499999985
2025-08-01 12:15:14 PM,819.15,0,0.0,52739154.499999985
2025-08-01 12:15:16 PM,818.95,0,0.0,52739154.499999985
2025-08-01 12:15:17 PM,818.95,754,617488.3,53356642.79999998
2025-08-01 12:15:18 PM,820.0,0,0.0,53356642.79999998
2025-08-01 12:15:18 PM,819.75,0,0.0,53356642.79999998
2025-08-01 12:15:22 PM,819.75,765,627108.75,53983751.54999998
2025-08-01 12:15:24 PM,821.95,0,0.0,53983751.54999998
2025-08-01 12:15:27 PM,821.95,176,144663.2,54128414.749999985
2025-08-01 12:15:27 PM,822.55,13,10693.15,54139107.89999998
2025-08-01 12:15:28 PM,821.8,0,0.0,54139107.89999998
2025-08-01 12:15:30 PM,822.6,0,0.0,54139107.89999998
2025-08-01 12:15:30 PM,822.15,0,0.0,54139107.89999998
2025-08-01 12:15:32 PM,822.15,27,22198.05,54161305.94999998
2025-08-01 12:15:34 PM,822.0,0,0.0,54161305.94999998
2025-08-01 12:15:36 PM,820.45,0,0.0,54161305.94999998
2025-08-01 12:15:37 PM,820.45,73,59892.850000000006,54221198.79999998
2025-08-01 12:15:52 PM,820.8,0,0.0,54221198.79999998
2025-08-01 12:15:53 PM,820.8,1,820.8,54222019.59999998
2025-08-01 12:16:08 PM,820.95,20,16419.0,54238438.59999998
2025-08-01 12:17:21 PM,822.4,2,1644.8,54240083.399999976
2025-08-01 12:17:35 PM,821.0,10,8210.0,54248293.399999976
2025-08-01 12:17:48 PM,821.4,0,0.0,54248293.399999976
2025-08-01 12:17:49 PM,821.4,1,821.4,54249114.799999975
2025-08-01 12:18:08 PM,821.55,0,0.0,54249114.799999975
2025-08-01 12:18:09 PM,821.55,2,1643.1,54250757.899999976
2025-08-01 12:18:28 PM,820.95,0,0.0,54250757.899999976
2025-08-01 12:18:28 PM,820.95,153,125605.35,54376363.24999998
2025-08-01 12:18:38 PM,820.0,50,41000.0,54417363.24999998
2025-08-01 12:18:40 PM,821.0,0,0.0,54417363.24999998
2025-08-01 12:18:43 PM,821.0,25,20525.0,54437888.24999998
2025-08-01 12:19:14 PM,820.0,0,0.0,54437888.24999998
2025-08-01 12:19:14 PM,820.0,44,36080.0,54473968.24999998
2025-08-01 12:19:24 PM,818.6,200,163720.0,54637688.24999998
2025-08-01 12:19:39 PM,818.55,1,818.55,54638506.799999975
2025-08-01 12:19:44 PM,819.7,1,819.7,54639326.49999998
2025-08-01 12:19:49 PM,819.15,6,4914.9,54644241.399999976
2025-08-01 12:19:53 PM,819.7,0,0.0,54644241.399999976
2025-08-01 12:19:54 PM,819.7,8,6557.6,54650798.99999998
2025-08-01 12:19:55 PM,819.1,0,0.0,54650798.99999998
2025-08-01 12:19:59 PM,819.1,2,1638.2,54652437.19999998
2025-08-01 12:20:36 PM,818.0,0,0.0,54652437.19999998
2025-08-01 12:20:36 PM,818.0,180,147240.0,54799677.19999998
2025-08-01 12:20:51 PM,819.65,0,0.0,54799677.19999998
2025-08-01 12:20:51 PM,819.65,13,10655.449999999999,54810332.64999998
2025-08-01 12:20:52 PM,819.9,0,0.0,54810332.64999998
2025-08-01 12:20:52 PM,819.9,50,40995.0,54851327.64999998
2025-08-01 12:21:05 PM,818.9,0,0.0,54851327.64999998
2025-08-01 12:21:06 PM,818.9,5,4094.5,54855422.14999998
2025-08-01 12:21:21 PM,818.8,27,22107.6,54877529.749999985
2025-08-01 12:21:27 PM,818.0,0,0.0,54877529.749999985
2025-08-01 12:21:31 PM,818.0,15,12270.0,54889799.749999985
2025-08-01 12:21:40 PM,818.0,20,16360.0,54906159.749999985
2025-08-01 12:21:44 PM,818.0,1,818.0,54906977.749999985
2025-08-01 12:21:49 PM,818.0,150,122700.0,55029677.749999985
2025-08-01 12:22:00 PM,817.8,0,0.0,55029677.749999985
2025-08-01 12:22:01 PM,817.8,384,314035.19999999995,55343712.94999999
2025-08-01 12:22:02 PM,817.4,0,0.0,55343712.94999999
2025-08-01 12:22:05 PM,817.4,1,817.4,55344530.34999999
2025-08-01 12:22:15 PM,817.4,39,31878.6,55376408.94999999
2025-08-01 12:22:16 PM,817.4,17,13895.8,55390304.749999985
2025-08-01 12:22:21 PM,817.4,1,817.4,55391122.14999998
2025-08-01 12:22:27 PM,817.4,10,8174.0,55399296.14999998
2025-08-01 12:22:35 PM,816.0,0,0.0,55399296.14999998
2025-08-01 12:22:37 PM,817.0,735,600495.0,55999791.14999998
2025-08-01 12:22:42 PM,817.0,14,11438.0,56011229.14999998
2025-08-01 12:22:49 PM,816.6,0,0.0,56011229.14999998
2025-08-01 12:22:52 PM,816.6,5,4083.0,56015312.14999998
2025-08-01 12:22:55 PM,817.0,0,0.0,56015312.14999998
2025-08-01 12:22:56 PM,816.55,0,0.0,56015312.14999998
2025-08-01 12:22:56 PM,815.3,368,300030.39999999997,56315342.54999998
2025-08-01 12:22:58 PM,817.1,0,0.0,56315342.54999998
2025-08-01 12:22:59 PM,817.4,0,0.0,56315342.54999998
2025-08-01 12:23:01 PM,817.4,17,13895.8,56329238.34999998
2025-08-01 12:23:40 PM,817.4,100,81740.0,56410978.34999998
2025-08-01 12:23:45 PM,816.7,1,816.7,56411795.04999998
2025-08-01 12:24:01 PM,816.65,5,4083.25,56415878.29999998
2025-08-01 12:24:58 PM,817.85,0,0.0,56415878.29999998
2025-08-01 12:25:00 PM,817.85,50,40892.5,56456770.79999998
2025-08-01 12:25:01 PM,817.75,0,0.0,56456770.79999998
2025-08-01 12:25:05 PM,817.75,1,817.75,56457588.54999998
2025-08-01 12:25:18 PM,817.2,0,0.0,56457588.54999998
2025-08-01 12:25:20 PM,817.2,58,47397.600000000006,56504986.14999998
2025-08-01 12:25:39 PM,816.65,0,0.0,56504986.14999998
2025-08-01 12:25:40 PM,816.65,572,467123.8,56972109.94999998
2025-08-01 12:25:41 PM,815.2,0,0.0,56972109.94999998
2025-08-01 12:25:45 PM,815.2,1,815.2,56972925.14999998
2025-08-01 12:25:48 PM,815.7,0,0.0,56972925.14999998
2025-08-01 12:25:50 PM,815.7,11,8972.7,56981897.84999999
2025-08-01 12:25:55 PM,816.65,0,0.0,56981897.84999999
2025-08-01 12:25:55 PM,816.65,990,808483.5,57790381.34999999
2025-08-01 12:25:59 PM,819.1,0,0.0,57790381.34999999
2025-08-01 12:26:00 PM,819.2,0,0.0,57790381.34999999
2025-08-01 12:26:00 PM,819.2,65,53248.0,57843629.34999999
2025-08-01 12:26:06 PM,819.2,17,13926.400000000001,57857555.749999985
2025-08-01 12:26:07 PM,819.05,0,0.0,57857555.749999985
2025-08-01 12:26:11 PM,819.05,4,3276.2,57860831.94999999
2025-08-01 12:26:13 PM,818.55,0,0.0,57860831.94999999
2025-08-01 12:26:16 PM,818.55,74,60572.7,57921404.64999999
2025-08-01 12:27:05 PM,817.05,0,0.0,57921404.64999999
2025-08-01 12:27:06 PM,817.05,10,8170.5,57929575.14999999
2025-08-01 12:27:33 PM,817.15,0,0.0,57929575.14999999
2025-08-01 12:27:36 PM,817.15,1,817.15,57930392.29999999
2025-08-01 12:28:31 PM,818.05,0,0.0,57930392.29999999
2025-08-01 12:28:32 PM,818.05,11,8998.55,57939390.84999999
2025-08-01 12:28:40 PM,818.05,25,20451.25,57959842.09999999
2025-08-01 12:28:51 PM,817.1,0,0.0,57959842.09999999
2025-08-01 12:28:52 PM,817.1,2,1634.2,57961476.29999999
2025-08-01 12:29:09 PM,817.75,0,0.0,57961476.29999999
2025-08-01 12:29:09 PM,817.75,10,8177.5,57969653.79999999
2025-08-01 12:29:17 PM,817.75,10,8177.5,57977831.29999999
2025-08-01 12:29:24 PM,816.3,0,0.0,57977831.29999999
2025-08-01 12:29:24 PM,816.3,100,81630.0,58059461.29999999
2025-08-01 12:29:26 PM,817.35,30,24520.5,58083981.79999999
2025-08-01 12:29:35 PM,816.25,0,0.0,58083981.79999999
2025-08-01 12:29:35 PM,816.25,1,816.25,58084798.04999999
2025-08-01 12:30:25 PM,816.9,10,8169.0,58092967.04999999
2025-08-01 12:30:32 PM,815.6,0,0.0,58092967.04999999
2025-08-01 12:30:33 PM,815.6,20,16312.0,58109279.04999999
2025-08-01 12:31:03 PM,815.6,15,12234.0,58121513.04999999
2025-08-01 12:31:24 PM,816.0,125,102000.0,58223513.04999999
2025-08-01 12:31:28 PM,815.95,1,815.95,58224328.99999999
2025-08-01 12:31:50 PM,816.3,0,0.0,58224328.99999999
2025-08-01 12:31:54 PM,816.3,10,8163.0,58232491.99999999
2025-08-01 12:32:30 PM,816.75,0,0.0,58232491.99999999
2025-08-01 12:32:31 PM,816.75,20,16335.0,58248826.99999999
2025-08-01 12:33:05 PM,815.25,11,8967.75,58257794.74999999
2025-08-01 12:33:24 PM,815.2,0,0.0,58257794.74999999
2025-08-01 12:33:26 PM,815.2,1,815.2,58258609.949999996
2025-08-01 12:33:46 PM,815.2,1,815.2,58259425.15
2025-08-01 12:33:50 PM,816.85,0,0.0,58259425.15
2025-08-01 12:33:51 PM,816.85,80,65348.0,58324773.15
2025-08-01 12:34:00 PM,816.7,0,0.0,58324773.15
2025-08-01 12:34:01 PM,816.7,101,82486.70000000001,58407259.85
2025-08-01 12:35:22 PM,816.85,0,0.0,58407259.85
2025-08-01 12:35:23 PM,816.85,1,816.85,58408076.7
2025-08-01 12:36:22 PM,817.95,0,0.0,58408076.7
2025-08-01 12:36:25 PM,817.95,30,24538.5,58432615.2
2025-08-01 12:37:23 PM,817.5,0,0.0,58432615.2
2025-08-01 12:37:26 PM,817.5,1,817.5,58433432.7
2025-08-01 12:39:15 PM,817.5,1,817.5,58434250.2
2025-08-01 12:41:17 PM,817.5,1,817.5,58435067.7
2025-08-01 12:42:09 PM,817.5,25,20437.5,58455505.2
2025-08-01 12:43:10 PM,818.0,0,0.0,58455505.2
2025-08-01 12:43:12 PM,818.0,1,818.0,58456323.2
2025-08-01 12:43:45 PM,818.0,19,15542.0,58471865.2
2025-08-01 12:45:06 PM,817.5,0,0.0,58471865.2
2025-08-01 12:45:06 PM,817.0,0,0.0,58471865.2
2025-08-01 12:45:10 PM,817.0,14,11438.0,58483303.2
2025-08-01 12:45:12 PM,816.5,0,0.0,58483303.2
2025-08-01 12:45:15 PM,816.5,1,816.5,58484119.7
2025-08-01 12:45:22 PM,817.85,0,0.0,58484119.7
2025-08-01 12:45:26 PM,817.85,1,817.85,58484937.550000004
2025-08-01 12:47:06 PM,816.5,0,0.0,58484937.550000004
2025-08-01 12:47:07 PM,816.5,30,24495.0,58509432.550000004
2025-08-01 12:47:08 PM,816.6,0,0.0,58509432.550000004
2025-08-01 12:47:12 PM,816.6,1,816.6,58510249.150000006
2025-08-01 12:47:26 PM,813.75,0,0.0,58510249.150000006
2025-08-01 12:47:27 PM,813.75,810,659137.5,59169386.650000006
2025-08-01 12:47:28 PM,817.3,0,0.0,59169386.650000006
2025-08-01 12:47:30 PM,816.25,0,0.0,59169386.650000006
2025-08-01 12:47:32 PM,816.25,100,81625.0,59251011.650000006
2025-08-01 12:47:46 PM,815.6,0,0.0,59251011.650000006
2025-08-01 12:47:47 PM,815.6,1,815.6,59251827.25000001
2025-08-01 12:47:48 PM,814.7,0,0.0,59251827.25000001
2025-08-01 12:47:52 PM,814.7,180,146646.0,59398473.25000001
2025-08-01 12:48:10 PM,813.75,0,0.0,59398473.25000001
2025-08-01 12:48:12 PM,813.75,3,2441.25,59400914.50000001
2025-08-01 12:48:42 PM,811.9,0,0.0,59400914.50000001
2025-08-01 12:48:43 PM,811.9,539,437614.1,59838528.60000001
2025-08-01 12:48:44 PM,814.2,0,0.0,59838528.60000001
2025-08-01 12:48:44 PM,815.1,0,0.0,59838528.60000001
2025-08-01 12:48:46 PM,814.05,0,0.0,59838528.60000001
2025-08-01 12:48:48 PM,814.05,80,65124.0,59903652.60000001
2025-08-01 12:49:05 PM,813.35,2,1626.7,59905279.30000001
2025-08-01 12:49:21 PM,814.2,1,814.2,59906093.500000015
2025-08-01 12:50:29 PM,814.2,10,8142.0,59914235.500000015
2025-08-01 12:50:59 PM,813.65,10,8136.5,59922372.000000015
2025-08-01 12:51:02 PM,812.9,0,0.0,59922372.000000015
2025-08-01 12:51:04 PM,812.9,1,812.9,59923184.90000001
2025-08-01 12:51:54 PM,813.85,0,0.0,59923184.90000001
2025-08-01 12:51:55 PM,813.85,1,813.85,59923998.750000015
2025-08-01 12:52:25 PM,813.25,1,813.25,59924812.000000015
2025-08-01 12:52:34 PM,814.1,0,0.0,59924812.000000015
2025-08-01 12:52:35 PM,814.1,1,814.1,59925626.10000002
2025-08-01 12:52:46 PM,813.85,0,0.0,59925626.10000002
2025-08-01 12:52:49 PM,813.85,114,92778.90000000001,60018405.000000015
2025-08-01 12:53:00 PM,813.15,0,0.0,60018405.000000015
2025-08-01 12:53:00 PM,813.15,1,813.15,60019218.15000001
2025-08-01 12:53:02 PM,813.1,0,0.0,60019218.15000001
2025-08-01 12:53:04 PM,813.1,2,1626.2,60020844.35000002
2025-08-01 12:53:09 PM,813.1,13,10570.300000000001,60031414.65000001
2025-08-01 12:53:48 PM,812.4,0,0.0,60031414.65000001
2025-08-01 12:53:50 PM,812.4,99,80427.59999999999,60111842.250000015
2025-08-01 12:53:58 PM,813.0,0,0.0,60111842.250000015
2025-08-01 12:54:00 PM,813.0,3,2439.0,60114281.250000015
2025-08-01 12:54:39 PM,813.0,49,39837.0,60154118.250000015
2025-08-01 12:54:52 PM,813.05,0,0.0,60154118.250000015
2025-08-01 12:54:56 PM,813.05,1,813.05,60154931.30000001
2025-08-01 12:56:48 PM,813.1,0,0.0,60154931.30000001
2025-08-01 12:56:52 PM,813.1,1,813.1,60155744.40000001
2025-08-01 12:57:27 PM,813.0,150,121950.0,60277694.40000001
2025-08-01 12:57:46 PM,814.05,0,0.0,60277694.40000001
2025-08-01 12:57:47 PM,814.05,10,8140.5,60285834.90000001
2025-08-01 12:57:54 PM,814.15,0,0.0,60285834.90000001
2025-08-01 12:57:57 PM,814.15,5,4070.75,60289905.65000001
2025-08-01 12:58:14 PM,815.6,0,0.0,60289905.65000001
2025-08-01 12:58:17 PM,815.6,249,203084.4,60492990.05000001
2025-08-01 12:58:18 PM,814.8,0,0.0,60492990.05000001
2025-08-01 12:58:22 PM,814.8,8,6518.4,60499508.45000001
2025-08-01 12:58:46 PM,815.7,0,0.0,60499508.45000001
2025-08-01 12:58:47 PM,815.7,7,5709.900000000001,60505218.35000001
2025-08-01 12:58:58 PM,815.15,29,23639.35,60528857.70000001
2025-08-01 12:58:58 PM,815.05,0,0.0,60528857.70000001
2025-08-01 12:59:03 PM,815.05,11,8965.55,60537823.25000001
2025-08-01 12:59:44 PM,814.8,10,8148.0,60545971.25000001
2025-08-01 01:00:49 PM,813.95,0,0.0,60545971.25000001
2025-08-01 01:00:51 PM,813.95,1,813.95,60546785.20000001
2025-08-01 01:02:40 PM,813.9,1,813.9,60547599.10000001
2025-08-01 01:03:53 PM,813.25,0,0.0,60547599.10000001
2025-08-01 01:03:53 PM,813.25,47,38222.75,60585821.85000001
2025-08-01 01:04:33 PM,814.6,0,0.0,60585821.85000001
2025-08-01 01:04:33 PM,814.6,131,106712.6,60692534.45000001
2025-08-01 01:04:37 PM,814.7,0,0.0,60692534.45000001
2025-08-01 01:04:38 PM,814.7,1,814.7,60693349.15000001
2025-08-01 01:04:49 PM,815.7,0,0.0,60693349.15000001
2025-08-01 01:04:51 PM,815.7,73,59546.100000000006,60752895.250000015
2025-08-01 01:05:57 PM,815.7,49,39969.3,60792864.55000001
2025-08-01 01:06:35 PM,815.15,0,0.0,60792864.55000001
2025-08-01 01:06:38 PM,815.15,10,8151.5,60801016.05000001
2025-08-01 01:08:36 PM,814.4,0,0.0,60801016.05000001
2025-08-01 01:08:36 PM,814.4,1,814.4,60801830.45000001
2025-08-01 01:10:28 PM,818.15,550,449982.5,61251812.95000001
2025-08-01 01:10:30 PM,819.7,0,0.0,61251812.95000001
2025-08-01 01:10:31 PM,819.7,12,9836.400000000001,61261649.35000001
2025-08-01 01:10:54 PM,821.15,542,445063.3,61706712.650000006
2025-08-01 01:10:56 PM,823.1,0,0.0,61706712.650000006
2025-08-01 01:10:57 PM,823.1,45,37039.5,61743752.150000006
2025-08-01 01:11:00 PM,822.4,0,0.0,61743752.150000006
2025-08-01 01:11:01 PM,822.4,103,84707.2,61828459.35000001
2025-08-01 01:11:31 PM,823.3,49,40341.7,61868801.05000001
2025-08-01 01:11:58 PM,820.2,0,0.0,61868801.05000001
2025-08-01 01:12:01 PM,820.2,10,8202.0,61877003.05000001
2025-08-01 01:12:14 PM,820.0,0,0.0,61877003.05000001
2025-08-01 01:12:16 PM,820.0,51,41820.0,61918823.05000001
2025-08-01 01:12:30 PM,818.5,0,0.0,61918823.05000001
2025-08-01 01:12:31 PM,818.5,1,818.5,61919641.55000001
2025-08-01 01:12:32 PM,819.15,0,0.0,61919641.55000001
2025-08-01 01:12:33 PM,819.15,1,819.15,61920460.70000001
2025-08-01 01:13:26 PM,817.25,0,0.0,61920460.70000001
2025-08-01 01:13:27 PM,817.25,121,98887.25,62019347.95000001
2025-08-01 01:13:32 PM,818.95,41,33576.950000000004,62052924.90000001
2025-08-01 01:13:54 PM,820.4,0,0.0,62052924.90000001
2025-08-01 01:13:55 PM,820.4,1,820.4,62053745.30000001
2025-08-01 01:14:24 PM,820.05,0,0.0,62053745.30000001
2025-08-01 01:14:26 PM,820.05,3,2460.1499999999996,62056205.45000001
2025-08-01 01:14:28 PM,819.65,0,0.0,62056205.45000001
2025-08-01 01:14:28 PM,819.65,1,819.65,62057025.10000001
2025-08-01 01:15:20 PM,820.55,0,0.0,62057025.10000001
2025-08-01 01:15:22 PM,820.55,10,8205.5,62065230.60000001
2025-08-01 01:15:34 PM,821.95,1,821.95,62066052.55000001
2025-08-01 01:15:42 PM,821.45,0,0.0,62066052.55000001
2025-08-01 01:15:43 PM,821.45,8,6571.6,62072624.15000001
2025-08-01 01:15:52 PM,821.3,0,0.0,62072624.15000001
2025-08-01 01:15:53 PM,821.95,126,103565.70000000001,62176189.85000002
2025-08-01 01:15:58 PM,827.7,0,0.0,62176189.85000002
2025-08-01 01:15:58 PM,827.7,5376,4449715.2,66625905.05000002
2025-08-01 01:16:04 PM,825.85,0,0.0,66625905.05000002
2025-08-01 01:16:05 PM,825.85,134,110663.90000000001,66736568.95000002
2025-08-01 01:16:18 PM,829.9,0,0.0,66736568.95000002
2025-08-01 01:16:20 PM,829.9,3017,2503808.3,69240377.25000001
2025-08-01 01:16:24 PM,828.35,0,0.0,69240377.25000001
2025-08-01 01:16:25 PM,828.35,1,828.35,69241205.60000001
2025-08-01 01:16:36 PM,828.15,0,0.0,69241205.60000001
2025-08-01 01:16:38 PM,828.15,7,5797.05,69247002.65
2025-08-01 01:16:48 PM,828.1,0,0.0,69247002.65
2025-08-01 01:16:48 PM,828.1,25,20702.5,69267705.15
2025-08-01 01:16:54 PM,828.65,0,0.0,69267705.15
2025-08-01 01:16:55 PM,828.65,26,21544.899999999998,69289250.05000001
2025-08-01 01:17:04 PM,828.7,100,82870.0,69372120.05000001
2025-08-01 01:17:08 PM,828.3,0,0.0,69372120.05000001
2025-08-01 01:17:08 PM,828.3,92,76203.59999999999,69448323.65
2025-08-01 01:17:09 PM,827.2,40,33088.0,69481411.65
2025-08-01 01:17:16 PM,828.75,0,0.0,69481411.65
2025-08-01 01:17:18 PM,828.75,7,5801.25,69487212.9
2025-08-01 01:17:34 PM,826.95,0,0.0,69487212.9
2025-08-01 01:17:34 PM,826.95,8,6615.6,69493828.5
2025-08-01 01:17:44 PM,828.45,0,0.0,69493828.5
2025-08-01 01:17:44 PM,828.45,1,828.45,69494656.95
2025-08-01 01:17:54 PM,828.45,1,828.45,69495485.4
2025-08-01 01:18:02 PM,826.8,0,0.0,69495485.4
2025-08-01 01:18:04 PM,826.8,17,14055.599999999999,69509541.0
2025-08-01 01:18:16 PM,826.0,561,463386.0,69972927.0
2025-08-01 01:18:21 PM,825.2,1,825.2,69973752.2
2025-08-01 01:18:22 PM,826.0,0,0.0,69973752.2
2025-08-01 01:18:24 PM,825.2,0,0.0,69973752.2
2025-08-01 01:18:25 PM,825.2,473,390319.60000000003,70364071.8
2025-08-01 01:19:00 PM,826.0,105,86730.0,70450801.8
2025-08-01 01:19:32 PM,827.85,0,0.0,70450801.8
2025-08-01 01:19:34 PM,827.85,5,4139.25,70454941.05
2025-08-01 01:19:48 PM,827.0,0,0.0,70454941.05
2025-08-01 01:19:48 PM,827.0,10,8270.0,70463211.05
2025-08-01 01:19:53 PM,827.95,39,32290.050000000003,70495501.1
2025-08-01 01:19:59 PM,825.85,15,12387.75,70507888.85
2025-08-01 01:20:14 PM,825.85,1,825.85,70508714.69999999
2025-08-01 01:21:04 PM,827.75,0,0.0,70508714.69999999
2025-08-01 01:21:08 PM,827.75,20,16555.0,70525269.69999999
2025-08-01 01:21:10 PM,825.85,0,0.0,70525269.69999999
2025-08-01 01:21:14 PM,825.85,200,165170.0,70690439.69999999
2025-08-01 01:21:46 PM,826.0,0,0.0,70690439.69999999
2025-08-01 01:21:48 PM,826.0,38,31388.0,70721827.69999999
2025-08-01 01:21:53 PM,826.0,137,113162.0,70834989.69999999
2025-08-01 01:22:10 PM,826.35,0,0.0,70834989.69999999
2025-08-01 01:22:12 PM,826.35,1,826.35,70835816.04999998
2025-08-01 01:22:14 PM,827.0,0,0.0,70835816.04999998
2025-08-01 01:22:17 PM,827.0,1006,831962.0,71667778.04999998
2025-08-01 01:24:12 PM,826.5,0,0.0,71667778.04999998
2025-08-01 01:24:14 PM,826.5,1,826.5,71668604.54999998
2025-08-01 01:24:38 PM,828.0,150,124200.0,71792804.54999998
2025-08-01 01:24:47 PM,828.6,100,82860.0,71875664.54999998
2025-08-01 01:24:51 PM,829.05,0,0.0,71875664.54999998
2025-08-01 01:24:52 PM,829.05,25,20726.25,71896390.79999998
2025-08-01 01:24:56 PM,827.5,0,0.0,71896390.79999998
2025-08-01 01:24:57 PM,827.5,20,16550.0,71912940.79999998
2025-08-01 01:25:17 PM,828.6,0,0.0,71912940.79999998
2025-08-01 01:25:17 PM,828.6,9,7457.400000000001,71920398.19999999
2025-08-01 01:25:46 PM,828.6,100,82860.0,72003258.19999999
2025-08-01 01:25:57 PM,826.3,70,57841.0,72061099.19999999
2025-08-01 01:26:05 PM,826.6,0,0.0,72061099.19999999
2025-08-01 01:26:06 PM,826.6,1,826.6,72061925.79999998
2025-08-01 01:26:39 PM,828.9,0,0.0,72061925.79999998
2025-08-01 01:26:41 PM,828.9,100,82890.0,72144815.79999998
2025-08-01 01:26:57 PM,829.9,0,0.0,72144815.79999998
2025-08-01 01:27:01 PM,829.9,211,175108.9,72319924.69999999
2025-08-01 01:27:30 PM,827.4,10,8274.0,72328198.69999999
2025-08-01 01:27:43 PM,827.75,0,0.0,72328198.69999999
2025-08-01 01:27:45 PM,827.75,2,1655.5,72329854.19999999
2025-08-01 01:27:49 PM,829.5,0,0.0,72329854.19999999
2025-08-01 01:27:50 PM,829.5,1,829.5,72330683.69999999
2025-08-01 01:28:04 PM,829.5,120,99540.0,72430223.69999999
2025-08-01 01:28:06 PM,827.95,0,0.0,72430223.69999999
2025-08-01 01:28:09 PM,827.95,1,827.95,72431051.64999999
2025-08-01 01:29:22 PM,827.4,0,0.0,72431051.64999999
2025-08-01 01:29:25 PM,825.05,0,0.0,72431051.64999999
2025-08-01 01:29:25 PM,825.05,422,348171.1,72779222.74999999
2025-08-01 01:29:58 PM,826.15,1,826.15,72780048.89999999
2025-08-01 01:30:11 PM,826.05,0,0.0,72780048.89999999
2025-08-01 01:30:14 PM,826.05,1,826.05,72780874.94999999
2025-08-01 01:30:20 PM,826.15,97,80136.55,72861011.49999999
2025-08-01 01:30:29 PM,825.5,20,16510.0,72877521.49999999
2025-08-01 01:30:39 PM,826.05,0,0.0,72877521.49999999
2025-08-01 01:30:42 PM,826.05,1,826.05,72878347.54999998
2025-08-01 01:30:52 PM,826.05,1,826.05,72879173.59999998
2025-08-01 01:31:02 PM,826.15,0,0.0,72879173.59999998
2025-08-01 01:31:03 PM,826.15,1,826.15,72879999.74999999
2025-08-01 01:31:23 PM,826.15,2,1652.3,72881652.04999998
2025-08-01 01:31:39 PM,825.0,0,0.0,72881652.04999998
2025-08-01 01:31:39 PM,825.0,500,412500.0,73294152.04999998
2025-08-01 01:31:55 PM,825.15,0,0.0,73294152.04999998
2025-08-01 01:31:58 PM,825.15,1,825.15,73294977.19999999
2025-08-01 01:32:06 PM,830.05,0,0.0,73294977.19999999
2025-08-01 01:32:08 PM,830.05,2031,1685831.5499999998,74980808.74999999
2025-08-01 01:32:12 PM,826.9,0,0.0,74980808.74999999
2025-08-01 01:32:13 PM,826.9,105,86824.5,75067633.24999999
2025-08-01 01:33:06 PM,826.6,1,826.6,75068459.84999998
2025-08-01 01:33:23 PM,830.9,0,0.0,75068459.84999998
2025-08-01 01:33:26 PM,830.9,1010,839209.0,75907668.84999998
2025-08-01 01:33:57 PM,828.6,0,0.0,75907668.84999998
2025-08-01 01:33:58 PM,829.9,0,0.0,75907668.84999998
2025-08-01 01:34:00 PM,829.9,351,291294.89999999997,76198963.74999999
2025-08-01 01:34:25 PM,827.95,0,0.0,76198963.74999999
2025-08-01 01:34:28 PM,827.95,45,37257.75,76236221.49999999
2025-08-01 01:34:33 PM,828.0,432,357696.0,76593917.49999999
2025-08-01 01:35:05 PM,829.7,0,0.0,76593917.49999999
2025-08-01 01:35:06 PM,829.7,40,33188.0,76627105.49999999
2025-08-01 01:35:54 PM,828.75,0,0.0,76627105.49999999
2025-08-01 01:35:54 PM,828.75,3,2486.25,76629591.74999999
2025-08-01 01:36:43 PM,829.9,26,21577.399999999998,76651169.14999999
2025-08-01 01:36:48 PM,828.25,0,0.0,76651169.14999999
2025-08-01 01:36:52 PM,828.25,1,828.25,76651997.39999999
2025-08-01 01:36:54 PM,829.9,0,0.0,76651997.39999999
2025-08-01 01:36:57 PM,829.9,70,58093.0,76710090.39999999
2025-08-01 01:37:17 PM,829.9,5,4149.5,76714239.89999999
2025-08-01 01:37:51 PM,828.15,0,0.0,76714239.89999999
2025-08-01 01:37:51 PM,828.15,1,828.15,76715068.05
2025-08-01 01:38:05 PM,828.0,0,0.0,76715068.05
2025-08-01 01:38:07 PM,828.0,208,172224.0,76887292.05
2025-08-01 01:39:06 PM,826.7,0,0.0,76887292.05
2025-08-01 01:39:07 PM,826.7,1,826.7,76888118.75
2025-08-01 01:39:43 PM,826.8,1,826.8,76888945.55
2025-08-01 01:40:32 PM,826.7,0,0.0,76888945.55
2025-08-01 01:40:34 PM,826.7,264,218248.80000000002,77107194.35
2025-08-01 01:40:44 PM,825.0,0,0.0,77107194.35
2025-08-01 01:40:44 PM,825.0,2,1650.0,77108844.35
2025-08-01 01:40:46 PM,825.7,0,0.0,77108844.35
2025-08-01 01:40:48 PM,823.5,0,0.0,77108844.35
2025-08-01 01:40:49 PM,823.5,424,349164.0,77458008.35
2025-08-01 01:40:54 PM,824.5,2,1649.0,77459657.35
2025-08-01 01:41:10 PM,826.7,0,0.0,77459657.35
2025-08-01 01:41:10 PM,826.7,13,10747.1,77470404.44999999
2025-08-01 01:41:15 PM,828.0,1064,880992.0,78351396.44999999
2025-08-01 01:41:28 PM,829.0,0,0.0,78351396.44999999
2025-08-01 01:41:29 PM,829.0,260,215540.0,78566936.44999999
2025-08-01 01:41:33 PM,829.0,106,87874.0,78654810.44999999
2025-08-01 01:41:46 PM,827.1,0,0.0,78654810.44999999
2025-08-01 01:41:47 PM,827.1,1,827.1,78655637.54999998
2025-08-01 01:42:12 PM,827.2,0,0.0,78655637.54999998
2025-08-01 01:42:12 PM,827.2,2,1654.4,78657291.94999999
2025-08-01 01:42:32 PM,829.0,0,0.0,78657291.94999999
2025-08-01 01:42:32 PM,829.0,60,49740.0,78707031.94999999
2025-08-01 01:42:50 PM,828.8,0,0.0,78707031.94999999
2025-08-01 01:42:52 PM,828.8,1,828.8,78707860.74999999
2025-08-01 01:42:54 PM,827.0,0,0.0,78707860.74999999
2025-08-01 01:42:57 PM,827.0,40,33080.0,78740940.74999999
2025-08-01 01:43:02 PM,829.0,0,0.0,78740940.74999999
2025-08-01 01:43:07 PM,829.0,95,78755.0,78819695.74999999
2025-08-01 01:43:37 PM,829.6,1,829.6,78820525.34999998
2025-08-01 01:44:10 PM,829.7,0,0.0,78820525.34999998
2025-08-01 01:44:11 PM,829.7,2,1659.4,78822184.74999999
2025-08-01 01:44:20 PM,829.6,0,0.0,78822184.74999999
2025-08-01 01:44:21 PM,829.6,213,176704.80000000002,78998889.54999998
2025-08-01 01:44:31 PM,829.6,372,308611.2,79307500.74999999
2025-08-01 01:44:41 PM,829.6,263,218184.80000000002,79525685.54999998
2025-08-01 01:44:46 PM,829.6,105,87108.0,79612793.54999998
2025-08-01 01:45:24 PM,828.0,0,0.0,79612793.54999998
2025-08-01 01:45:26 PM,828.0,5,4140.0,79616933.54999998
2025-08-01 01:45:34 PM,827.95,0,0.0,79616933.54999998
2025-08-01 01:45:36 PM,827.95,1,827.95,79617761.49999999
2025-08-01 01:47:12 PM,827.95,3,2483.8500000000004,79620245.34999998
2025-08-01 01:47:31 PM,828.0,1,828.0,79621073.34999998
2025-08-01 01:47:46 PM,828.0,5,4140.0,79625213.34999998
2025-08-01 01:49:24 PM,826.9,100,82690.0,79707903.34999998
2025-08-01 01:49:28 PM,827.45,1,827.45,79708730.79999998
2025-08-01 01:50:00 PM,826.25,0,0.0,79708730.79999998
2025-08-01 01:50:02 PM,826.25,120,99150.0,79807880.79999998
2025-08-01 01:50:27 PM,826.25,40,33050.0,79840930.79999998
2025-08-01 01:50:48 PM,826.35,0,0.0,79840930.79999998
2025-08-01 01:50:51 PM,826.35,1,826.35,79841757.14999998
2025-08-01 01:50:56 PM,826.3,0,0.0,79841757.14999998
2025-08-01 01:50:57 PM,826.3,2,1652.6,79843409.74999997
2025-08-01 01:51:02 PM,824.7,0,0.0,79843409.74999997
2025-08-01 01:51:02 PM,824.7,41,33812.700000000004,79877222.44999997
2025-08-01 01:51:07 PM,824.7,12,9896.400000000001,79887118.84999998
2025-08-01 01:51:08 PM,825.2,0,0.0,79887118.84999998
2025-08-01 01:51:12 PM,825.2,15,12378.0,79899496.84999998
2025-08-01 01:51:16 PM,824.55,0,0.0,79899496.84999998
2025-08-01 01:51:17 PM,824.55,2,1649.1,79901145.94999997
2025-08-01 01:51:22 PM,825.4,41,33841.4,79934987.34999998
2025-08-01 01:51:30 PM,824.6,0,0.0,79934987.34999998
2025-08-01 01:51:31 PM,824.6,1,824.6,79935811.94999997
2025-08-01 01:51:40 PM,826.3,0,0.0,79935811.94999997
2025-08-01 01:51:40 PM,826.3,100,82630.0,80018441.94999997
2025-08-01 01:52:59 PM,825.0,0,0.0,80018441.94999997
2025-08-01 01:52:59 PM,825.0,520,429000.0,80447441.94999997
2025-08-01 01:53:15 PM,825.35,0,0.0,80447441.94999997
2025-08-01 01:53:17 PM,825.35,29,23935.15,80471377.09999998
2025-08-01 01:53:22 PM,825.3,11,9078.3,80480455.39999998
2025-08-01 01:53:46 PM,826.0,24,19824.0,80500279.39999998
2025-08-01 01:53:50 PM,826.3,0,0.0,80500279.39999998
2025-08-01 01:53:51 PM,826.3,2222,1836038.5999999999,82336317.99999997
2025-08-01 01:54:26 PM,826.0,0,0.0,82336317.99999997
2025-08-01 01:54:28 PM,826.0,3,2478.0,82338795.99999997
2025-08-01 01:54:33 PM,826.0,500,413000.0,82751795.99999997
2025-08-01 01:54:38 PM,826.0,100,82600.0,82834395.99999997
2025-08-01 01:54:42 PM,826.3,1377,1137815.0999999999,83972211.09999996
2025-08-01 01:54:44 PM,826.3,107,88414.09999999999,84060625.19999996
2025-08-01 01:54:50 PM,826.15,0,0.0,84060625.19999996
2025-08-01 01:54:52 PM,826.15,291,240409.65,84301034.84999996
2025-08-01 01:54:53 PM,826.3,10,8263.0,84309297.84999996
2025-08-01 01:55:19 PM,826.45,0,0.0,84309297.84999996
2025-08-01 01:55:23 PM,826.45,1,826.45,84310124.29999997
2025-08-01 01:55:41 PM,826.0,0,0.0,84310124.29999997
2025-08-01 01:55:42 PM,826.0,500,413000.0,84723124.29999997
2025-08-01 01:56:02 PM,826.0,500,413000.0,85136124.29999997
2025-08-01 01:56:52 PM,826.0,2271,1875846.0,87011970.29999997
2025-08-01 01:56:57 PM,826.0,589,486514.0,87498484.29999997
2025-08-01 01:57:02 PM,826.0,1,826.0,87499310.29999997
2025-08-01 01:57:17 PM,826.0,1,826.0,87500136.29999997
2025-08-01 01:57:24 PM,825.85,0,0.0,87500136.29999997
2025-08-01 01:57:26 PM,825.85,1866,1541036.1,89041172.39999996
2025-08-01 01:57:31 PM,825.15,17,14027.55,89055199.94999996
2025-08-01 01:57:52 PM,826.4,0,0.0,89055199.94999996
2025-08-01 01:57:55 PM,826.4,268,221475.19999999998,89276675.14999996
2025-08-01 01:59:00 PM,828.05,0,0.0,89276675.14999996
2025-08-01 01:59:00 PM,828.05,100,82805.0,89359480.14999996
2025-08-01 01:59:18 PM,826.2,0,0.0,89359480.14999996
2025-08-01 01:59:21 PM,826.2,1,826.2,89360306.34999996
2025-08-01 01:59:31 PM,826.0,0,0.0,89360306.34999996
2025-08-01 01:59:31 PM,826.0,100,82600.0,89442906.34999996
2025-08-01 02:00:28 PM,827.95,0,0.0,89442906.34999996
2025-08-01 02:00:31 PM,827.95,74,61268.3,89504174.64999996
2025-08-01 02:00:41 PM,827.5,0,0.0,89504174.64999996
2025-08-01 02:00:45 PM,827.5,7,5792.5,89509967.14999996
2025-08-01 02:01:10 PM,827.45,1,827.45,89510794.59999996
2025-08-01 02:01:16 PM,826.15,0,0.0,89510794.59999996
2025-08-01 02:01:19 PM,826.15,100,82615.0,89593409.59999996
2025-08-01 02:01:22 PM,826.9,0,0.0,89593409.59999996
2025-08-01 02:01:24 PM,826.9,1,826.9,89594236.49999997
2025-08-01 02:02:11 PM,827.75,0,0.0,89594236.49999997
2025-08-01 02:02:13 PM,827.75,1,827.75,89595064.24999997
2025-08-01 02:02:22 PM,829.0,49,40621.0,89635685.24999997
2025-08-01 02:02:30 PM,827.05,0,0.0,89635685.24999997
2025-08-01 02:02:32 PM,827.05,2,1654.1,89637339.34999996
2025-08-01 02:02:38 PM,827.95,0,0.0,89637339.34999996
2025-08-01 02:02:42 PM,827.95,20,16559.0,89653898.34999996
2025-08-01 02:02:52 PM,828.35,10,8283.5,89662181.84999996
2025-08-01 02:03:12 PM,827.0,0,0.0,89662181.84999996
2025-08-01 02:03:13 PM,827.0,1,827.0,89663008.84999996
2025-08-01 02:04:19 PM,826.85,0,0.0,89663008.84999996
2025-08-01 02:04:23 PM,826.85,11,9095.35,89672104.19999996
2025-08-01 02:04:47 PM,827.0,0,0.0,89672104.19999996
2025-08-01 02:04:49 PM,827.0,3,2481.0,89674585.19999996
2025-08-01 02:05:04 PM,826.95,1,826.95,89675412.14999996
2025-08-01 02:06:44 PM,826.95,200,165390.0,89840802.14999996
2025-08-01 02:07:01 PM,827.05,0,0.0,89840802.14999996
2025-08-01 02:07:05 PM,827.05,1,827.05,89841629.19999996
2025-08-01 02:08:58 PM,827.15,0,0.0,89841629.19999996
2025-08-01 02:08:58 PM,827.15,1,827.15,89842456.34999996
2025-08-01 02:09:13 PM,827.15,11,9098.65,89851554.99999997
2025-08-01 02:09:46 PM,827.05,0,0.0,89851554.99999997
2025-08-01 02:09:48 PM,827.05,566,468110.3,90319665.29999997
2025-08-01 02:09:58 PM,827.05,51,42179.549999999996,90361844.84999996
2025-08-01 02:10:04 PM,826.15,0,0.0,90361844.84999996
2025-08-01 02:10:08 PM,826.0,0,0.0,90361844.84999996
2025-08-01 02:10:08 PM,826.0,100,82600.0,90444444.84999996
2025-08-01 02:10:33 PM,826.0,10,8260.0,90452704.84999996
2025-08-01 02:10:38 PM,827.3,0,0.0,90452704.84999996
2025-08-01 02:10:38 PM,827.3,1,827.3,90453532.14999996
2025-08-01 02:10:53 PM,827.25,2,1654.5,90455186.64999996
2025-08-01 02:10:59 PM,827.25,1,827.25,90456013.89999996
2025-08-01 02:12:04 PM,826.0,0,0.0,90456013.89999996
2025-08-01 02:12:06 PM,826.0,80,66080.0,90522093.89999996
2025-08-01 02:12:12 PM,825.1,121,99837.1,90621930.99999996
2025-08-01 02:12:31 PM,826.75,0,0.0,90621930.99999996
2025-08-01 02:12:32 PM,826.75,20,16535.0,90638465.99999996
2025-08-01 02:12:52 PM,826.5,0,0.0,90638465.99999996
2025-08-01 02:12:53 PM,826.5,4,3306.0,90641771.99999996
2025-08-01 02:12:58 PM,827.1,0,0.0,90641771.99999996
2025-08-01 02:12:59 PM,827.1,24,19850.4,90661622.39999996
2025-08-01 02:13:06 PM,827.05,0,0.0,90661622.39999996
2025-08-01 02:13:06 PM,827.0,0,0.0,90661622.39999996
2025-08-01 02:13:08 PM,827.0,6,4962.0,90666584.39999996
2025-08-01 02:13:46 PM,826.65,0,0.0,90666584.39999996
2025-08-01 02:13:46 PM,826.65,1,826.65,90667411.04999997
2025-08-01 02:14:12 PM,826.55,1,826.55,90668237.59999996
2025-08-01 02:14:18 PM,826.6,0,0.0,90668237.59999996
2025-08-01 02:14:18 PM,826.6,10,8266.0,90676503.59999996
2025-08-01 02:14:31 PM,829.4,0,0.0,90676503.59999996
2025-08-01 02:14:32 PM,829.4,200,165880.0,90842383.59999996
2025-08-01 02:14:34 PM,828.4,0,0.0,90842383.59999996
2025-08-01 02:14:34 PM,828.4,3,2485.2,90844868.79999997
2025-08-01 02:14:41 PM,829.4,0,0.0,90844868.79999997
2025-08-01 02:14:42 PM,828.45,0,0.0,90844868.79999997
2025-08-01 02:14:42 PM,828.45,48,39765.600000000006,90884634.39999996
2025-08-01 02:14:49 PM,828.45,1,828.45,90885462.84999996
2025-08-01 02:14:50 PM,828.8,0,0.0,90885462.84999996
2025-08-01 02:14:52 PM,828.8,3,2486.3999999999996,90887949.24999997
2025-08-01 02:14:56 PM,829.95,0,0.0,90887949.24999997
2025-08-01 02:14:57 PM,828.65,310,256881.5,91144830.74999997
2025-08-01 02:15:09 PM,828.95,0,0.0,91144830.74999997
2025-08-01 02:15:10 PM,828.95,4,3315.8,91148146.54999997
2025-08-01 02:15:14 PM,828.7,0,0.0,91148146.54999997
2025-08-01 02:15:14 PM,828.65,0,0.0,91148146.54999997
2025-08-01 02:15:16 PM,828.65,64,53033.6,91201180.14999996
2025-08-01 02:15:44 PM,828.35,0,0.0,91201180.14999996
2025-08-01 02:15:46 PM,828.35,13,10768.550000000001,91211948.69999996
2025-08-01 02:16:02 PM,828.45,0,0.0,91211948.69999996
2025-08-01 02:16:02 PM,828.45,3,2485.3500000000004,91214434.04999995
2025-08-01 02:16:52 PM,828.0,0,0.0,91214434.04999995
2025-08-01 02:16:52 PM,828.0,1,828.0,91215262.04999995
2025-08-01 02:17:02 PM,828.0,10,8280.0,91223542.04999995
2025-08-01 02:17:22 PM,827.9,0,0.0,91223542.04999995
2025-08-01 02:17:23 PM,827.9,2,1655.8,91225197.84999995
2025-08-01 02:17:42 PM,827.35,0,0.0,91225197.84999995
2025-08-01 02:17:43 PM,827.35,1,827.35,91226025.19999994
2025-08-01 02:18:03 PM,826.75,55,45471.25,91271496.44999994
2025-08-01 02:18:44 PM,826.8,0,0.0,91271496.44999994
2025-08-01 02:18:45 PM,826.8,1,826.8,91272323.24999994
2025-08-01 02:19:04 PM,825.85,0,0.0,91272323.24999994
2025-08-01 02:19:04 PM,825.85,30,24775.5,91297098.74999994
2025-08-01 02:19:16 PM,827.0,0,0.0,91297098.74999994
2025-08-01 02:19:20 PM,827.0,12,9924.0,91307022.74999994
2025-08-01 02:19:42 PM,826.95,0,0.0,91307022.74999994
2025-08-01 02:19:42 PM,826.95,9,7442.55,91314465.29999994
2025-08-01 02:20:06 PM,826.75,0,0.0,91314465.29999994
2025-08-01 02:20:08 PM,826.75,100,82675.0,91397140.29999994
2025-08-01 02:20:40 PM,826.9,0,0.0,91397140.29999994
2025-08-01 02:20:43 PM,826.95,21,17365.95,91414506.24999994
2025-08-01 02:21:03 PM,826.5,10,8265.0,91422771.24999994
2025-08-01 02:21:23 PM,826.9,0,0.0,91422771.24999994
2025-08-01 02:21:24 PM,826.9,1,826.9,91423598.14999995
2025-08-01 02:21:38 PM,826.95,0,0.0,91423598.14999995
2025-08-01 02:21:40 PM,826.95,1,826.95,91424425.09999995
2025-08-01 02:22:15 PM,826.5,0,0.0,91424425.09999995
2025-08-01 02:22:17 PM,826.5,6,4959.0,91429384.09999995
2025-08-01 02:22:23 PM,824.95,1667,1375191.6500000001,92804575.74999996
2025-08-01 02:22:25 PM,825.3,0,0.0,92804575.74999996
2025-08-01 02:22:26 PM,825.4,0,0.0,92804575.74999996
2025-08-01 02:22:28 PM,825.4,156,128762.4,92933338.14999996
2025-08-01 02:22:34 PM,825.65,0,0.0,92933338.14999996
2025-08-01 02:22:34 PM,825.6,301,248505.6,93181843.74999996
2025-08-01 02:22:39 PM,825.6,1,825.6,93182669.34999995
2025-08-01 02:22:43 PM,825.85,0,0.0,93182669.34999995
2025-08-01 02:22:44 PM,826.15,0,0.0,93182669.34999995
2025-08-01 02:22:44 PM,826.15,68,56178.2,93238847.54999995
2025-08-01 02:22:50 PM,826.15,71,58656.65,93297504.19999996
2025-08-01 02:22:58 PM,825.5,0,0.0,93297504.19999996
2025-08-01 02:23:00 PM,825.5,17,14033.5,93311537.69999996
2025-08-01 02:23:06 PM,825.75,2,1651.5,93313189.19999996
2025-08-01 02:23:15 PM,825.95,0,0.0,93313189.19999996
2025-08-01 02:23:17 PM,825.95,21,17344.95,93330534.14999996
2025-08-01 02:23:24 PM,825.45,0,0.0,93330534.14999996
2025-08-01 02:23:27 PM,825.45,12,9905.400000000001,93340439.54999997
2025-08-01 02:23:28 PM,825.7,0,0.0,93340439.54999997
2025-08-01 02:23:28 PM,825.7,34,28073.800000000003,93368513.34999996
2025-08-01 02:23:30 PM,825.95,0,0.0,93368513.34999996
2025-08-01 02:23:33 PM,826.0,10,8260.0,93376773.34999996
2025-08-01 02:23:51 PM,826.5,0,0.0,93376773.34999996
2025-08-01 02:23:52 PM,825.9,0,0.0,93376773.34999996
2025-08-01 02:23:54 PM,825.9,26,21473.399999999998,93398246.74999997
2025-08-01 02:24:12 PM,825.85,0,0.0,93398246.74999997
2025-08-01 02:24:15 PM,825.85,1,825.85,93399072.59999996
2025-08-01 02:24:18 PM,825.75,0,0.0,93399072.59999996
2025-08-01 02:24:20 PM,825.85,6,4955.1,93404027.69999996
2025-08-01 02:24:35 PM,826.05,0,0.0,93404027.69999996
2025-08-01 02:24:35 PM,826.05,2,1652.1,93405679.79999995
2025-08-01 02:25:15 PM,826.2,0,0.0,93405679.79999995
2025-08-01 02:25:19 PM,826.2,4,3304.8,93408984.59999995
2025-08-01 02:26:33 PM,826.15,1,826.15,93409810.74999996
2025-08-01 02:26:36 PM,825.75,0,0.0,93409810.74999996
2025-08-01 02:26:38 PM,825.75,3,2477.25,93412287.99999996
2025-08-01 02:26:53 PM,826.05,1,826.05,93413114.04999995
2025-08-01 02:27:09 PM,825.75,0,0.0,93413114.04999995
2025-08-01 02:27:11 PM,825.75,4,3303.0,93416417.04999995
2025-08-01 02:27:32 PM,825.75,144,118908.0,93535325.04999995
2025-08-01 02:27:36 PM,825.15,0,0.0,93535325.04999995
2025-08-01 02:27:37 PM,825.15,57,47033.549999999996,93582358.59999995
2025-08-01 02:27:38 PM,825.2,36,29707.2,93612065.79999995
2025-08-01 02:27:40 PM,825.0,0,0.0,93612065.79999995
2025-08-01 02:27:40 PM,824.95,0,0.0,93612065.79999995
2025-08-01 02:27:43 PM,824.95,69,56921.55,93668987.34999995
2025-08-01 02:28:04 PM,824.85,0,0.0,93668987.34999995
2025-08-01 02:28:04 PM,824.85,3,2474.55,93671461.89999995
2025-08-01 02:28:11 PM,824.95,0,0.0,93671461.89999995
2025-08-01 02:28:15 PM,824.95,1,824.95,93672286.84999995
2025-08-01 02:28:31 PM,824.95,1,824.95,93673111.79999995
2025-08-01 02:29:49 PM,824.95,3,2474.8500000000004,93675586.64999995
2025-08-01 02:30:13 PM,824.95,40,32998.0,93708584.64999995
2025-08-01 02:30:17 PM,824.95,4,3299.8,93711884.44999994
2025-08-01 02:30:28 PM,824.95,4,3299.8,93715184.24999994
2025-08-01 02:30:44 PM,824.95,2,1649.9,93716834.14999995
2025-08-01 02:30:55 PM,823.5,83,68350.5,93785184.64999995
2025-08-01 02:31:00 PM,824.65,53,43706.45,93828891.09999995
2025-08-01 02:31:00 PM,823.8,0,0.0,93828891.09999995
2025-08-01 02:31:01 PM,823.8,7,5766.599999999999,93834657.69999994
2025-08-01 02:31:07 PM,824.5,7,5771.5,93840429.19999994
2025-08-01 02:31:15 PM,824.75,0,0.0,93840429.19999994
2025-08-01 02:31:17 PM,824.75,4,3299.0,93843728.19999994
2025-08-01 02:31:23 PM,824.75,6,4948.5,93848676.69999994
2025-08-01 02:31:34 PM,824.75,36,29691.0,93878367.69999994
2025-08-01 02:31:34 PM,823.05,3,2469.1499999999996,93880836.84999995
2025-08-01 02:31:44 PM,824.25,1,824.25,93881661.09999995
2025-08-01 02:32:08 PM,824.0,0,0.0,93881661.09999995
2025-08-01 02:32:11 PM,823.5,0,0.0,93881661.09999995
2025-08-01 02:32:11 PM,823.5,208,171288.0,94052949.09999995
2025-08-01 02:32:22 PM,823.75,4,3295.0,94056244.09999995
2025-08-01 02:32:31 PM,822.15,0,0.0,94056244.09999995
2025-08-01 02:32:32 PM,822.15,525,431628.75,94487872.84999995
2025-08-01 02:32:45 PM,822.35,1,822.35,94488695.19999994
2025-08-01 02:33:57 PM,822.7,501,412172.7,94900867.89999995
2025-08-01 02:34:20 PM,823.4,1,823.4,94901691.29999995
2025-08-01 02:34:34 PM,823.55,0,0.0,94901691.29999995
2025-08-01 02:34:36 PM,823.55,154,126826.7,95028517.99999996
2025-08-01 02:35:14 PM,823.6,80,65888.0,95094405.99999996
2025-08-01 02:35:34 PM,822.75,0,0.0,95094405.99999996
2025-08-01 02:35:35 PM,822.75,10,8227.5,95102633.49999996
2025-08-01 02:35:54 PM,820.7,0,0.0,95102633.49999996
2025-08-01 02:35:54 PM,820.7,100,82070.0,95184703.49999996
2025-08-01 02:36:01 PM,822.0,0,0.0,95184703.49999996
2025-08-01 02:36:02 PM,822.4,12,9868.8,95194572.29999995
2025-08-01 02:36:17 PM,822.5,1,822.5,95195394.79999995
2025-08-01 02:36:30 PM,822.85,15,12342.75,95207737.54999995
