date,price,qty,trnvr,cum_trnvr
2025-08-01 09:15:03 AM,3020.2,633,1911786.5999999999,1911786.5999999999
2025-08-01 09:15:05 AM,3020.2,7,21141.399999999998,1932927.9999999998
2025-08-01 09:15:13 AM,3029.4,0,0.0,1932927.9999999998
2025-08-01 09:15:15 AM,3027.8,785,2376823.0,4309751.0
2025-08-01 09:15:17 AM,3034.3,61,185092.30000000002,4494843.3
2025-08-01 09:15:22 AM,3039.5,0,0.0,4494843.3
2025-08-01 09:15:23 AM,3040.8,0,0.0,4494843.3
2025-08-01 09:15:25 AM,3043.4,1216,3700774.4,8195617.699999999
2025-08-01 09:15:27 AM,3043.9,206,627043.4,8822661.1
2025-08-01 09:15:28 AM,3044.0,0,0.0,8822661.1
2025-08-01 09:15:33 AM,3045.7,0,0.0,8822661.1
2025-08-01 09:15:34 AM,3045.7,96,292387.19999999995,9115048.299999999
2025-08-01 09:15:35 AM,3044.0,315,958860.0,10073908.299999999
2025-08-01 09:15:41 AM,3044.3,0,0.0,10073908.299999999
2025-08-01 09:15:42 AM,3044.3,6,18265.800000000003,10092174.1
2025-08-01 09:15:46 AM,3044.2,0,0.0,10092174.1
2025-08-01 09:15:49 AM,3042.9,0,0.0,10092174.1
2025-08-01 09:15:50 AM,3042.9,106,322547.4,10414721.5
2025-08-01 09:15:57 AM,3044.0,0,0.0,10414721.5
2025-08-01 09:15:58 AM,3044.0,9,27396.0,10442117.5
2025-08-01 09:16:00 AM,3044.0,1,3044.0,10445161.5
2025-08-01 09:16:00 AM,3042.4,0,0.0,10445161.5
2025-08-01 09:16:01 AM,3043.0,0,0.0,10445161.5
2025-08-01 09:16:01 AM,3043.0,3,9129.0,10454290.5
2025-08-01 09:16:02 AM,3041.8,11,33459.8,10487750.3
2025-08-01 09:16:07 AM,3039.6,39,118544.4,10606294.700000001
2025-08-01 09:16:09 AM,3042.0,0,0.0,10606294.700000001
2025-08-01 09:16:10 AM,3042.0,65,197730.0,10804024.700000001
2025-08-01 09:16:12 AM,3042.0,1,3042.0,10807066.700000001
2025-08-01 09:16:13 AM,3039.1,33,100290.3,10907357.000000002
2025-08-01 09:16:14 AM,3038.7,1,3038.7,10910395.700000001
2025-08-01 09:16:15 AM,3038.7,4,12154.8,10922550.500000002
2025-08-01 09:16:22 AM,3038.2,49,148871.8,11071422.300000003
2025-08-01 09:16:23 AM,3038.0,10,30380.0,11101802.300000003
2025-08-01 09:16:24 AM,3035.8,0,0.0,11101802.300000003
2025-08-01 09:16:24 AM,3035.8,7,21250.600000000002,11123052.900000002
2025-08-01 09:16:27 AM,3038.3,9,27344.7,11150397.600000001
2025-08-01 09:16:29 AM,3038.5,75,227887.5,11378285.100000001
2025-08-01 09:16:30 AM,3038.5,2,6077.0,11384362.100000001
2025-08-01 09:16:30 AM,3038.3,0,0.0,11384362.100000001
2025-08-01 09:16:31 AM,3038.3,35,106340.5,11490702.600000001
2025-08-01 09:16:32 AM,3035.6,0,0.0,11490702.600000001
2025-08-01 09:16:32 AM,3035.0,0,0.0,11490702.600000001
2025-08-01 09:16:33 AM,3034.6,351,1065144.5999999999,12555847.200000001
2025-08-01 09:16:34 AM,3035.0,0,0.0,12555847.200000001
2025-08-01 09:16:35 AM,3035.0,58,176030.0,12731877.200000001
2025-08-01 09:16:35 AM,3035.1,0,0.0,12731877.200000001
2025-08-01 09:16:36 AM,3035.1,4,12140.4,12744017.600000001
2025-08-01 09:16:38 AM,3034.0,0,0.0,12744017.600000001
2025-08-01 09:16:38 AM,3034.0,1,3034.0,12747051.600000001
2025-08-01 09:16:42 AM,3032.4,0,0.0,12747051.600000001
2025-08-01 09:16:43 AM,3032.4,265,803586.0,13550637.600000001
2025-08-01 09:16:44 AM,3034.7,4,12138.8,13562776.400000002
2025-08-01 09:16:45 AM,3034.8,0,0.0,13562776.400000002
2025-08-01 09:16:46 AM,3034.8,5,15174.0,13577950.400000002
2025-08-01 09:16:47 AM,3034.0,0,0.0,13577950.400000002
2025-08-01 09:16:48 AM,3034.0,51,154734.0,13732684.400000002
2025-08-01 09:16:49 AM,3034.0,9,27306.0,13759990.400000002
2025-08-01 09:16:52 AM,3034.0,10,30340.0,13790330.400000002
2025-08-01 09:16:52 AM,3034.9,1973,5987857.7,19778188.1
2025-08-01 09:16:53 AM,3032.7,14,42457.799999999996,19820645.900000002
2025-08-01 09:16:53 AM,3036.0,0,0.0,19820645.900000002
2025-08-01 09:16:54 AM,3036.0,353,1071708.0,20892353.900000002
2025-08-01 09:16:55 AM,3036.2,21,63760.2,20956114.1
2025-08-01 09:16:55 AM,3034.9,0,0.0,20956114.1
2025-08-01 09:16:56 AM,3034.9,15,45523.5,21001637.6
2025-08-01 09:16:57 AM,3034.9,7,21244.3,21022881.900000002
2025-08-01 09:17:03 AM,3037.3,1,3037.3,21025919.200000003
2025-08-01 09:17:06 AM,3039.0,92,279588.0,21305507.200000003
2025-08-01 09:17:07 AM,3040.0,0,0.0,21305507.200000003
2025-08-01 09:17:07 AM,3040.0,10,30400.0,21335907.200000003
2025-08-01 09:17:09 AM,3040.2,1,3040.2,21338947.400000002
2025-08-01 09:17:10 AM,3040.2,4,12160.8,21351108.200000003
2025-08-01 09:17:10 AM,3038.6,0,0.0,21351108.200000003
2025-08-01 09:17:11 AM,3038.6,2,6077.2,21357185.400000002
2025-08-01 09:17:18 AM,3038.8,2,6077.6,21363263.000000004
2025-08-01 09:17:21 AM,3040.2,0,0.0,21363263.000000004
2025-08-01 09:17:22 AM,3040.2,35,106407.0,21469670.000000004
2025-08-01 09:17:24 AM,3039.8,36,109432.8,21579102.800000004
2025-08-01 09:17:25 AM,3042.0,200,608400.0,22187502.800000004
2025-08-01 09:17:26 AM,3041.8,44,133839.2,22321342.000000004
2025-08-01 09:17:31 AM,3043.6,9,27392.399999999998,22348734.400000002
2025-08-01 09:17:31 AM,3043.8,0,0.0,22348734.400000002
2025-08-01 09:17:31 AM,3043.8,3,9131.400000000001,22357865.8
2025-08-01 09:17:32 AM,3044.1,0,0.0,22357865.8
2025-08-01 09:17:32 AM,3044.1,5,15220.5,22373086.3
2025-08-01 09:17:33 AM,3044.3,1,3044.3,22376130.6
2025-08-01 09:17:36 AM,3044.3,50,152215.0,22528345.6
2025-08-01 09:17:36 AM,3041.8,1,3041.8,22531387.400000002
2025-08-01 09:17:37 AM,3044.4,25,76110.0,22607497.400000002
2025-08-01 09:17:37 AM,3044.5,0,0.0,22607497.400000002
2025-08-01 09:17:38 AM,3042.3,13,39549.9,22647047.3
2025-08-01 09:17:40 AM,3042.1,0,0.0,22647047.3
2025-08-01 09:17:41 AM,3042.1,70,212947.0,22859994.3
2025-08-01 09:17:42 AM,3041.5,1,3041.5,22863035.8
2025-08-01 09:17:44 AM,3043.0,5,15215.0,22878250.8
2025-08-01 09:17:57 AM,3044.1,16,48705.6,22926956.400000002
2025-08-01 09:17:57 AM,3043.0,0,0.0,22926956.400000002
2025-08-01 09:17:58 AM,3043.0,30,91290.0,23018246.400000002
2025-08-01 09:17:58 AM,3044.5,1,3044.5,23021290.900000002
2025-08-01 09:18:01 AM,3044.5,2,6089.0,23027379.900000002
2025-08-01 09:18:04 AM,3044.5,3,9133.5,23036513.400000002
2025-08-01 09:18:06 AM,3044.5,2,6089.0,23042602.400000002
2025-08-01 09:18:12 AM,3043.1,60,182586.0,23225188.400000002
2025-08-01 09:18:20 AM,3045.0,28,85260.0,23310448.400000002
2025-08-01 09:18:21 AM,3045.4,6,18272.4,23328720.8
2025-08-01 09:18:22 AM,3044.5,2,6089.0,23334809.8
2025-08-01 09:18:30 AM,3038.2,204,619792.7999999999,23954602.6
2025-08-01 09:18:31 AM,3042.3,5,15211.5,23969814.1
2025-08-01 09:18:36 AM,3043.2,6,18259.199999999997,23988073.3
2025-08-01 09:18:39 AM,3043.7,1,3043.7,23991117.0
2025-08-01 09:18:43 AM,3043.7,1,3043.7,23994160.7
2025-08-01 09:18:49 AM,3043.6,2,6087.2,24000247.9
2025-08-01 09:18:54 AM,3041.9,0,0.0,24000247.9
2025-08-01 09:18:55 AM,3041.9,1,3041.9,24003289.799999997
2025-08-01 09:19:00 AM,3040.9,0,0.0,24003289.799999997
2025-08-01 09:19:00 AM,3040.9,61,185494.9,24188784.699999996
2025-08-01 09:19:08 AM,3038.8,75,227910.0,24416694.699999996
2025-08-01 09:19:09 AM,3038.3,13,39497.9,24456192.599999994
2025-08-01 09:19:10 AM,3039.7,0,0.0,24456192.599999994
2025-08-01 09:19:12 AM,3038.6,0,0.0,24456192.599999994
2025-08-01 09:19:16 AM,3038.6,2,6077.2,24462269.799999993
2025-08-01 09:19:18 AM,3034.9,0,0.0,24462269.799999993
2025-08-01 09:19:24 AM,3042.5,1257,3824422.5,28286692.299999993
2025-08-01 09:19:24 AM,3041.2,0,0.0,28286692.299999993
2025-08-01 09:19:25 AM,3040.0,421,1279840.0,29566532.299999993
2025-08-01 09:19:27 AM,3044.4,0,0.0,29566532.299999993
2025-08-01 09:19:32 AM,3042.1,882,2683132.1999999997,32249664.499999993
2025-08-01 09:19:33 AM,3044.0,194,590536.0,32840200.499999993
2025-08-01 09:19:35 AM,3040.4,0,0.0,32840200.499999993
2025-08-01 09:19:40 AM,3040.4,32,97292.8,32937493.299999993
2025-08-01 09:19:42 AM,3039.4,15,45591.0,32983084.299999993
2025-08-01 09:19:47 AM,3042.1,0,0.0,32983084.299999993
2025-08-01 09:19:48 AM,3041.2,11,33453.2,33016537.499999993
2025-08-01 09:19:56 AM,3040.0,210,638400.0,33654937.49999999
2025-08-01 09:19:58 AM,3042.1,4,12168.4,33667105.89999999
2025-08-01 09:20:00 AM,3040.7,0,0.0,33667105.89999999
2025-08-01 09:20:01 AM,3040.7,259,787541.2999999999,34454647.19999999
2025-08-01 09:20:02 AM,3040.3,2,6080.6,34460727.79999999
2025-08-01 09:20:04 AM,3041.9,0,0.0,34460727.79999999
2025-08-01 09:20:04 AM,3041.9,52,158178.80000000002,34618906.59999999
2025-08-01 09:20:06 AM,3041.8,2,6083.6,34624990.19999999
2025-08-01 09:20:06 AM,3042.1,0,0.0,34624990.19999999
2025-08-01 09:20:07 AM,3042.1,3,9126.3,34634116.499999985
2025-08-01 09:20:09 AM,3042.1,1,3042.1,34637158.59999999
2025-08-01 09:20:11 AM,3040.4,30,91212.0,34728370.59999999
2025-08-01 09:20:12 AM,3041.7,10,30417.0,34758787.59999999
2025-08-01 09:20:19 AM,3040.1,0,0.0,34758787.59999999
2025-08-01 09:20:20 AM,3040.1,50,152005.0,34910792.59999999
2025-08-01 09:20:20 AM,3040.4,0,0.0,34910792.59999999
2025-08-01 09:20:21 AM,3040.4,6,18242.4,34929034.999999985
2025-08-01 09:20:24 AM,3040.0,14,42560.0,34971594.999999985
2025-08-01 09:20:25 AM,3040.4,0,0.0,34971594.999999985
2025-08-01 09:20:26 AM,3040.4,1,3040.4,34974635.39999998
2025-08-01 09:20:28 AM,3041.3,142,431864.60000000003,35406499.999999985
2025-08-01 09:20:30 AM,3042.2,4,12168.8,35418668.79999998
2025-08-01 09:20:41 AM,3041.0,59,179419.0,35598087.79999998
2025-08-01 09:20:43 AM,3042.2,3,9126.599999999999,35607214.39999998
2025-08-01 09:20:47 AM,3043.7,0,0.0,35607214.39999998
2025-08-01 09:20:47 AM,3043.7,30,91311.0,35698525.39999998
2025-08-01 09:20:48 AM,3044.4,0,0.0,35698525.39999998
2025-08-01 09:20:48 AM,3044.4,13,39577.200000000004,35738102.59999999
2025-08-01 09:20:49 AM,3042.6,0,0.0,35738102.59999999
2025-08-01 09:20:49 AM,3042.6,50,152130.0,35890232.59999999
2025-08-01 09:20:54 AM,3042.4,7,21296.8,35911529.39999998
2025-08-01 09:20:54 AM,3044.3,0,0.0,35911529.39999998
2025-08-01 09:20:54 AM,3044.3,5,15221.5,35926750.89999998
2025-08-01 09:20:57 AM,3044.3,2,6088.6,35932839.499999985
2025-08-01 09:21:03 AM,3044.3,7,21310.100000000002,35954149.59999999
2025-08-01 09:21:04 AM,3044.2,0,0.0,35954149.59999999
2025-08-01 09:21:05 AM,3044.2,2,6088.4,35960237.999999985
2025-08-01 09:21:07 AM,3044.1,1,3044.1,35963282.09999999
2025-08-01 09:21:07 AM,3042.7,1,3042.7,35966324.79999999
2025-08-01 09:21:10 AM,3044.3,3,9132.900000000001,35975457.69999999
2025-08-01 09:21:16 AM,3044.3,2,6088.6,35981546.29999999
2025-08-01 09:21:16 AM,3044.4,0,0.0,35981546.29999999
2025-08-01 09:21:17 AM,3044.4,31,94376.40000000001,36075922.69999999
2025-08-01 09:21:26 AM,3044.3,18,54797.4,36130720.09999999
2025-08-01 09:21:31 AM,3044.3,9,27398.7,36158118.79999999
2025-08-01 09:21:33 AM,3044.3,11,33487.3,36191606.09999999
2025-08-01 09:21:36 AM,3044.8,0,0.0,36191606.09999999
2025-08-01 09:21:37 AM,3044.8,200,608960.0,36800566.09999999
2025-08-01 09:21:38 AM,3044.8,5,15224.0,36815790.09999999
2025-08-01 09:21:38 AM,3044.5,12,36534.0,36852324.09999999
2025-08-01 09:21:39 AM,3044.8,16,48716.8,36901040.89999998
2025-08-01 09:21:50 AM,3044.8,1,3044.8,36904085.69999998
2025-08-01 09:21:54 AM,3044.8,1,3044.8,36907130.49999998
2025-08-01 09:21:56 AM,3045.3,59,179672.7,37086803.19999998
2025-08-01 09:21:59 AM,3045.3,14,42634.200000000004,37129437.39999998
2025-08-01 09:22:02 AM,3045.7,3,9137.099999999999,37138574.499999985
2025-08-01 09:22:15 AM,3045.7,1,3045.7,37141620.19999999
2025-08-01 09:22:17 AM,3045.3,79,240578.7,37382198.89999999
2025-08-01 09:22:18 AM,3044.2,58,176563.59999999998,37558762.49999999
2025-08-01 09:22:21 AM,3042.4,94,285985.60000000003,37844748.099999994
2025-08-01 09:22:23 AM,3043.9,2,6087.8,37850835.89999999
2025-08-01 09:22:24 AM,3042.3,6,18253.800000000003,37869089.69999999
2025-08-01 09:22:25 AM,3043.1,2,6086.2,37875175.89999999
2025-08-01 09:22:29 AM,3040.9,0,0.0,37875175.89999999
2025-08-01 09:22:29 AM,3040.9,54,164208.6,38039384.49999999
2025-08-01 09:22:31 AM,3040.9,3,9122.7,38048507.199999996
2025-08-01 09:22:44 AM,3041.1,0,0.0,38048507.199999996
2025-08-01 09:22:45 AM,3041.1,2,6082.2,38054589.4
2025-08-01 09:22:46 AM,3042.0,0,0.0,38054589.4
2025-08-01 09:22:47 AM,3042.0,21,63882.0,38118471.4
2025-08-01 09:22:50 AM,3042.0,3,9126.0,38127597.4
2025-08-01 09:22:51 AM,3042.0,2,6084.0,38133681.4
2025-08-01 09:22:53 AM,3042.5,0,0.0,38133681.4
2025-08-01 09:22:53 AM,3042.5,17,51722.5,38185403.9
2025-08-01 09:22:54 AM,3042.0,34,103428.0,38288831.9
2025-08-01 09:22:55 AM,3042.0,250,760500.0,39049331.9
2025-08-01 09:22:55 AM,3040.2,319,969823.7999999999,40019155.699999996
2025-08-01 09:22:55 AM,3039.2,0,0.0,40019155.699999996
2025-08-01 09:22:56 AM,3039.2,1683,5114973.6,45134129.3
2025-08-01 09:22:57 AM,3040.5,0,0.0,45134129.3
2025-08-01 09:22:58 AM,3040.8,122,370977.60000000003,45505106.9
2025-08-01 09:22:59 AM,3040.9,0,0.0,45505106.9
2025-08-01 09:23:00 AM,3040.9,172,523034.8,46028141.699999996
2025-08-01 09:23:02 AM,3039.5,123,373858.5,46402000.199999996
2025-08-01 09:23:10 AM,3039.8,3,9119.400000000001,46411119.599999994
2025-08-01 09:23:11 AM,3037.8,141,428329.80000000005,46839449.39999999
2025-08-01 09:23:21 AM,3037.7,54,164035.8,47003485.19999999
2025-08-01 09:23:24 AM,3035.8,20,60716.0,47064201.19999999
2025-08-01 09:23:26 AM,3037.8,0,0.0,47064201.19999999
2025-08-01 09:23:27 AM,3037.8,26,78982.8,47143183.999999985
2025-08-01 09:23:30 AM,3037.8,5,15189.0,47158372.999999985
2025-08-01 09:23:32 AM,3036.3,2,6072.6,47164445.59999999
2025-08-01 09:23:33 AM,3037.8,1,3037.8,47167483.39999998
2025-08-01 09:23:40 AM,3037.8,1,3037.8,47170521.19999998
2025-08-01 09:23:48 AM,3040.5,0,0.0,47170521.19999998
2025-08-01 09:23:49 AM,3040.5,5422,16485591.0,63656112.19999998
2025-08-01 09:23:49 AM,3041.2,1,3041.2,63659153.39999998
2025-08-01 09:23:49 AM,3042.0,0,0.0,63659153.39999998
2025-08-01 09:23:50 AM,3044.2,58,176563.59999999998,63835716.999999985
2025-08-01 09:23:51 AM,3044.1,0,0.0,63835716.999999985
2025-08-01 09:23:52 AM,3044.1,999,3041055.9,66876772.89999998
2025-08-01 09:23:52 AM,3039.9,0,0.0,66876772.89999998
2025-08-01 09:23:53 AM,3039.9,169,513743.10000000003,67390515.99999999
2025-08-01 09:24:03 AM,3040.2,45,136809.0,67527324.99999999
2025-08-01 09:24:09 AM,3039.4,1,3039.4,67530364.39999999
2025-08-01 09:24:10 AM,3039.8,1,3039.8,67533404.19999999
2025-08-01 09:24:14 AM,3040.0,308,936320.0,68469724.19999999
2025-08-01 09:24:14 AM,3040.0,540,1641600.0,70111324.19999999
2025-08-01 09:24:22 AM,3040.1,43,130724.3,70242048.49999999
2025-08-01 09:24:27 AM,3040.1,30,91203.0,70333251.49999999
2025-08-01 09:24:28 AM,3038.1,0,0.0,70333251.49999999
2025-08-01 09:24:29 AM,3038.1,212,644077.2,70977328.69999999
2025-08-01 09:24:32 AM,3037.6,0,0.0,70977328.69999999
2025-08-01 09:24:32 AM,3037.6,66,200481.6,71177810.29999998
2025-08-01 09:24:37 AM,3038.7,0,0.0,71177810.29999998
2025-08-01 09:24:37 AM,3038.7,15,45580.5,71223390.79999998
2025-08-01 09:24:38 AM,3038.6,0,0.0,71223390.79999998
2025-08-01 09:24:38 AM,3038.6,11,33424.6,71256815.39999998
2025-08-01 09:24:43 AM,3038.2,0,0.0,71256815.39999998
2025-08-01 09:24:43 AM,3038.2,4,12152.8,71268968.19999997
2025-08-01 09:24:48 AM,3035.0,530,1608550.0,72877518.19999997
2025-08-01 09:24:49 AM,3035.1,14,42491.4,72920009.59999998
2025-08-01 09:24:53 AM,3036.9,11,33405.9,72953415.49999999
2025-08-01 09:24:54 AM,3037.2,7,21260.399999999998,72974675.89999999
2025-08-01 09:24:55 AM,3037.3,0,0.0,72974675.89999999
2025-08-01 09:24:55 AM,3037.3,4,12149.2,72986825.1
2025-08-01 09:24:56 AM,3037.4,59,179206.6,73166031.69999999
2025-08-01 09:24:59 AM,3037.7,1,3037.7,73169069.39999999
2025-08-01 09:25:01 AM,3035.8,3,9107.400000000001,73178176.8
2025-08-01 09:25:03 AM,3037.7,0,0.0,73178176.8
2025-08-01 09:25:04 AM,3035.2,114,346012.8,73524189.6
2025-08-01 09:25:05 AM,3036.6,0,0.0,73524189.6
2025-08-01 09:25:05 AM,3036.6,31,94134.59999999999,73618324.19999999
2025-08-01 09:25:08 AM,3036.6,55,167013.0,73785337.19999999
2025-08-01 09:25:08 AM,3037.4,0,0.0,73785337.19999999
2025-08-01 09:25:09 AM,3037.4,399,1211922.6,74997259.79999998
2025-08-01 09:25:11 AM,3037.7,20,60754.0,75058013.79999998
2025-08-01 09:25:13 AM,3037.6,4,12150.4,75070164.19999999
2025-08-01 09:25:17 AM,3037.4,1,3037.4,75073201.6
2025-08-01 09:25:21 AM,3037.7,0,0.0,75073201.6
2025-08-01 09:25:21 AM,3037.7,140,425278.0,75498479.6
2025-08-01 09:25:26 AM,3037.5,5,15187.5,75513667.1
2025-08-01 09:25:28 AM,3037.3,5,15186.5,75528853.6
2025-08-01 09:25:34 AM,3037.3,10,30373.0,75559226.6
2025-08-01 09:25:34 AM,3037.5,0,0.0,75559226.6
2025-08-01 09:25:35 AM,3037.5,1,3037.5,75562264.1
2025-08-01 09:25:44 AM,3037.5,157,476887.5,76039151.6
2025-08-01 09:25:51 AM,3035.2,0,0.0,76039151.6
2025-08-01 09:25:52 AM,3035.2,300,910560.0,76949711.6
2025-08-01 09:25:57 AM,3035.5,11,33390.5,76983102.1
2025-08-01 09:25:58 AM,3036.5,0,0.0,76983102.1
2025-08-01 09:25:59 AM,3036.5,10,30365.0,77013467.1
2025-08-01 09:26:08 AM,3035.0,0,0.0,77013467.1
2025-08-01 09:26:09 AM,3035.0,50,151750.0,77165217.1
2025-08-01 09:26:10 AM,3035.0,50,151750.0,77316967.1
2025-08-01 09:26:12 AM,3035.0,1082,3283870.0,80600837.1
2025-08-01 09:26:13 AM,3035.9,22,66789.8,80667626.89999999
2025-08-01 09:26:14 AM,3036.3,0,0.0,80667626.89999999
2025-08-01 09:26:14 AM,3036.3,2,6072.6,80673699.49999999
2025-08-01 09:26:15 AM,3036.3,1,3036.3,80676735.79999998
2025-08-01 09:26:20 AM,3035.0,10,30350.0,80707085.79999998
2025-08-01 09:26:21 AM,3036.0,19,57684.0,80764769.79999998
2025-08-01 09:26:23 AM,3036.0,59,179124.0,80943893.79999998
2025-08-01 09:26:23 AM,3036.2,5,15181.0,80959074.79999998
2025-08-01 09:26:26 AM,3036.2,6,18217.199999999997,80977291.99999999
2025-08-01 09:26:27 AM,3036.5,0,0.0,80977291.99999999
2025-08-01 09:26:28 AM,3036.5,29,88058.5,81065350.49999999
2025-08-01 09:26:29 AM,3036.0,1,3036.0,81068386.49999999
2025-08-01 09:26:32 AM,3036.0,10,30360.0,81098746.49999999
2025-08-01 09:26:35 AM,3036.5,26,78949.0,81177695.49999999
2025-08-01 09:26:38 AM,3036.0,92,279312.0,81457007.49999999
2025-08-01 09:26:39 AM,3036.0,57,173052.0,81630059.49999999
2025-08-01 09:26:41 AM,3036.0,19,57684.0,81687743.49999999
2025-08-01 09:26:42 AM,3036.5,2,6073.0,81693816.49999999
2025-08-01 09:26:43 AM,3036.5,28,85022.0,81778838.49999999
2025-08-01 09:26:48 AM,3037.5,2,6075.0,81784913.49999999
2025-08-01 09:26:49 AM,3037.5,274,832275.0,82617188.49999999
2025-08-01 09:26:55 AM,3037.5,43,130612.5,82747800.99999999
2025-08-01 09:27:00 AM,3038.4,0,0.0,82747800.99999999
2025-08-01 09:27:01 AM,3038.4,21,63806.4,82811607.39999999
2025-08-01 09:27:08 AM,3039.3,15,45589.5,82857196.89999999
2025-08-01 09:27:23 AM,3039.0,100,303900.0,83161096.89999999
2025-08-01 09:27:27 AM,3037.8,28,85058.40000000001,83246155.3
2025-08-01 09:27:28 AM,3038.1,1,3038.1,83249193.39999999
2025-08-01 09:27:30 AM,3037.7,28,85055.59999999999,83334248.99999999
2025-08-01 09:27:32 AM,3037.8,5,15189.0,83349437.99999999
2025-08-01 09:27:48 AM,3036.1,6,18216.6,83367654.59999998
2025-08-01 09:27:56 AM,3036.0,1,3036.0,83370690.59999998
2025-08-01 09:27:58 AM,3035.0,39,118365.0,83489055.59999998
2025-08-01 09:27:59 AM,3035.8,0,0.0,83489055.59999998
2025-08-01 09:28:00 AM,3036.3,11,33399.3,83522454.89999998
2025-08-01 09:28:01 AM,3034.9,142,430955.8,83953410.69999997
2025-08-01 09:28:02 AM,3034.9,3,9104.7,83962515.39999998
2025-08-01 09:28:02 AM,3032.4,0,0.0,83962515.39999998
2025-08-01 09:28:03 AM,3032.4,86,260786.4,84223301.79999998
2025-08-01 09:28:04 AM,3031.0,0,0.0,84223301.79999998
2025-08-01 09:28:05 AM,3031.0,30,90930.0,84314231.79999998
2025-08-01 09:28:07 AM,3031.0,1,3031.0,84317262.79999998
2025-08-01 09:28:07 AM,3032.4,0,0.0,84317262.79999998
2025-08-01 09:28:08 AM,3032.4,41,124328.40000000001,84441591.19999999
2025-08-01 09:28:09 AM,3033.6,0,0.0,84441591.19999999
2025-08-01 09:28:10 AM,3033.6,2,6067.2,84447658.39999999
2025-08-01 09:28:11 AM,3033.8,0,0.0,84447658.39999999
2025-08-01 09:28:11 AM,3033.8,14,42473.200000000004,84490131.6
2025-08-01 09:28:15 AM,3033.0,0,0.0,84490131.6
2025-08-01 09:28:15 AM,3033.0,11,33363.0,84523494.6
2025-08-01 09:28:17 AM,3031.1,0,0.0,84523494.6
2025-08-01 09:28:18 AM,3031.1,68,206114.8,84729609.39999999
2025-08-01 09:28:28 AM,3032.0,35,106120.0,84835729.39999999
2025-08-01 09:28:31 AM,3032.0,1,3032.0,84838761.39999999
2025-08-01 09:28:34 AM,3032.0,5,15160.0,84853921.39999999
2025-08-01 09:28:39 AM,3032.0,4,12128.0,84866049.39999999
2025-08-01 09:28:43 AM,3032.0,5,15160.0,84881209.39999999
2025-08-01 09:28:49 AM,3031.1,200,606220.0,85487429.39999999
2025-08-01 09:28:50 AM,3031.1,209,633499.9,86120929.3
2025-08-01 09:28:50 AM,3031.0,200,606200.0,86727129.3
2025-08-01 09:28:51 AM,3032.5,0,0.0,86727129.3
2025-08-01 09:28:51 AM,3032.5,179,542817.5,87269946.8
2025-08-01 09:28:54 AM,3032.7,29,87948.29999999999,87357895.1
2025-08-01 09:28:59 AM,3033.6,0,0.0,87357895.1
2025-08-01 09:28:59 AM,3033.6,7,21235.2,87379130.3
2025-08-01 09:29:02 AM,3033.6,14,42470.4,87421600.7
2025-08-01 09:29:03 AM,3034.5,2,6069.0,87427669.7
2025-08-01 09:29:06 AM,3034.5,10,30345.0,87458014.7
2025-08-01 09:29:07 AM,3033.4,8,24267.2,87482281.9
2025-08-01 09:29:09 AM,3034.7,0,0.0,87482281.9
2025-08-01 09:29:10 AM,3034.7,3,9104.099999999999,87491386.0
2025-08-01 09:29:10 AM,3034.9,0,0.0,87491386.0
2025-08-01 09:29:11 AM,3034.9,5,15174.5,87506560.5
2025-08-01 09:29:14 AM,3032.3,707,2143836.1,89650396.6
2025-08-01 09:29:16 AM,3032.1,11,33353.1,89683749.69999999
2025-08-01 09:29:18 AM,3032.1,10,30321.0,89714070.69999999
2025-08-01 09:29:20 AM,3032.0,152,460864.0,90174934.69999999
2025-08-01 09:29:21 AM,3032.0,1,3032.0,90177966.69999999
2025-08-01 09:29:26 AM,3032.0,9,27288.0,90205254.69999999
2025-08-01 09:29:26 AM,3031.0,0,0.0,90205254.69999999
2025-08-01 09:29:27 AM,3031.0,15,45465.0,90250719.69999999
2025-08-01 09:29:28 AM,3032.0,5,15160.0,90265879.69999999
2025-08-01 09:29:29 AM,3026.5,1140,3450210.0,93716089.69999999
2025-08-01 09:29:29 AM,3027.2,19,57516.799999999996,93773606.49999999
2025-08-01 09:29:29 AM,3027.4,0,0.0,93773606.49999999
2025-08-01 09:29:30 AM,3029.6,99,299930.39999999997,94073536.89999999
2025-08-01 09:29:31 AM,3029.4,0,0.0,94073536.89999999
2025-08-01 09:29:32 AM,3029.4,5,15147.0,94088683.89999999
2025-08-01 09:29:34 AM,3029.3,30,90879.0,94179562.89999999
2025-08-01 09:29:35 AM,3029.4,83,251440.2,94431003.1
2025-08-01 09:29:35 AM,3029.4,166,502880.4,94933883.5
2025-08-01 09:30:00 AM,3030.0,10,30300.0,94964183.5
2025-08-01 09:30:02 AM,3030.0,25,75750.0,95039933.5
2025-08-01 09:30:08 AM,3029.0,2,6058.0,95045991.5
2025-08-01 09:30:09 AM,3028.0,2,6056.0,95052047.5
2025-08-01 09:30:09 AM,3028.0,9,27252.0,95079299.5
2025-08-01 09:30:10 AM,3028.1,10,30281.0,95109580.5
2025-08-01 09:30:11 AM,3028.1,1,3028.1,95112608.6
2025-08-01 09:30:17 AM,3027.9,40,121116.0,95233724.6
2025-08-01 09:30:18 AM,3027.8,18,54500.4,95288225.0
2025-08-01 09:30:19 AM,3027.8,14,42389.200000000004,95330614.2
2025-08-01 09:30:21 AM,3025.1,770,2329327.0,97659941.2
2025-08-01 09:30:24 AM,3026.7,1,3026.7,97662967.9
2025-08-01 09:30:26 AM,3025.2,7,21176.399999999998,97684144.30000001
2025-08-01 09:30:26 AM,3026.4,0,0.0,97684144.30000001
2025-08-01 09:30:27 AM,3026.4,9,27237.600000000002,97711381.9
2025-08-01 09:30:29 AM,3025.2,16,48403.2,97759785.10000001
2025-08-01 09:30:30 AM,3025.2,127,384200.39999999997,98143985.50000001
2025-08-01 09:30:31 AM,3025.2,26,78655.2,98222640.70000002
2025-08-01 09:30:31 AM,3025.0,98,296450.0,98519090.70000002
2025-08-01 09:30:33 AM,3025.0,6,18150.0,98537240.70000002
2025-08-01 09:30:39 AM,3025.0,149,450725.0,98987965.70000002
2025-08-01 09:30:45 AM,3026.8,50,151340.0,99139305.70000002
2025-08-01 09:30:56 AM,3027.0,20,60540.0,99199845.70000002
2025-08-01 09:30:59 AM,3025.8,0,0.0,99199845.70000002
2025-08-01 09:30:59 AM,3025.8,50,151290.0,99351135.70000002
2025-08-01 09:31:00 AM,3024.7,0,0.0,99351135.70000002
2025-08-01 09:31:00 AM,3024.7,66,199630.19999999998,99550765.90000002
2025-08-01 09:31:00 AM,3024.3,0,0.0,99550765.90000002
2025-08-01 09:31:00 AM,3024.3,1,3024.3,99553790.20000002
2025-08-01 09:31:01 AM,3021.3,0,0.0,99553790.20000002
2025-08-01 09:31:01 AM,3021.3,170,513621.00000000006,100067411.20000002
2025-08-01 09:31:01 AM,3021.5,0,0.0,100067411.20000002
2025-08-01 09:31:02 AM,3021.5,216,652644.0,100720055.20000002
2025-08-01 09:31:02 AM,3021.8,9,27196.2,100747251.40000002
2025-08-01 09:31:02 AM,3020.6,0,0.0,100747251.40000002
2025-08-01 09:31:03 AM,3020.6,97,292998.2,101040249.60000002
2025-08-01 09:31:09 AM,3023.1,3,9069.3,101049318.90000002
2025-08-01 09:31:11 AM,3023.9,3,9071.7,101058390.60000002
2025-08-01 09:31:15 AM,3022.0,20,60440.0,101118830.60000002
2025-08-01 09:31:19 AM,3023.1,25,75577.5,101194408.10000002
2025-08-01 09:31:23 AM,3024.9,0,0.0,101194408.10000002
2025-08-01 09:31:23 AM,3024.9,20,60498.0,101254906.10000002
2025-08-01 09:31:27 AM,3022.9,10,30229.0,101285135.10000002
2025-08-01 09:31:28 AM,3022.8,190,574332.0,101859467.10000002
2025-08-01 09:31:29 AM,3023.2,1,3023.2,101862490.30000003
2025-08-01 09:31:36 AM,3024.0,0,0.0,101862490.30000003
2025-08-01 09:31:37 AM,3024.0,7,21168.0,101883658.30000003
2025-08-01 09:31:38 AM,3024.0,13,39312.0,101922970.30000003
2025-08-01 09:31:40 AM,3023.1,124,374864.39999999997,102297834.70000003
2025-08-01 09:31:40 AM,3023.2,0,0.0,102297834.70000003
2025-08-01 09:31:41 AM,3023.2,19,57440.799999999996,102355275.50000003
2025-08-01 09:31:47 AM,3023.2,30,90696.0,102445971.50000003
2025-08-01 09:31:49 AM,3022.2,25,75555.0,102521526.50000003
2025-08-01 09:31:49 AM,3022.7,0,0.0,102521526.50000003
2025-08-01 09:31:49 AM,3022.7,20,60454.0,102581980.50000003
2025-08-01 09:31:51 AM,3022.7,127,383882.89999999997,102965863.40000004
2025-08-01 09:31:55 AM,3020.1,0,0.0,102965863.40000004
2025-08-01 09:31:55 AM,3020.1,392,1183879.2,104149742.60000004
2025-08-01 09:31:57 AM,3023.6,6,18141.6,104167884.20000003
2025-08-01 09:32:00 AM,3024.0,0,0.0,104167884.20000003
2025-08-01 09:32:00 AM,3024.0,258,780192.0,104948076.20000003
2025-08-01 09:32:03 AM,3025.0,0,0.0,104948076.20000003
2025-08-01 09:32:03 AM,3025.0,10,30250.0,104978326.20000003
2025-08-01 09:32:06 AM,3025.6,0,0.0,104978326.20000003
2025-08-01 09:32:07 AM,3025.6,3,9076.8,104987403.00000003
2025-08-01 09:32:16 AM,3026.5,0,0.0,104987403.00000003
2025-08-01 09:32:17 AM,3026.5,23,69609.5,105057012.50000003
2025-08-01 09:32:26 AM,3029.0,200,605800.0,105662812.50000003
2025-08-01 09:32:30 AM,3031.5,0,0.0,105662812.50000003
2025-08-01 09:32:31 AM,3031.5,8,24252.0,105687064.50000003
2025-08-01 09:32:33 AM,3033.1,1,3033.1,105690097.60000002
2025-08-01 09:32:34 AM,3034.2,0,0.0,105690097.60000002
2025-08-01 09:32:35 AM,3032.2,20,60644.0,105750741.60000002
2025-08-01 09:32:35 AM,3033.0,0,0.0,105750741.60000002
2025-08-01 09:32:36 AM,3033.0,70,212310.0,105963051.60000002
2025-08-01 09:32:37 AM,3032.0,20,60640.0,106023691.60000002
2025-08-01 09:32:38 AM,3032.0,233,706456.0,106730147.60000002
2025-08-01 09:32:40 AM,3028.4,0,0.0,106730147.60000002
2025-08-01 09:32:41 AM,3030.0,215,651450.0,107381597.60000002
2025-08-01 09:32:42 AM,3030.3,0,0.0,107381597.60000002
2025-08-01 09:32:43 AM,3030.3,30,90909.0,107472506.60000002
2025-08-01 09:32:44 AM,3030.2,1,3030.2,107475536.80000003
2025-08-01 09:32:47 AM,3032.4,0,0.0,107475536.80000003
2025-08-01 09:32:48 AM,3032.4,20,60648.0,107536184.80000003
2025-08-01 09:32:56 AM,3033.0,25,75825.0,107612009.80000003
2025-08-01 09:33:09 AM,3031.3,21,63657.3,107675667.10000002
2025-08-01 09:33:12 AM,3031.3,12,36375.600000000006,107712042.70000002
2025-08-01 09:33:13 AM,3029.2,0,0.0,107712042.70000002
2025-08-01 09:33:13 AM,3029.2,7,21204.399999999998,107733247.10000002
2025-08-01 09:33:16 AM,3031.3,10,30313.0,107763560.10000002
2025-08-01 09:33:18 AM,3030.2,0,0.0,107763560.10000002
2025-08-01 09:33:18 AM,3030.2,10,30302.0,107793862.10000002
2025-08-01 09:33:20 AM,3032.1,40,121284.0,107915146.10000002
2025-08-01 09:33:25 AM,3033.0,43,130419.0,108045565.10000002
2025-08-01 09:33:25 AM,3033.0,70,212310.0,108257875.10000002
2025-08-01 09:33:27 AM,3033.8,0,0.0,108257875.10000002
2025-08-01 09:33:27 AM,3033.8,2,6067.6,108263942.70000002
2025-08-01 09:33:35 AM,3033.8,43,130453.40000000001,108394396.10000002
2025-08-01 09:33:37 AM,3033.3,0,0.0,108394396.10000002
2025-08-01 09:33:37 AM,3033.3,1,3033.3,108397429.40000002
2025-08-01 09:33:40 AM,3034.7,161,488586.69999999995,108886016.10000002
2025-08-01 09:33:48 AM,3034.7,4,12138.8,108898154.90000002
2025-08-01 09:33:48 AM,3035.0,0,0.0,108898154.90000002
2025-08-01 09:33:48 AM,3035.0,62,188170.0,109086324.90000002
2025-08-01 09:33:50 AM,3034.7,0,0.0,109086324.90000002
2025-08-01 09:33:50 AM,3034.7,138,418788.6,109505113.50000001
2025-08-01 09:33:53 AM,3035.6,5,15178.0,109520291.50000001
2025-08-01 09:33:58 AM,3038.2,0,0.0,109520291.50000001
2025-08-01 09:33:59 AM,3038.2,1,3038.2,109523329.70000002
2025-08-01 09:34:01 AM,3037.5,0,0.0,109523329.70000002
2025-08-01 09:34:01 AM,3037.5,1,3037.5,109526367.20000002
2025-08-01 09:34:03 AM,3038.2,1,3038.2,109529405.40000002
2025-08-01 09:34:06 AM,3037.0,0,0.0,109529405.40000002
2025-08-01 09:34:06 AM,3037.0,7,21259.0,109550664.40000002
2025-08-01 09:34:14 AM,3037.0,12,36444.0,109587108.40000002
2025-08-01 09:34:20 AM,3036.9,76,230804.4,109817912.80000003
2025-08-01 09:34:20 AM,3036.0,0,0.0,109817912.80000003
2025-08-01 09:34:21 AM,3036.0,17,51612.0,109869524.80000003
2025-08-01 09:34:25 AM,3035.6,1,3035.6,109872560.40000002
2025-08-01 09:34:30 AM,3034.5,0,0.0,109872560.40000002
2025-08-01 09:34:30 AM,3034.5,36,109242.0,109981802.40000002
2025-08-01 09:34:41 AM,3034.5,92,279174.0,110260976.40000002
2025-08-01 09:34:54 AM,3031.6,0,0.0,110260976.40000002
2025-08-01 09:34:55 AM,3031.6,2,6063.2,110267039.60000002
2025-08-01 09:35:01 AM,3029.9,3,9089.7,110276129.30000003
2025-08-01 09:35:02 AM,3029.5,21,63619.5,110339748.80000003
2025-08-01 09:35:06 AM,3029.8,13,39387.4,110379136.20000003
2025-08-01 09:35:07 AM,3029.8,1,3029.8,110382166.00000003
2025-08-01 09:35:13 AM,3027.1,0,0.0,110382166.00000003
2025-08-01 09:35:14 AM,3028.2,109,330073.8,110712239.80000003
2025-08-01 09:35:16 AM,3028.2,2,6056.4,110718296.20000003
2025-08-01 09:35:16 AM,3028.0,0,0.0,110718296.20000003
2025-08-01 09:35:17 AM,3028.0,30,90840.0,110809136.20000003
2025-08-01 09:35:26 AM,3025.4,225,680715.0,111489851.20000003
2025-08-01 09:35:28 AM,3025.8,10,30258.0,111520109.20000003
2025-08-01 09:35:30 AM,3024.6,0,0.0,111520109.20000003
2025-08-01 09:35:31 AM,3024.6,23,69565.8,111589675.00000003
2025-08-01 09:35:35 AM,3024.7,0,0.0,111589675.00000003
2025-08-01 09:35:36 AM,3024.7,20,60494.0,111650169.00000003
2025-08-01 09:35:43 AM,3024.6,4,12098.4,111662267.40000004
2025-08-01 09:35:43 AM,3024.6,5,15123.0,111677390.40000004
2025-08-01 09:35:50 AM,3023.5,117,353749.5,112031139.90000004
2025-08-01 09:35:54 AM,3022.6,201,607542.6,112638682.50000003
2025-08-01 09:35:55 AM,3023.4,0,0.0,112638682.50000003
2025-08-01 09:35:55 AM,3023.4,2,6046.8,112644729.30000003
2025-08-01 09:36:02 AM,3022.0,15,45330.0,112690059.30000003
2025-08-01 09:36:03 AM,3023.4,0,0.0,112690059.30000003
2025-08-01 09:36:03 AM,3023.4,37,111865.8,112801925.10000002
2025-08-01 09:36:06 AM,3024.1,0,0.0,112801925.10000002
2025-08-01 09:36:06 AM,3024.1,1,3024.1,112804949.20000002
2025-08-01 09:36:13 AM,3024.1,100,302410.0,113107359.20000002
2025-08-01 09:36:13 AM,3022.7,0,0.0,113107359.20000002
2025-08-01 09:36:14 AM,3022.7,1,3022.7,113110381.90000002
2025-08-01 09:36:16 AM,3021.5,0,0.0,113110381.90000002
2025-08-01 09:36:17 AM,3021.5,100,302150.0,113412531.90000002
2025-08-01 09:36:18 AM,3022.0,5,15110.0,113427641.90000002
2025-08-01 09:36:18 AM,3022.2,13,39288.6,113466930.50000001
2025-08-01 09:36:29 AM,3023.0,0,0.0,113466930.50000001
2025-08-01 09:36:30 AM,3023.0,71,214633.0,113681563.50000001
2025-08-01 09:36:35 AM,3022.8,6,18136.800000000003,113699700.30000001
2025-08-01 09:36:35 AM,3023.4,0,0.0,113699700.30000001
2025-08-01 09:36:36 AM,3023.4,9,27210.600000000002,113726910.9
2025-08-01 09:36:41 AM,3024.5,0,0.0,113726910.9
2025-08-01 09:36:42 AM,3023.5,0,0.0,113726910.9
2025-08-01 09:36:42 AM,3023.5,263,795180.5,114522091.4
2025-08-01 09:36:46 AM,3025.7,0,0.0,114522091.4
2025-08-01 09:36:47 AM,3025.7,11,33282.7,114555374.10000001
2025-08-01 09:36:52 AM,3023.0,181,547163.0,115102537.10000001
2025-08-01 09:37:00 AM,3024.8,0,0.0,115102537.10000001
2025-08-01 09:37:01 AM,3024.8,1,3024.8,115105561.9
2025-08-01 09:37:11 AM,3022.2,0,0.0,115105561.9
2025-08-01 09:37:12 AM,3020.7,5,15103.5,115120665.4
2025-08-01 09:37:13 AM,3020.3,20,60406.0,115181071.4
2025-08-01 09:37:16 AM,3020.0,202,610040.0,115791111.4
2025-08-01 09:37:16 AM,3020.2,0,0.0,115791111.4
2025-08-01 09:37:17 AM,3020.2,14,42282.799999999996,115833394.2
2025-08-01 09:37:20 AM,3019.3,20,60386.0,115893780.2
2025-08-01 09:37:21 AM,3019.8,0,0.0,115893780.2
2025-08-01 09:37:22 AM,3019.8,1,3019.8,115896800.0
2025-08-01 09:37:22 AM,3017.7,0,0.0,115896800.0
2025-08-01 09:37:22 AM,3017.7,161,485849.69999999995,116382649.7
2025-08-01 09:37:24 AM,3015.4,0,0.0,116382649.7
2025-08-01 09:37:24 AM,3015.4,200,603080.0,116985729.7
2025-08-01 09:37:24 AM,3015.8,15,45237.0,117030966.7
2025-08-01 09:37:24 AM,3017.4,0,0.0,117030966.7
2025-08-01 09:37:25 AM,3017.4,1,3017.4,117033984.10000001
2025-08-01 09:37:26 AM,3018.8,0,0.0,117033984.10000001
2025-08-01 09:37:27 AM,3018.8,250,754700.0,117788684.10000001
2025-08-01 09:37:35 AM,3017.9,0,0.0,117788684.10000001
2025-08-01 09:37:35 AM,3017.9,29,87519.1,117876203.2
2025-08-01 09:37:43 AM,3020.2,0,0.0,117876203.2
2025-08-01 09:37:44 AM,3020.2,3,9060.599999999999,117885263.8
2025-08-01 09:37:53 AM,3018.6,0,0.0,117885263.8
2025-08-01 09:37:54 AM,3018.6,23,69427.8,117954691.6
2025-08-01 09:37:57 AM,3018.0,1,3018.0,117957709.6
2025-08-01 09:37:57 AM,3017.3,0,0.0,117957709.6
2025-08-01 09:37:58 AM,3017.3,200,603460.0,118561169.6
2025-08-01 09:38:03 AM,3018.0,0,0.0,118561169.6
2025-08-01 09:38:04 AM,3017.9,45,135805.5,118696975.1
2025-08-01 09:38:05 AM,3017.3,0,0.0,118696975.1
2025-08-01 09:38:06 AM,3017.3,228,687944.4,119384919.5
2025-08-01 09:38:07 AM,3016.2,0,0.0,119384919.5
2025-08-01 09:38:07 AM,3016.2,200,603240.0,119988159.5
2025-08-01 09:38:08 AM,3016.2,13,39210.6,120027370.1
2025-08-01 09:38:10 AM,3017.7,0,0.0,120027370.1
2025-08-01 09:38:11 AM,3017.7,20,60354.0,120087724.1
2025-08-01 09:38:12 AM,3016.2,7,21113.399999999998,120108837.5
2025-08-01 09:38:23 AM,3017.2,0,0.0,120108837.5
2025-08-01 09:38:23 AM,3017.2,10,30172.0,120139009.5
2025-08-01 09:38:27 AM,3016.2,50,150810.0,120289819.5
2025-08-01 09:38:35 AM,3017.2,11,33189.2,120323008.7
2025-08-01 09:38:42 AM,3017.2,8,24137.6,120347146.3
2025-08-01 09:38:42 AM,3017.3,2,6034.6,120353180.89999999
2025-08-01 09:38:43 AM,3017.3,5,15086.5,120368267.39999999
2025-08-01 09:38:43 AM,3017.2,0,0.0,120368267.39999999
2025-08-01 09:38:44 AM,3017.2,20,60344.0,120428611.39999999
2025-08-01 09:38:44 AM,3016.0,118,355888.0,120784499.39999999
2025-08-01 09:38:44 AM,3015.0,0,0.0,120784499.39999999
2025-08-01 09:38:45 AM,3015.0,46,138690.0,120923189.39999999
2025-08-01 09:38:46 AM,3016.2,0,0.0,120923189.39999999
2025-08-01 09:38:47 AM,3016.2,50,150810.0,121073999.39999999
2025-08-01 09:38:49 AM,3015.9,0,0.0,121073999.39999999
2025-08-01 09:38:50 AM,3015.9,4,12063.6,121086062.99999999
2025-08-01 09:38:54 AM,3015.1,16,48241.6,121134304.59999998
2025-08-01 09:39:00 AM,3016.3,16,48260.8,121182565.39999998
2025-08-01 09:39:11 AM,3015.9,1,3015.9,121185581.29999998
2025-08-01 09:39:13 AM,3016.6,13,39215.799999999996,121224797.09999998
2025-08-01 09:39:20 AM,3014.0,0,0.0,121224797.09999998
2025-08-01 09:39:21 AM,3013.7,565,1702740.5,122927537.59999998
2025-08-01 09:39:24 AM,3014.7,1,3014.7,122930552.29999998
2025-08-01 09:39:27 AM,3014.7,5,15073.5,122945625.79999998
2025-08-01 09:39:29 AM,3013.8,2,6027.6,122951653.39999998
2025-08-01 09:39:31 AM,3014.7,11,33161.7,122984815.09999998
2025-08-01 09:39:32 AM,3014.5,8,24116.0,123008931.09999998
2025-08-01 09:39:36 AM,3016.5,3,9049.5,123017980.59999998
2025-08-01 09:39:37 AM,3014.9,0,0.0,123017980.59999998
2025-08-01 09:39:38 AM,3014.9,20,60298.0,123078278.59999998
2025-08-01 09:39:39 AM,3016.5,3,9049.5,123087328.09999998
2025-08-01 09:39:44 AM,3016.5,4,12066.0,123099394.09999998
2025-08-01 09:39:48 AM,3016.5,55,165907.5,123265301.59999998
2025-08-01 09:40:03 AM,3017.0,6,18102.0,123283403.59999998
2025-08-01 09:40:08 AM,3018.6,131,395436.6,123678840.19999997
2025-08-01 09:40:09 AM,3018.0,0,0.0,123678840.19999997
2025-08-01 09:40:10 AM,3018.0,5,15090.0,123693930.19999997
2025-08-01 09:40:17 AM,3019.1,0,0.0,123693930.19999997
2025-08-01 09:40:17 AM,3019.1,20,60382.0,123754312.19999997
2025-08-01 09:40:20 AM,3020.1,0,0.0,123754312.19999997
2025-08-01 09:40:21 AM,3020.1,5,15100.5,123769412.69999997
2025-08-01 09:40:27 AM,3019.9,2,6039.8,123775452.49999997
2025-08-01 09:40:28 AM,3020.4,34,102693.6,123878146.09999996
2025-08-01 09:40:32 AM,3020.4,30,90612.0,123968758.09999996
2025-08-01 09:40:35 AM,3022.0,0,0.0,123968758.09999996
2025-08-01 09:40:36 AM,3022.0,15,45330.0,124014088.09999996
2025-08-01 09:40:37 AM,3020.8,0,0.0,124014088.09999996
2025-08-01 09:40:38 AM,3020.8,30,90624.0,124104712.09999996
2025-08-01 09:40:46 AM,3022.0,0,0.0,124104712.09999996
2025-08-01 09:40:47 AM,3022.0,2,6044.0,124110756.09999996
2025-08-01 09:41:01 AM,3025.8,50,151290.0,124262046.09999996
2025-08-01 09:41:04 AM,3027.9,0,0.0,124262046.09999996
2025-08-01 09:41:05 AM,3027.9,15,45418.5,124307464.59999996
2025-08-01 09:41:07 AM,3027.8,1,3027.8,124310492.39999996
2025-08-01 09:41:09 AM,3026.2,30,90786.0,124401278.39999996
2025-08-01 09:41:11 AM,3026.3,0,0.0,124401278.39999996
2025-08-01 09:41:11 AM,3026.3,149,450918.7,124852197.09999996
2025-08-01 09:41:19 AM,3023.9,0,0.0,124852197.09999996
2025-08-01 09:41:19 AM,3023.9,20,60478.0,124912675.09999996
2025-08-01 09:41:21 AM,3025.9,0,0.0,124912675.09999996
2025-08-01 09:41:21 AM,3025.9,25,75647.5,124988322.59999996
2025-08-01 09:41:30 AM,3025.3,1,3025.3,124991347.89999996
2025-08-01 09:41:34 AM,3025.2,0,0.0,124991347.89999996
2025-08-01 09:41:35 AM,3025.2,15,45378.0,125036725.89999996
2025-08-01 09:41:39 AM,3026.9,15,45403.5,125082129.39999996
2025-08-01 09:41:41 AM,3027.2,1,3027.2,125085156.59999996
2025-08-01 09:41:44 AM,3025.6,0,0.0,125085156.59999996
2025-08-01 09:41:45 AM,3025.6,1,3025.6,125088182.19999996
2025-08-01 09:41:56 AM,3026.3,1,3026.3,125091208.49999996
2025-08-01 09:42:03 AM,3025.2,9,27226.8,125118435.29999995
2025-08-01 09:42:04 AM,3025.2,3,9075.599999999999,125127510.89999995
2025-08-01 09:42:05 AM,3025.2,3,9075.599999999999,125136586.49999994
2025-08-01 09:42:16 AM,3025.9,5,15129.5,125151715.99999994
2025-08-01 09:42:17 AM,3025.9,1,3025.9,125154741.89999995
2025-08-01 09:42:18 AM,3025.9,4,12103.6,125166845.49999994
2025-08-01 09:42:49 AM,3026.9,200,605380.0,125772225.49999994
2025-08-01 09:42:54 AM,3026.7,15,45400.5,125817625.99999994
2025-08-01 09:42:57 AM,3026.0,0,0.0,125817625.99999994
2025-08-01 09:42:58 AM,3026.0,35,105910.0,125923535.99999994
2025-08-01 09:43:06 AM,3026.0,3,9078.0,125932613.99999994
2025-08-01 09:43:10 AM,3027.1,0,0.0,125932613.99999994
2025-08-01 09:43:11 AM,3027.1,3,9081.3,125941695.29999994
2025-08-01 09:43:14 AM,3027.0,4,12108.0,125953803.29999994
2025-08-01 09:43:19 AM,3025.8,2,6051.6,125959854.89999993
2025-08-01 09:43:20 AM,3025.7,52,157336.4,126117191.29999994
2025-08-01 09:43:29 AM,3025.8,1,3025.8,126120217.09999993
2025-08-01 09:43:30 AM,3026.0,0,0.0,126120217.09999993
2025-08-01 09:43:31 AM,3026.0,30,90780.0,126210997.09999993
2025-08-01 09:43:35 AM,3027.0,0,0.0,126210997.09999993
2025-08-01 09:43:36 AM,3027.0,1,3027.0,126214024.09999993
2025-08-01 09:43:40 AM,3020.2,0,0.0,126214024.09999993
2025-08-01 09:43:41 AM,3020.2,308,930221.6,127144245.69999993
2025-08-01 09:43:43 AM,3025.0,225,680625.0,127824870.69999993
2025-08-01 09:43:54 AM,3023.2,266,804171.2,128629041.89999993
2025-08-01 09:43:54 AM,3025.3,213,644388.9,129273430.79999994
2025-08-01 09:43:57 AM,3025.5,72,217836.0,129491266.79999994
2025-08-01 09:43:58 AM,3025.7,0,0.0,129491266.79999994
2025-08-01 09:43:59 AM,3025.7,1,3025.7,129494292.49999994
2025-08-01 09:44:07 AM,3025.4,100,302540.0,129796832.49999994
2025-08-01 09:44:55 AM,3021.7,0,0.0,129796832.49999994
2025-08-01 09:44:56 AM,3021.7,1,3021.7,129799854.19999994
2025-08-01 09:44:58 AM,3020.8,2,6041.6,129805895.79999994
2025-08-01 09:45:06 AM,3020.0,152,459040.0,130264935.79999994
2025-08-01 09:45:06 AM,3020.6,0,0.0,130264935.79999994
2025-08-01 09:45:07 AM,3020.6,5,15103.0,130280038.79999994
2025-08-01 09:45:09 AM,3020.3,1,3020.3,130283059.09999993
2025-08-01 09:45:12 AM,3020.5,2,6041.0,130289100.09999993
2025-08-01 09:45:12 AM,3020.9,0,0.0,130289100.09999993
2025-08-01 09:45:13 AM,3020.9,100,302090.0,130591190.09999993
2025-08-01 09:45:14 AM,3019.2,0,0.0,130591190.09999993
2025-08-01 09:45:15 AM,3019.2,2,6038.4,130597228.49999994
2025-08-01 09:45:18 AM,3020.4,1,3020.4,130600248.89999995
2025-08-01 09:45:26 AM,3020.4,1,3020.4,130603269.29999995
2025-08-01 09:45:32 AM,3020.3,0,0.0,130603269.29999995
2025-08-01 09:45:32 AM,3020.3,2,6040.6,130609309.89999995
2025-08-01 09:45:36 AM,3019.1,45,135859.5,130745169.39999995
2025-08-01 09:45:44 AM,3019.2,0,0.0,130745169.39999995
2025-08-01 09:45:45 AM,3019.2,3,9057.599999999999,130754226.99999994
2025-08-01 09:45:46 AM,3020.5,23,69471.5,130823698.49999994
2025-08-01 09:45:48 AM,3019.2,40,120768.0,130944466.49999994
2025-08-01 09:46:04 AM,3020.7,23,69476.09999999999,131013942.59999993
2025-08-01 09:46:09 AM,3019.8,1,3019.8,131016962.39999993
2025-08-01 09:46:14 AM,3019.7,6,18118.199999999997,131035080.59999993
2025-08-01 09:46:14 AM,3019.2,0,0.0,131035080.59999993
2025-08-01 09:46:15 AM,3019.2,24,72460.79999999999,131107541.39999993
2025-08-01 09:46:16 AM,3019.5,0,0.0,131107541.39999993
2025-08-01 09:46:17 AM,3019.5,9,27175.5,131134716.89999993
2025-08-01 09:46:19 AM,3019.0,0,0.0,131134716.89999993
2025-08-01 09:46:20 AM,3019.0,3,9057.0,131143773.89999993
2025-08-01 09:46:24 AM,3019.5,0,0.0,131143773.89999993
2025-08-01 09:46:25 AM,3019.5,1,3019.5,131146793.39999993
2025-08-01 09:46:25 AM,3019.5,5,15097.5,131161890.89999993
2025-08-01 09:46:31 AM,3016.2,255,769131.0,131931021.89999993
2025-08-01 09:46:36 AM,3017.2,8,24137.6,131955159.49999993
2025-08-01 09:46:44 AM,3016.3,0,0.0,131955159.49999993
2025-08-01 09:46:45 AM,3016.3,3,9048.900000000001,131964208.39999993
2025-08-01 09:46:50 AM,3016.3,36,108586.8,132072795.19999993
2025-08-01 09:47:00 AM,3016.0,100,301600.0,132374395.19999993
2025-08-01 09:47:05 AM,3016.1,0,0.0,132374395.19999993
2025-08-01 09:47:05 AM,3016.1,1,3016.1,132377411.29999992
2025-08-01 09:47:07 AM,3017.2,0,0.0,132377411.29999992
2025-08-01 09:47:08 AM,3017.2,5,15086.0,132392497.29999992
2025-08-01 09:47:14 AM,3016.1,2,6032.2,132398529.49999993
2025-08-01 09:47:17 AM,3017.2,0,0.0,132398529.49999993
2025-08-01 09:47:18 AM,3017.2,1,3017.2,132401546.69999993
2025-08-01 09:47:19 AM,3017.2,5,15086.0,132416632.69999993
2025-08-01 09:47:28 AM,3016.1,0,0.0,132416632.69999993
2025-08-01 09:47:29 AM,3016.1,1,3016.1,132419648.79999992
2025-08-01 09:47:30 AM,3016.0,0,0.0,132419648.79999992
2025-08-01 09:47:31 AM,3016.0,124,373984.0,132793632.79999992
2025-08-01 09:47:38 AM,3016.8,9,27151.2,132820783.99999993
2025-08-01 09:47:40 AM,3016.8,13,39218.4,132860002.39999993
2025-08-01 09:47:43 AM,3011.7,1965,5917990.5,138777992.89999992
2025-08-01 09:47:43 AM,3013.1,0,0.0,138777992.89999992
2025-08-01 09:47:44 AM,3013.9,0,0.0,138777992.89999992
2025-08-01 09:47:44 AM,3013.9,251,756488.9,139534481.79999992
2025-08-01 09:47:45 AM,3013.9,4,12055.6,139546537.39999992
2025-08-01 09:47:45 AM,3015.3,0,0.0,139546537.39999992
2025-08-01 09:47:46 AM,3015.3,213,642258.9,140188796.29999992
2025-08-01 09:47:47 AM,3016.0,200,603200.0,140791996.29999992
2025-08-01 09:47:47 AM,3016.8,1,3016.8,140795013.09999993
2025-08-01 09:47:48 AM,3017.8,89,268584.2,141063597.29999992
2025-08-01 09:47:51 AM,3017.8,346,1044158.8,142107756.09999993
2025-08-01 09:47:55 AM,3015.8,0,0.0,142107756.09999993
2025-08-01 09:47:55 AM,3015.8,191,576017.8,142683773.89999995
2025-08-01 09:48:04 AM,3016.5,3,9049.5,142692823.39999995
2025-08-01 09:48:14 AM,3016.6,0,0.0,142692823.39999995
2025-08-01 09:48:15 AM,3016.6,2,6033.2,142698856.59999993
2025-08-01 09:48:23 AM,3016.3,157,473559.10000000003,143172415.69999993
2025-08-01 09:48:29 AM,3018.8,0,0.0,143172415.69999993
2025-08-01 09:48:30 AM,3018.8,4,12075.2,143184490.89999992
2025-08-01 09:48:31 AM,3018.9,25,75472.5,143259963.39999992
2025-08-01 09:48:32 AM,3017.5,0,0.0,143259963.39999992
2025-08-01 09:48:32 AM,3019.0,107,323033.0,143582996.39999992
2025-08-01 09:48:34 AM,3019.0,2,6038.0,143589034.39999992
2025-08-01 09:48:35 AM,3019.9,37,111736.3,143700770.69999993
2025-08-01 09:48:37 AM,3019.8,0,0.0,143700770.69999993
2025-08-01 09:48:38 AM,3019.8,1,3019.8,143703790.49999994
2025-08-01 09:48:38 AM,3018.8,0,0.0,143703790.49999994
2025-08-01 09:48:39 AM,3018.8,11,33206.8,143736997.29999995
2025-08-01 09:48:45 AM,3018.8,3,9056.400000000001,143746053.69999996
2025-08-01 09:48:46 AM,3018.8,4,12075.2,143758128.89999995
2025-08-01 09:48:54 AM,3019.2,8,24153.6,143782282.49999994
2025-08-01 09:49:06 AM,3020.1,11,33221.1,143815503.59999993
2025-08-01 09:49:10 AM,3020.3,1,3020.3,143818523.89999995
2025-08-01 09:49:13 AM,3018.1,120,362172.0,144180695.89999995
2025-08-01 09:49:14 AM,3018.1,10,30181.0,144210876.89999995
2025-08-01 09:49:14 AM,3018.2,0,0.0,144210876.89999995
2025-08-01 09:49:15 AM,3018.2,3,9054.599999999999,144219931.49999994
2025-08-01 09:49:38 AM,3020.6,4,12082.4,144232013.89999995
2025-08-01 09:49:39 AM,3019.4,19,57368.6,144289382.49999994
2025-08-01 09:49:45 AM,3019.4,4,12077.6,144301460.09999993
2025-08-01 09:49:45 AM,3019.3,216,652168.8,144953628.89999995
2025-08-01 09:49:53 AM,3019.3,9,27173.7,144980802.59999993
2025-08-01 09:49:54 AM,3019.3,78,235505.40000000002,145216307.99999994
2025-08-01 09:49:56 AM,3019.3,8,24154.4,145240462.39999995
2025-08-01 09:49:58 AM,3019.3,23,69443.90000000001,145309906.29999995
2025-08-01 09:50:03 AM,3019.5,4,12078.0,145321984.29999995
2025-08-01 09:50:06 AM,3019.5,8,24156.0,145346140.29999995
2025-08-01 09:50:14 AM,3019.8,0,0.0,145346140.29999995
2025-08-01 09:50:15 AM,3019.8,2,6039.6,145352179.89999995
2025-08-01 09:50:18 AM,3020.8,0,0.0,145352179.89999995
2025-08-01 09:50:18 AM,3020.8,3,9062.400000000001,145361242.29999995
2025-08-01 09:50:19 AM,3021.0,4,12084.0,145373326.29999995
2025-08-01 09:50:26 AM,3021.3,0,0.0,145373326.29999995
2025-08-01 09:50:27 AM,3021.9,0,0.0,145373326.29999995
2025-08-01 09:50:27 AM,3021.7,54,163171.8,145536498.09999996
2025-08-01 09:50:27 AM,3021.7,2,6043.4,145542541.49999997
2025-08-01 09:50:34 AM,3022.0,0,0.0,145542541.49999997
2025-08-01 09:50:35 AM,3022.0,20,60440.0,145602981.49999997
2025-08-01 09:50:38 AM,3022.9,4,12091.6,145615073.09999996
2025-08-01 09:50:44 AM,3022.5,0,0.0,145615073.09999996
2025-08-01 09:50:45 AM,3022.5,1,3022.5,145618095.59999996
2025-08-01 09:50:49 AM,3022.4,3,9067.2,145627162.79999995
2025-08-01 09:51:05 AM,3022.6,0,0.0,145627162.79999995
2025-08-01 09:51:06 AM,3022.6,10,30226.0,145657388.79999995
2025-08-01 09:51:10 AM,3023.9,0,0.0,145657388.79999995
2025-08-01 09:51:12 AM,3023.9,39,117932.1,145775320.89999995
2025-08-01 09:51:18 AM,3023.9,2,6047.8,145781368.69999996
2025-08-01 09:51:24 AM,3025.5,10,30255.0,145811623.69999996
2025-08-01 09:51:26 AM,3025.6,0,0.0,145811623.69999996
2025-08-01 09:51:27 AM,3025.6,1,3025.6,145814649.29999995
2025-08-01 09:51:29 AM,3025.4,0,0.0,145814649.29999995
2025-08-01 09:51:31 AM,3025.4,10,30254.0,145844903.29999995
2025-08-01 09:51:33 AM,3023.7,103,311441.1,146156344.39999995
2025-08-01 09:51:45 AM,3021.1,0,0.0,146156344.39999995
2025-08-01 09:51:46 AM,3021.1,3,9063.3,146165407.69999996
2025-08-01 09:52:10 AM,3021.5,0,0.0,146165407.69999996
2025-08-01 09:52:10 AM,3022.5,71,214597.5,146380005.19999996
2025-08-01 09:52:14 AM,3020.7,0,0.0,146380005.19999996
2025-08-01 09:52:17 AM,3020.7,13,39269.1,146419274.29999995
2025-08-01 09:52:26 AM,3021.8,0,0.0,146419274.29999995
2025-08-01 09:52:26 AM,3020.4,55,166122.0,146585396.29999995
2025-08-01 09:52:47 AM,3020.4,3,9061.2,146594457.49999994
2025-08-01 09:52:50 AM,3020.4,1,3020.4,146597477.89999995
2025-08-01 09:52:53 AM,3020.4,21,63428.4,146660906.29999995
2025-08-01 09:52:56 AM,3020.7,0,0.0,146660906.29999995
2025-08-01 09:52:57 AM,3020.7,3,9062.099999999999,146669968.39999995
2025-08-01 09:53:02 AM,3021.3,8,24170.4,146694138.79999995
2025-08-01 09:53:03 AM,3022.2,26,78577.2,146772715.99999994
2025-08-01 09:53:15 AM,3019.7,0,0.0,146772715.99999994
2025-08-01 09:53:16 AM,3019.7,16,48315.2,146821031.19999993
2025-08-01 09:53:22 AM,3019.3,0,0.0,146821031.19999993
2025-08-01 09:53:23 AM,3019.3,1,3019.3,146824050.49999994
2025-08-01 09:53:28 AM,3019.0,0,0.0,146824050.49999994
2025-08-01 09:53:28 AM,3019.0,144,434736.0,147258786.49999994
2025-08-01 09:53:32 AM,3018.5,1,3018.5,147261804.99999994
2025-08-01 09:53:42 AM,3016.7,0,0.0,147261804.99999994
2025-08-01 09:53:43 AM,3016.7,7,21116.899999999998,147282921.89999995
2025-08-01 09:53:44 AM,3016.0,0,0.0,147282921.89999995
2025-08-01 09:53:45 AM,3016.0,4,12064.0,147294985.89999995
2025-08-01 09:53:47 AM,3016.7,0,0.0,147294985.89999995
2025-08-01 09:53:48 AM,3016.7,11,33183.7,147328169.59999993
2025-08-01 09:53:51 AM,3016.7,1,3016.7,147331186.29999992
2025-08-01 09:53:56 AM,3016.7,2,6033.4,147337219.69999993
2025-08-01 09:54:05 AM,3016.7,254,766241.7999999999,148103461.49999994
2025-08-01 09:54:15 AM,3016.4,0,0.0,148103461.49999994
2025-08-01 09:54:17 AM,3016.0,101,304616.0,148408077.49999994
2025-08-01 09:54:21 AM,3016.5,0,0.0,148408077.49999994
2025-08-01 09:54:24 AM,3016.6,6,18099.6,148426177.09999993
2025-08-01 09:54:27 AM,3016.1,0,0.0,148426177.09999993
2025-08-01 09:54:30 AM,3016.1,20,60322.0,148486499.09999993
2025-08-01 09:54:31 AM,3016.8,0,0.0,148486499.09999993
2025-08-01 09:54:36 AM,3016.8,8,24134.4,148510633.49999994
2025-08-01 09:54:46 AM,3015.7,0,0.0,148510633.49999994
2025-08-01 09:54:48 AM,3015.7,4,12062.8,148522696.29999995
2025-08-01 09:54:53 AM,3015.7,140,422198.0,148944894.29999995
2025-08-01 09:55:05 AM,3016.0,0,0.0,148944894.29999995
2025-08-01 09:55:06 AM,3016.0,15,45240.0,148990134.29999995
2025-08-01 09:55:16 AM,3015.8,50,150790.0,149140924.29999995
2025-08-01 09:55:17 AM,3015.8,3,9047.400000000001,149149971.69999996
2025-08-01 09:55:19 AM,3015.7,0,0.0,149149971.69999996
2025-08-01 09:55:20 AM,3015.7,3,9047.099999999999,149159018.79999995
2025-08-01 09:55:31 AM,3015.0,90,271350.0,149430368.79999995
2025-08-01 09:55:32 AM,3011.3,371,1117192.3,150547561.09999996
2025-08-01 09:55:33 AM,3010.0,22,66220.0,150613781.09999996
2025-08-01 09:55:34 AM,3010.1,56,168565.6,150782346.69999996
2025-08-01 09:55:35 AM,3010.0,6,18060.0,150800406.69999996
2025-08-01 09:55:36 AM,3010.0,15,45150.0,150845556.69999996
2025-08-01 09:55:37 AM,3010.0,25,75250.0,150920806.69999996
2025-08-01 09:55:38 AM,3010.0,3,9030.0,150929836.69999996
2025-08-01 09:55:39 AM,3010.1,1,3010.1,150932846.79999995
2025-08-01 09:55:40 AM,3010.0,26,78260.0,151011106.79999995
2025-08-01 09:55:40 AM,3010.0,9,27090.0,151038196.79999995
2025-08-01 09:55:41 AM,3009.1,4,12036.4,151050233.19999996
2025-08-01 09:55:43 AM,3009.1,1,3009.1,151053242.29999995
2025-08-01 09:55:43 AM,3010.1,0,0.0,151053242.29999995
2025-08-01 09:55:44 AM,3008.5,0,0.0,151053242.29999995
2025-08-01 09:55:44 AM,3008.5,18,54153.0,151107395.29999995
2025-08-01 09:55:45 AM,3007.4,0,0.0,151107395.29999995
2025-08-01 09:55:45 AM,3007.4,33,99244.2,151206639.49999994
2025-08-01 09:55:46 AM,3007.4,10,30074.0,151236713.49999994
2025-08-01 09:55:49 AM,3008.5,0,0.0,151236713.49999994
2025-08-01 09:55:49 AM,3008.5,112,336952.0,151573665.49999994
2025-08-01 09:55:50 AM,3008.8,0,0.0,151573665.49999994
2025-08-01 09:55:50 AM,3008.8,2,6017.6,151579683.09999993
2025-08-01 09:55:55 AM,3007.9,65,195513.5,151775196.59999993
2025-08-01 09:55:56 AM,3008.7,0,0.0,151775196.59999993
2025-08-01 09:55:56 AM,3008.7,10,30087.0,151805283.59999993
2025-08-01 09:55:57 AM,3008.0,0,0.0,151805283.59999993
2025-08-01 09:55:57 AM,3008.0,3,9024.0,151814307.59999993
2025-08-01 09:55:58 AM,3007.9,40,120316.0,151934623.59999993
2025-08-01 09:56:04 AM,3009.1,1,3009.1,151937632.69999993
2025-08-01 09:56:07 AM,3007.9,0,0.0,151937632.69999993
2025-08-01 09:56:07 AM,3007.9,10,30079.0,151967711.69999993
2025-08-01 09:56:07 AM,3007.8,68,204530.40000000002,152172242.09999993
2025-08-01 09:56:08 AM,3007.3,70,210511.0,152382753.09999993
2025-08-01 09:56:08 AM,3006.0,13,39078.0,152421831.09999993
2025-08-01 09:56:09 AM,3006.0,11,33066.0,152454897.09999993
2025-08-01 09:56:10 AM,3006.6,2,6013.2,152460910.29999992
2025-08-01 09:56:12 AM,3007.9,8,24063.2,152484973.4999999
2025-08-01 09:56:14 AM,3007.6,14,42106.4,152527079.89999992
2025-08-01 09:56:15 AM,3007.0,0,0.0,152527079.89999992
2025-08-01 09:56:15 AM,3007.0,25,75175.0,152602254.89999992
2025-08-01 09:56:15 AM,3007.0,3,9021.0,152611275.89999992
2025-08-01 09:56:18 AM,3007.0,100,300700.0,152911975.89999992
2025-08-01 09:56:19 AM,3007.0,15,45105.0,152957080.89999992
2025-08-01 09:56:20 AM,3005.9,1,3005.9,152960086.79999992
2025-08-01 09:56:21 AM,3005.6,0,0.0,152960086.79999992
2025-08-01 09:56:21 AM,3005.6,742,2230155.1999999997,155190241.9999999
2025-08-01 09:56:22 AM,3005.6,32,96179.2,155286421.1999999
2025-08-01 09:56:23 AM,3005.6,105,315588.0,155602009.1999999
2025-08-01 09:56:24 AM,3005.6,15,45084.0,155647093.1999999
2025-08-01 09:56:25 AM,3005.6,2,6011.2,155653104.3999999
2025-08-01 09:56:26 AM,3005.6,57,171319.19999999998,155824423.59999987
2025-08-01 09:56:26 AM,3005.6,800,2404480.0,158228903.59999987
2025-08-01 09:56:27 AM,3005.6,121,363677.6,158592581.19999987
2025-08-01 09:56:28 AM,3005.8,0,0.0,158592581.19999987
2025-08-01 09:56:28 AM,3005.8,1,3005.8,158595586.99999988
2025-08-01 09:56:28 AM,3005.6,18,54100.799999999996,158649687.7999999
2025-08-01 09:56:29 AM,3005.6,3,9016.8,158658704.5999999
2025-08-01 09:56:31 AM,3006.2,32,96198.4,158754902.9999999
2025-08-01 09:56:34 AM,3005.6,42,126235.2,158881138.1999999
2025-08-01 09:56:37 AM,3006.5,0,0.0,158881138.1999999
2025-08-01 09:56:37 AM,3006.5,10,30065.0,158911203.1999999
2025-08-01 09:56:38 AM,3005.6,0,0.0,158911203.1999999
2025-08-01 09:56:38 AM,3005.6,1,3005.6,158914208.7999999
2025-08-01 09:56:38 AM,3005.6,851,2557765.6,161471974.3999999
2025-08-01 09:56:39 AM,3005.6,406,1220273.5999999999,162692247.99999988
2025-08-01 09:56:40 AM,3005.6,70,210392.0,162902639.99999988
2025-08-01 09:56:40 AM,3005.6,10,30056.0,162932695.99999988
2025-08-01 09:56:41 AM,3005.6,3,9016.8,162941712.7999999
2025-08-01 09:56:42 AM,3005.5,0,0.0,162941712.7999999
2025-08-01 09:56:42 AM,3005.0,0,0.0,162941712.7999999
2025-08-01 09:56:42 AM,3005.0,266,799330.0,163741042.7999999
2025-08-01 09:56:43 AM,3005.6,0,0.0,163741042.7999999
2025-08-01 09:56:43 AM,3005.6,27,81151.2,163822193.99999988
2025-08-01 09:56:44 AM,3005.6,2,6011.2,163828205.19999987
2025-08-01 09:56:45 AM,3005.6,4,12022.4,163840227.59999987
2025-08-01 09:56:53 AM,3005.7,1,3005.7,163843233.29999986
2025-08-01 09:56:58 AM,3005.7,1,3005.7,163846238.99999985
2025-08-01 09:56:59 AM,3005.6,0,0.0,163846238.99999985
2025-08-01 09:56:59 AM,3005.6,1,3005.6,163849244.59999985
2025-08-01 09:56:59 AM,3007.6,366,1100781.5999999999,164950026.19999984
2025-08-01 09:57:00 AM,3008.2,0,0.0,164950026.19999984
2025-08-01 09:57:00 AM,3008.7,67,201582.9,165151609.09999985
2025-08-01 09:57:01 AM,3008.3,0,0.0,165151609.09999985
2025-08-01 09:57:01 AM,3008.3,31,93257.3,165244866.39999986
2025-08-01 09:57:01 AM,3006.9,0,0.0,165244866.39999986
2025-08-01 09:57:01 AM,3006.9,38,114262.2,165359128.59999985
2025-08-01 09:57:02 AM,3007.5,5,15037.5,165374166.09999985
2025-08-01 09:57:03 AM,3007.2,0,0.0,165374166.09999985
2025-08-01 09:57:03 AM,3007.2,3,9021.599999999999,165383187.69999984
2025-08-01 09:57:07 AM,3008.2,1,3008.2,165386195.89999983
2025-08-01 09:57:12 AM,3006.7,20,60134.0,165446329.89999983
2025-08-01 09:57:13 AM,3008.1,0,0.0,165446329.89999983
2025-08-01 09:57:13 AM,3008.1,1,3008.1,165449337.99999982
2025-08-01 09:57:15 AM,3008.1,2,6016.2,165455354.1999998
2025-08-01 09:57:16 AM,3008.1,1,3008.1,165458362.2999998
2025-08-01 09:57:18 AM,3008.1,8,24064.8,165482427.09999982
2025-08-01 09:57:18 AM,3008.0,3,9024.0,165491451.09999982
2025-08-01 09:57:19 AM,3008.9,0,0.0,165491451.09999982
2025-08-01 09:57:19 AM,3008.9,50,150445.0,165641896.09999982
2025-08-01 09:57:19 AM,3008.0,0,0.0,165641896.09999982
2025-08-01 09:57:19 AM,3008.0,7,21056.0,165662952.09999982
2025-08-01 09:57:20 AM,3007.6,0,0.0,165662952.09999982
2025-08-01 09:57:20 AM,3006.1,448,1346732.8,167009684.89999983
2025-08-01 09:57:21 AM,3006.0,0,0.0,167009684.89999983
2025-08-01 09:57:21 AM,3006.0,67,201402.0,167211086.89999983
2025-08-01 09:57:21 AM,3005.0,86,258430.0,167469516.89999983
2025-08-01 09:57:22 AM,3004.0,11,33044.0,167502560.89999983
2025-08-01 09:57:23 AM,3003.9,28,84109.2,167586670.09999982
2025-08-01 09:57:24 AM,3003.7,7,21025.899999999998,167607695.99999982
2025-08-01 09:57:25 AM,3006.0,100,300600.0,167908295.99999982
2025-08-01 09:57:26 AM,3004.1,6,18024.6,167926320.59999982
2025-08-01 09:57:27 AM,3004.1,6,18024.6,167944345.1999998
2025-08-01 09:57:27 AM,3003.9,4,12015.6,167956360.7999998
2025-08-01 09:57:28 AM,3003.5,0,0.0,167956360.7999998
2025-08-01 09:57:28 AM,3003.5,31,93108.5,168049469.2999998
2025-08-01 09:57:28 AM,3003.5,2,6007.0,168055476.2999998
2025-08-01 09:57:29 AM,3003.6,0,0.0,168055476.2999998
2025-08-01 09:57:29 AM,3003.6,2,6007.2,168061483.4999998
2025-08-01 09:57:35 AM,3003.5,11,33038.5,168094521.9999998
2025-08-01 09:57:42 AM,3003.5,25,75087.5,168169609.4999998
2025-08-01 09:57:43 AM,3003.5,4,12014.0,168181623.4999998
2025-08-01 09:57:45 AM,3003.5,3,9010.5,168190633.9999998
2025-08-01 09:57:46 AM,3005.4,0,0.0,168190633.9999998
2025-08-01 09:57:46 AM,3006.6,0,0.0,168190633.9999998
2025-08-01 09:57:46 AM,3006.6,508,1527352.8,169717986.7999998
2025-08-01 09:57:47 AM,3006.4,0,0.0,169717986.7999998
2025-08-01 09:57:47 AM,3006.4,13,39083.200000000004,169757069.9999998
2025-08-01 09:57:48 AM,3006.8,0,0.0,169757069.9999998
2025-08-01 09:57:48 AM,3006.8,37,111251.6,169868321.5999998
2025-08-01 09:57:49 AM,3008.0,5,15040.0,169883361.5999998
2025-08-01 09:57:49 AM,3007.0,1,3007.0,169886368.5999998
2025-08-01 09:57:54 AM,3006.9,36,108248.40000000001,169994616.9999998
2025-08-01 09:57:55 AM,3006.7,0,0.0,169994616.9999998
2025-08-01 09:57:55 AM,3006.7,5,15033.5,170009650.4999998
2025-08-01 09:57:56 AM,3006.7,1,3006.7,170012657.19999978
2025-08-01 09:58:12 AM,3006.7,23,69154.09999999999,170081811.29999977
2025-08-01 09:58:13 AM,3006.7,4,12026.8,170093838.0999998
2025-08-01 09:58:15 AM,3008.9,0,0.0,170093838.0999998
2025-08-01 09:58:15 AM,3008.9,203,610806.7000000001,170704644.79999977
2025-08-01 09:58:16 AM,3007.0,0,0.0,170704644.79999977
2025-08-01 09:58:16 AM,3007.0,2,6014.0,170710658.79999977
2025-08-01 09:58:17 AM,3006.8,0,0.0,170710658.79999977
2025-08-01 09:58:17 AM,3006.8,29,87197.20000000001,170797855.99999976
2025-08-01 09:58:17 AM,3006.8,3,9020.400000000001,170806876.39999977
2025-08-01 09:58:18 AM,3006.8,2,6013.6,170812889.99999976
2025-08-01 09:58:20 AM,3006.8,1,3006.8,170815896.79999977
2025-08-01 09:58:22 AM,3008.2,1,3008.2,170818904.99999976
2025-08-01 09:58:27 AM,3007.9,39,117308.1,170936213.09999976
2025-08-01 09:58:28 AM,3007.2,2,6014.4,170942227.49999976
2025-08-01 09:58:29 AM,3007.0,1,3007.0,170945234.49999976
2025-08-01 09:58:36 AM,3007.6,0,0.0,170945234.49999976
2025-08-01 09:58:36 AM,3007.6,1,3007.6,170948242.09999976
2025-08-01 09:58:44 AM,3007.3,143,430043.9,171378285.99999976
2025-08-01 09:58:45 AM,3007.0,1,3007.0,171381292.99999976
2025-08-01 09:58:46 AM,3006.2,14,42086.799999999996,171423379.79999977
2025-08-01 09:58:47 AM,3006.6,2,6013.2,171429392.99999976
2025-08-01 09:58:48 AM,3006.7,1,3006.7,171432399.69999975
2025-08-01 09:58:49 AM,3007.0,3,9021.0,171441420.69999975
2025-08-01 09:58:55 AM,3007.1,0,0.0,171441420.69999975
2025-08-01 09:58:55 AM,3007.1,5,15035.5,171456456.19999975
2025-08-01 09:58:55 AM,3007.1,17,51120.7,171507576.89999974
2025-08-01 09:58:56 AM,3006.0,0,0.0,171507576.89999974
2025-08-01 09:58:56 AM,3006.0,2,6012.0,171513588.89999974
2025-08-01 09:58:57 AM,3005.7,0,0.0,171513588.89999974
2025-08-01 09:58:57 AM,3005.7,2,6011.4,171519600.29999974
2025-08-01 09:58:59 AM,3005.7,5,15028.5,171534628.79999974
2025-08-01 09:58:59 AM,3005.7,1,3005.7,171537634.49999973
2025-08-01 09:59:07 AM,3005.7,7,21039.899999999998,171558674.39999974
2025-08-01 09:59:08 AM,3006.9,0,0.0,171558674.39999974
2025-08-01 09:59:08 AM,3006.9,37,111255.3,171669929.69999975
2025-08-01 09:59:08 AM,3005.7,5,15028.5,171684958.19999975
2025-08-01 09:59:09 AM,3005.7,1,3005.7,171687963.89999974
2025-08-01 09:59:15 AM,3005.7,2,6011.4,171693975.29999974
2025-08-01 09:59:22 AM,3007.0,0,0.0,171693975.29999974
2025-08-01 09:59:22 AM,3007.0,19,57133.0,171751108.29999974
2025-08-01 09:59:22 AM,3006.4,14,42089.6,171793197.89999974
2025-08-01 09:59:23 AM,3006.6,0,0.0,171793197.89999974
2025-08-01 09:59:23 AM,3006.6,5,15033.0,171808230.89999974
2025-08-01 09:59:24 AM,3006.6,1,3006.6,171811237.49999973
2025-08-01 09:59:27 AM,3007.0,3,9021.0,171820258.49999973
2025-08-01 09:59:28 AM,3007.0,2,6014.0,171826272.49999973
2025-08-01 09:59:34 AM,3007.0,9,27063.0,171853335.49999973
2025-08-01 09:59:35 AM,3007.0,1,3007.0,171856342.49999973
2025-08-01 09:59:37 AM,3008.0,0,0.0,171856342.49999973
2025-08-01 09:59:37 AM,3008.0,5,15040.0,171871382.49999973
2025-08-01 09:59:39 AM,3008.0,1,3008.0,171874390.49999973
2025-08-01 09:59:45 AM,3007.0,0,0.0,171874390.49999973
2025-08-01 09:59:45 AM,3007.1,7,21049.7,171895440.19999972
2025-08-01 09:59:47 AM,3007.1,2,6014.2,171901454.3999997
2025-08-01 09:59:48 AM,3007.1,1,3007.1,171904461.4999997
2025-08-01 09:59:55 AM,3000.0,6773,20319000.0,192223461.4999997
2025-08-01 09:59:56 AM,2998.0,0,0.0,192223461.4999997
2025-08-01 09:59:56 AM,2997.0,286,857142.0,193080603.4999997
2025-08-01 09:59:56 AM,2998.0,137,410726.0,193491329.4999997
2025-08-01 09:59:57 AM,2999.2,0,0.0,193491329.4999997
2025-08-01 09:59:57 AM,2999.8,30,89994.0,193581323.4999997
2025-08-01 09:59:57 AM,2999.6,98,293960.8,193875284.2999997
2025-08-01 09:59:58 AM,3000.0,3818,11454000.0,205329284.2999997
2025-08-01 09:59:58 AM,2999.9,3,8999.7,205338283.9999997
2025-08-01 10:00:00 AM,3000.0,4114,12342000.0,217680283.9999997
2025-08-01 10:00:00 AM,3001.9,127,381241.3,218061525.2999997
2025-08-01 10:00:02 AM,3001.7,0,0.0,218061525.2999997
2025-08-01 10:00:02 AM,3001.7,70,210119.0,218271644.2999997
2025-08-01 10:00:06 AM,3002.4,1,3002.4,218274646.69999972
2025-08-01 10:00:07 AM,3001.9,50,150095.0,218424741.69999972
2025-08-01 10:00:10 AM,3003.4,0,0.0,218424741.69999972
2025-08-01 10:00:10 AM,3003.4,2,6006.8,218430748.49999973
2025-08-01 10:00:13 AM,3003.6,0,0.0,218430748.49999973
2025-08-01 10:00:13 AM,3003.6,5,15018.0,218445766.49999973
2025-08-01 10:00:15 AM,3002.4,0,0.0,218445766.49999973
2025-08-01 10:00:15 AM,3002.4,2,6004.8,218451771.29999974
2025-08-01 10:00:15 AM,3002.4,2,6004.8,218457776.09999976
2025-08-01 10:00:31 AM,3002.5,0,0.0,218457776.09999976
2025-08-01 10:00:31 AM,3002.5,17,51042.5,218508818.59999976
2025-08-01 10:00:33 AM,3002.5,3,9007.5,218517826.09999976
2025-08-01 10:00:34 AM,3003.6,3,9010.8,218526836.89999977
2025-08-01 10:00:38 AM,3003.6,2,6007.2,218532844.09999976
2025-08-01 10:00:40 AM,3003.6,3,9010.8,218541854.89999977
2025-08-01 10:00:41 AM,3002.5,0,0.0,218541854.89999977
2025-08-01 10:00:41 AM,3002.5,113,339282.5,218881137.39999977
2025-08-01 10:00:44 AM,3002.5,3,9007.5,218890144.89999977
2025-08-01 10:00:46 AM,3002.5,24,72060.0,218962204.89999977
2025-08-01 10:00:47 AM,3003.1,0,0.0,218962204.89999977
2025-08-01 10:00:47 AM,3003.1,4,12012.4,218974217.29999977
2025-08-01 10:00:49 AM,3002.5,0,0.0,218974217.29999977
2025-08-01 10:00:49 AM,3002.5,5,15012.5,218989229.79999977
2025-08-01 10:00:50 AM,3003.2,22,66070.4,219055300.19999978
2025-08-01 10:00:58 AM,3003.2,100,300320.0,219355620.19999978
2025-08-01 10:00:59 AM,3003.6,0,0.0,219355620.19999978
2025-08-01 10:00:59 AM,3003.6,3,9010.8,219364630.9999998
2025-08-01 10:01:05 AM,3003.6,1,3003.6,219367634.5999998
2025-08-01 10:01:06 AM,3003.6,1,3003.6,219370638.19999978
2025-08-01 10:01:07 AM,3006.0,0,0.0,219370638.19999978
2025-08-01 10:01:07 AM,3006.0,73,219438.0,219590076.19999978
2025-08-01 10:01:15 AM,3007.7,0,0.0,219590076.19999978
2025-08-01 10:01:15 AM,3007.7,3,9023.099999999999,219599099.29999977
2025-08-01 10:01:27 AM,3010.0,36,108360.0,219707459.29999977
2025-08-01 10:01:30 AM,3010.2,92,276938.39999999997,219984397.69999978
2025-08-01 10:01:31 AM,3010.3,2,6020.6,219990418.29999977
2025-08-01 10:01:37 AM,3009.5,2,6019.0,219996437.29999977
2025-08-01 10:01:45 AM,3009.5,3,9028.5,220005465.79999977
2025-08-01 10:01:51 AM,3010.3,77,231793.1,220237258.89999977
2025-08-01 10:01:53 AM,3010.8,1,3010.8,220240269.69999978
2025-08-01 10:01:57 AM,3011.5,0,0.0,220240269.69999978
2025-08-01 10:01:57 AM,3011.5,134,403541.0,220643810.69999978
2025-08-01 10:02:00 AM,3011.9,3,9035.7,220652846.39999977
2025-08-01 10:02:05 AM,3011.9,4,12047.6,220664893.99999976
2025-08-01 10:02:10 AM,3013.5,21,63283.5,220728177.49999976
2025-08-01 10:02:12 AM,3013.7,0,0.0,220728177.49999976
2025-08-01 10:02:12 AM,3013.7,1,3013.7,220731191.19999975
2025-08-01 10:02:15 AM,3012.7,0,0.0,220731191.19999975
2025-08-01 10:02:15 AM,3012.7,2,6025.4,220737216.59999976
2025-08-01 10:02:23 AM,3014.3,33,99471.90000000001,220836688.49999976
2025-08-01 10:02:30 AM,3014.0,50,150700.0,220987388.49999976
2025-08-01 10:02:36 AM,3014.1,2,6028.2,220993416.69999975
2025-08-01 10:02:37 AM,3014.6,2,6029.2,220999445.89999974
2025-08-01 10:02:45 AM,3014.1,0,0.0,220999445.89999974
2025-08-01 10:02:45 AM,3014.1,4,12056.4,221011502.29999974
2025-08-01 10:02:46 AM,3014.1,20,60282.0,221071784.29999974
2025-08-01 10:02:56 AM,3014.6,0,0.0,221071784.29999974
2025-08-01 10:02:56 AM,3014.6,10,30146.0,221101930.29999974
2025-08-01 10:03:08 AM,3014.1,328,988624.7999999999,222090555.09999976
2025-08-01 10:03:09 AM,3013.4,1,3013.4,222093568.49999976
2025-08-01 10:03:14 AM,3013.5,6,18081.0,222111649.49999976
2025-08-01 10:03:15 AM,3013.5,2,6027.0,222117676.49999976
2025-08-01 10:03:23 AM,3015.0,32,96480.0,222214156.49999976
2025-08-01 10:03:24 AM,3015.9,4,12063.6,222226220.09999976
2025-08-01 10:03:25 AM,3016.9,79,238335.1,222464555.19999975
2025-08-01 10:03:26 AM,3014.9,0,0.0,222464555.19999975
2025-08-01 10:03:26 AM,3014.9,73,220087.7,222684642.89999974
2025-08-01 10:03:32 AM,3013.8,3,9041.400000000001,222693684.29999974
2025-08-01 10:03:33 AM,3012.2,0,0.0,222693684.29999974
2025-08-01 10:03:33 AM,3012.2,2,6024.4,222699708.69999975
2025-08-01 10:03:36 AM,3014.2,0,0.0,222699708.69999975
2025-08-01 10:03:36 AM,3014.2,142,428016.39999999997,223127725.09999976
2025-08-01 10:03:45 AM,3012.7,0,0.0,223127725.09999976
2025-08-01 10:03:45 AM,3012.7,3,9038.099999999999,223136763.19999975
2025-08-01 10:03:50 AM,3010.5,0,0.0,223136763.19999975
2025-08-01 10:03:50 AM,3010.5,460,1384830.0,224521593.19999975
2025-08-01 10:03:54 AM,3009.0,4,12036.0,224533629.19999975
2025-08-01 10:03:56 AM,3009.0,6,18054.0,224551683.19999975
2025-08-01 10:04:00 AM,3008.4,0,0.0,224551683.19999975
2025-08-01 10:04:00 AM,3008.4,12,36100.8,224587783.99999976
2025-08-01 10:04:01 AM,3008.4,2,6016.8,224593800.79999977
2025-08-01 10:04:04 AM,3007.8,86,258670.80000000002,224852471.5999998
2025-08-01 10:04:07 AM,3007.0,1,3007.0,224855478.5999998
2025-08-01 10:04:09 AM,3007.0,19,57133.0,224912611.5999998
2025-08-01 10:04:10 AM,3007.0,88,264616.0,225177227.5999998
2025-08-01 10:04:12 AM,3007.6,5,15038.0,225192265.5999998
2025-08-01 10:04:15 AM,3007.5,0,0.0,225192265.5999998
2025-08-01 10:04:15 AM,3007.5,3,9022.5,225201288.0999998
2025-08-01 10:04:19 AM,3007.7,59,177454.3,225378742.3999998
2025-08-01 10:04:21 AM,3007.6,20,60152.0,225438894.3999998
2025-08-01 10:04:22 AM,3008.9,5,15044.5,225453938.8999998
2025-08-01 10:04:24 AM,3007.5,26,78195.0,225532133.8999998
2025-08-01 10:04:28 AM,3007.9,0,0.0,225532133.8999998
2025-08-01 10:04:28 AM,3007.9,1,3007.9,225535141.7999998
2025-08-01 10:04:30 AM,3006.2,0,0.0,225535141.7999998
2025-08-01 10:04:30 AM,3006.2,17,51105.399999999994,225586247.1999998
2025-08-01 10:04:32 AM,3007.9,0,0.0,225586247.1999998
2025-08-01 10:04:32 AM,3007.9,218,655722.2000000001,226241969.3999998
2025-08-01 10:04:32 AM,3007.2,1,3007.2,226244976.5999998
2025-08-01 10:04:33 AM,3008.6,30,90258.0,226335234.5999998
2025-08-01 10:04:37 AM,3008.6,1,3008.6,226338243.19999978
2025-08-01 10:04:39 AM,3007.5,5,15037.5,226353280.69999978
2025-08-01 10:04:41 AM,3007.5,30,90225.0,226443505.69999978
2025-08-01 10:04:44 AM,3007.4,3,9022.2,226452527.89999977
2025-08-01 10:04:45 AM,3007.4,25,75185.0,226527712.89999977
2025-08-01 10:04:46 AM,3007.5,58,174435.0,226702147.89999977
2025-08-01 10:04:54 AM,3007.7,0,0.0,226702147.89999977
2025-08-01 10:04:54 AM,3007.7,1,3007.7,226705155.59999976
2025-08-01 10:04:55 AM,3007.6,0,0.0,226705155.59999976
2025-08-01 10:04:55 AM,3007.6,15,45114.0,226750269.59999976
2025-08-01 10:04:57 AM,3008.9,0,0.0,226750269.59999976
2025-08-01 10:04:57 AM,3008.9,1,3008.9,226753278.49999976
2025-08-01 10:04:59 AM,3007.6,50,150380.0,226903658.49999976
2025-08-01 10:05:00 AM,3007.6,5,15038.0,226918696.49999976
2025-08-01 10:05:04 AM,3007.6,29,87220.4,227005916.89999977
2025-08-01 10:05:09 AM,3007.6,5,15038.0,227020954.89999977
2025-08-01 10:05:10 AM,3007.5,0,0.0,227020954.89999977
2025-08-01 10:05:10 AM,3007.5,33,99247.5,227120202.39999977
2025-08-01 10:05:14 AM,3007.5,12,36090.0,227156292.39999977
2025-08-01 10:05:15 AM,3008.1,0,0.0,227156292.39999977
2025-08-01 10:05:15 AM,3008.1,287,863324.7,228019617.09999976
2025-08-01 10:05:19 AM,3008.1,92,276745.2,228296362.29999974
2025-08-01 10:05:21 AM,3006.7,22,66147.4,228362509.69999975
2025-08-01 10:05:23 AM,3006.5,21,63136.5,228425646.19999975
2025-08-01 10:05:29 AM,3007.8,0,0.0,228425646.19999975
2025-08-01 10:05:29 AM,3007.8,1,3007.8,228428653.99999976
2025-08-01 10:05:30 AM,3006.7,0,0.0,228428653.99999976
2025-08-01 10:05:30 AM,3006.7,26,78174.2,228506828.19999975
2025-08-01 10:05:32 AM,3006.7,12,36080.399999999994,228542908.59999976
2025-08-01 10:05:32 AM,3006.7,4,12026.8,228554935.39999977
2025-08-01 10:05:34 AM,3006.5,16,48104.0,228603039.39999977
2025-08-01 10:05:37 AM,3006.7,1,3006.7,228606046.09999976
2025-08-01 10:05:40 AM,3006.3,16,48100.8,228654146.89999977
2025-08-01 10:05:44 AM,3006.0,6,18036.0,228672182.89999977
2025-08-01 10:05:45 AM,3005.5,0,0.0,228672182.89999977
2025-08-01 10:05:45 AM,3005.5,4,12022.0,228684204.89999977
2025-08-01 10:05:50 AM,3005.5,94,282517.0,228966721.89999977
2025-08-01 10:05:59 AM,3005.5,83,249456.5,229216178.39999977
2025-08-01 10:06:01 AM,3005.5,97,291533.5,229507711.89999977
2025-08-01 10:06:09 AM,3004.5,5,15022.5,229522734.39999977
2025-08-01 10:06:14 AM,3003.5,13,39045.5,229561779.89999977
2025-08-01 10:06:15 AM,3002.7,0,0.0,229561779.89999977
2025-08-01 10:06:15 AM,3002.7,7,21018.899999999998,229582798.79999977
2025-08-01 10:06:16 AM,3002.7,14,42037.799999999996,229624836.5999998
2025-08-01 10:06:20 AM,3003.4,0,0.0,229624836.5999998
2025-08-01 10:06:20 AM,3003.4,112,336380.8,229961217.3999998
2025-08-01 10:06:21 AM,3003.5,0,0.0,229961217.3999998
2025-08-01 10:06:21 AM,3003.5,1,3003.5,229964220.8999998
2025-08-01 10:06:26 AM,3003.6,3,9010.8,229973231.6999998
2025-08-01 10:06:28 AM,3003.5,0,0.0,229973231.6999998
2025-08-01 10:06:28 AM,3003.5,50,150175.0,230123406.6999998
2025-08-01 10:06:29 AM,3003.5,28,84098.0,230207504.6999998
2025-08-01 10:06:30 AM,3005.1,200,601020.0,230808524.6999998
2025-08-01 10:06:36 AM,3005.1,15,45076.5,230853601.1999998
2025-08-01 10:06:40 AM,3003.8,0,0.0,230853601.1999998
2025-08-01 10:06:40 AM,3003.8,44,132167.2,230985768.3999998
2025-08-01 10:06:45 AM,3003.5,0,0.0,230985768.3999998
2025-08-01 10:06:45 AM,3003.8,17,51064.600000000006,231036832.9999998
2025-08-01 10:06:47 AM,3003.8,30,90114.0,231126946.9999998
2025-08-01 10:06:50 AM,3003.6,0,0.0,231126946.9999998
2025-08-01 10:06:50 AM,3003.6,6,18021.6,231144968.5999998
2025-08-01 10:06:53 AM,3003.8,0,0.0,231144968.5999998
2025-08-01 10:06:53 AM,3003.8,56,168212.80000000002,231313181.3999998
2025-08-01 10:06:56 AM,3005.0,0,0.0,231313181.3999998
2025-08-01 10:06:56 AM,3005.0,1,3005.0,231316186.3999998
2025-08-01 10:06:59 AM,3004.1,17,51069.7,231367256.0999998
2025-08-01 10:07:00 AM,3004.1,3,9012.3,231376268.3999998
2025-08-01 10:07:01 AM,3003.6,0,0.0,231376268.3999998
2025-08-01 10:07:01 AM,3003.6,13,39046.799999999996,231415315.1999998
2025-08-01 10:07:04 AM,3003.6,3,9010.8,231424325.99999982
2025-08-01 10:07:07 AM,3003.5,19,57066.5,231481392.49999982
2025-08-01 10:07:08 AM,3003.6,0,0.0,231481392.49999982
2025-08-01 10:07:08 AM,3003.5,0,0.0,231481392.49999982
2025-08-01 10:07:08 AM,3003.5,47,141164.5,231622556.99999982
2025-08-01 10:07:09 AM,3003.5,7,21024.5,231643581.49999982
2025-08-01 10:07:15 AM,3003.2,0,0.0,231643581.49999982
2025-08-01 10:07:15 AM,3003.2,71,213227.19999999998,231856808.6999998
2025-08-01 10:07:18 AM,3003.5,0,0.0,231856808.6999998
2025-08-01 10:07:18 AM,3003.5,7,21024.5,231877833.1999998
2025-08-01 10:07:18 AM,3003.5,7,21024.5,231898857.6999998
2025-08-01 10:07:19 AM,3006.0,0,0.0,231898857.6999998
2025-08-01 10:07:19 AM,3006.0,146,438876.0,232337733.6999998
2025-08-01 10:07:23 AM,3004.5,0,0.0,232337733.6999998
2025-08-01 10:07:23 AM,3004.5,10,30045.0,232367778.6999998
2025-08-01 10:07:24 AM,3003.9,10,30039.0,232397817.6999998
2025-08-01 10:07:25 AM,3004.3,0,0.0,232397817.6999998
2025-08-01 10:07:25 AM,3004.3,8,24034.4,232421852.09999982
2025-08-01 10:07:29 AM,3004.6,54,162248.4,232584100.49999982
2025-08-01 10:07:31 AM,3004.6,10,30046.0,232614146.49999982
2025-08-01 10:07:39 AM,3004.7,58,174272.59999999998,232788419.09999982
2025-08-01 10:07:42 AM,3004.5,79,237355.5,233025774.59999982
2025-08-01 10:07:44 AM,3005.0,100,300500.0,233326274.59999982
2025-08-01 10:07:50 AM,3004.6,0,0.0,233326274.59999982
2025-08-01 10:07:50 AM,3004.6,2,6009.2,233332283.7999998
2025-08-01 10:07:54 AM,3003.1,5,15015.5,233347299.2999998
2025-08-01 10:07:55 AM,3003.0,0,0.0,233347299.2999998
2025-08-01 10:07:55 AM,3003.0,3,9009.0,233356308.2999998
2025-08-01 10:07:58 AM,3003.1,13,39040.299999999996,233395348.59999982
2025-08-01 10:07:59 AM,3003.1,5,15015.5,233410364.09999982
2025-08-01 10:07:59 AM,3003.0,2,6006.0,233416370.09999982
2025-08-01 10:08:04 AM,3003.1,0,0.0,233416370.09999982
2025-08-01 10:08:04 AM,3003.1,104,312322.39999999997,233728692.49999982
2025-08-01 10:08:09 AM,3003.3,57,171188.1,233899880.59999982
2025-08-01 10:08:13 AM,3003.6,4,12014.4,233911894.99999982
2025-08-01 10:08:15 AM,3003.4,0,0.0,233911894.99999982
2025-08-01 10:08:15 AM,3003.4,2,6006.8,233917901.79999983
2025-08-01 10:08:16 AM,3004.7,0,0.0,233917901.79999983
2025-08-01 10:08:16 AM,3004.7,5,15023.5,233932925.29999983
2025-08-01 10:08:19 AM,3003.7,9,27033.3,233959958.59999985
2025-08-01 10:08:24 AM,3003.7,7,21025.899999999998,233980984.49999985
2025-08-01 10:08:24 AM,3003.4,1,3003.4,233983987.89999986
2025-08-01 10:08:25 AM,3003.4,1,3003.4,233986991.29999986
2025-08-01 10:08:26 AM,3004.7,100,300470.0,234287461.29999986
2025-08-01 10:08:30 AM,3006.0,8,24048.0,234311509.29999986
2025-08-01 10:08:36 AM,3006.0,50,150300.0,234461809.29999986
2025-08-01 10:08:37 AM,3006.0,59,177354.0,234639163.29999986
2025-08-01 10:08:38 AM,3006.1,12,36073.2,234675236.49999985
2025-08-01 10:08:45 AM,3006.1,4,12024.4,234687260.89999986
2025-08-01 10:08:48 AM,3006.6,43,129283.8,234816544.69999987
2025-08-01 10:08:49 AM,3006.1,20,60122.0,234876666.69999987
2025-08-01 10:08:50 AM,3006.0,0,0.0,234876666.69999987
2025-08-01 10:08:50 AM,3006.0,80,240480.0,235117146.69999987
2025-08-01 10:08:50 AM,3007.6,336,1010553.6,236127700.29999986
2025-08-01 10:08:56 AM,3006.7,1,3006.7,236130706.99999985
2025-08-01 10:09:00 AM,3005.9,0,0.0,236130706.99999985
2025-08-01 10:09:00 AM,3005.9,58,174342.2,236305049.19999984
2025-08-01 10:09:02 AM,3007.3,8,24058.4,236329107.59999985
2025-08-01 10:09:07 AM,3008.2,8,24065.6,236353173.19999984
2025-08-01 10:09:10 AM,3007.0,0,0.0,236353173.19999984
2025-08-01 10:09:10 AM,3007.0,49,147343.0,236500516.19999984
2025-08-01 10:09:15 AM,3008.0,0,0.0,236500516.19999984
2025-08-01 10:09:15 AM,3008.0,2,6016.0,236506532.19999984
2025-08-01 10:09:16 AM,3008.4,15,45126.0,236551658.19999984
2025-08-01 10:09:17 AM,3008.5,47,141399.5,236693057.69999984
2025-08-01 10:09:18 AM,3006.7,86,258576.19999999998,236951633.89999983
2025-08-01 10:09:23 AM,3006.5,0,0.0,236951633.89999983
2025-08-01 10:09:23 AM,3006.5,17,51110.5,237002744.39999983
2025-08-01 10:09:28 AM,3006.0,0,0.0,237002744.39999983
2025-08-01 10:09:28 AM,3006.0,6,18036.0,237020780.39999983
2025-08-01 10:09:29 AM,3006.0,57,171342.0,237192122.39999983
2025-08-01 10:09:30 AM,3007.2,4,12028.8,237204151.19999984
2025-08-01 10:09:37 AM,3007.2,7,21050.399999999998,237225201.59999985
2025-08-01 10:09:38 AM,3007.2,8,24057.6,237249259.19999984
2025-08-01 10:09:40 AM,3006.5,0,0.0,237249259.19999984
2025-08-01 10:09:40 AM,3006.5,1,3006.5,237252265.69999984
2025-08-01 10:09:42 AM,3006.5,1,3006.5,237255272.19999984
2025-08-01 10:09:43 AM,3006.0,0,0.0,237255272.19999984
2025-08-01 10:09:43 AM,3006.0,1,3006.0,237258278.19999984
2025-08-01 10:09:44 AM,3005.9,0,0.0,237258278.19999984
2025-08-01 10:09:44 AM,3005.2,0,0.0,237258278.19999984
2025-08-01 10:09:44 AM,3005.2,315,946638.0,238204916.19999984
2025-08-01 10:09:45 AM,3004.8,0,0.0,238204916.19999984
2025-08-01 10:09:45 AM,3004.8,8,24038.4,238228954.59999985
2025-08-01 10:09:49 AM,3004.1,100,300410.0,238529364.59999985
2025-08-01 10:09:50 AM,3004.2,0,0.0,238529364.59999985
2025-08-01 10:09:50 AM,3005.6,19,57106.4,238586470.99999985
2025-08-01 10:09:59 AM,3005.0,25,75125.0,238661595.99999985
2025-08-01 10:10:04 AM,3004.2,24,72100.79999999999,238733696.79999986
2025-08-01 10:10:05 AM,3004.2,4,12016.8,238745713.59999987
2025-08-01 10:10:08 AM,3004.1,0,0.0,238745713.59999987
2025-08-01 10:10:08 AM,3004.1,1,3004.1,238748717.69999987
2025-08-01 10:10:09 AM,3004.1,49,147200.9,238895918.59999987
2025-08-01 10:10:11 AM,3004.1,15,45061.5,238940980.09999987
2025-08-01 10:10:13 AM,3005.0,15,45075.0,238986055.09999987
2025-08-01 10:10:14 AM,3005.0,18,54090.0,239040145.09999987
2025-08-01 10:10:15 AM,3004.8,0,0.0,239040145.09999987
2025-08-01 10:10:15 AM,3004.8,3,9014.400000000001,239049159.49999988
2025-08-01 10:10:19 AM,3004.6,43,129197.8,239178357.2999999
2025-08-01 10:10:22 AM,3005.3,0,0.0,239178357.2999999
2025-08-01 10:10:22 AM,3005.3,1,3005.3,239181362.5999999
2025-08-01 10:10:28 AM,3005.4,136,408734.4,239590096.9999999
2025-08-01 10:10:29 AM,3006.2,3,9018.599999999999,239599115.5999999
2025-08-01 10:10:30 AM,3006.0,0,0.0,239599115.5999999
2025-08-01 10:10:30 AM,3006.0,14,42084.0,239641199.5999999
2025-08-01 10:10:31 AM,3006.2,0,0.0,239641199.5999999
2025-08-01 10:10:31 AM,3006.2,13,39080.6,239680280.1999999
2025-08-01 10:10:39 AM,3005.4,58,174313.2,239854593.3999999
2025-08-01 10:10:45 AM,3005.4,3,9016.2,239863609.59999987
2025-08-01 10:10:45 AM,3005.6,43,129240.8,239992850.3999999
2025-08-01 10:10:47 AM,3005.6,8,24044.8,240016895.1999999
2025-08-01 10:10:48 AM,3005.6,37,111207.2,240128102.3999999
2025-08-01 10:10:59 AM,3005.5,6,18033.0,240146135.3999999
2025-08-01 10:11:01 AM,3007.2,0,0.0,240146135.3999999
2025-08-01 10:11:01 AM,3007.2,200,601440.0,240747575.3999999
2025-08-01 10:11:09 AM,3006.5,55,165357.5,240912932.8999999
2025-08-01 10:11:10 AM,3006.5,2,6013.0,240918945.8999999
2025-08-01 10:11:15 AM,3006.8,0,0.0,240918945.8999999
2025-08-01 10:11:15 AM,3006.8,2,6013.6,240924959.49999988
2025-08-01 10:11:19 AM,3006.8,6,18040.800000000003,240943000.2999999
2025-08-01 10:11:20 AM,3007.6,55,165418.0,241108418.2999999
2025-08-01 10:11:20 AM,3008.0,65,195520.0,241303938.2999999
2025-08-01 10:11:26 AM,3008.6,64,192550.4,241496488.6999999
2025-08-01 10:11:40 AM,3007.7,0,0.0,241496488.6999999
2025-08-01 10:11:40 AM,3007.7,152,457170.39999999997,241953659.0999999
2025-08-01 10:11:44 AM,3008.5,4,12034.0,241965693.0999999
2025-08-01 10:11:45 AM,3006.7,0,0.0,241965693.0999999
2025-08-01 10:11:45 AM,3006.7,4,12026.8,241977719.89999992
2025-08-01 10:11:56 AM,3011.4,191,575177.4,242552897.29999992
2025-08-01 10:12:00 AM,3011.4,2,6022.8,242558920.09999993
2025-08-01 10:12:01 AM,3011.4,10,30114.0,242589034.09999993
2025-08-01 10:12:15 AM,3011.3,0,0.0,242589034.09999993
2025-08-01 10:12:15 AM,3011.3,2,6022.6,242595056.69999993
2025-08-01 10:12:17 AM,3011.4,0,0.0,242595056.69999993
2025-08-01 10:12:17 AM,3011.4,10,30114.0,242625170.69999993
2025-08-01 10:12:25 AM,3012.7,0,0.0,242625170.69999993
2025-08-01 10:12:25 AM,3012.7,28,84355.59999999999,242709526.29999992
2025-08-01 10:12:31 AM,3015.3,0,0.0,242709526.29999992
2025-08-01 10:12:31 AM,3015.3,91,274392.3,242983918.59999993
2025-08-01 10:12:32 AM,3016.0,0,0.0,242983918.59999993
2025-08-01 10:12:32 AM,3017.4,0,0.0,242983918.59999993
2025-08-01 10:12:32 AM,3017.4,19,57330.6,243041249.19999993
2025-08-01 10:12:32 AM,3017.6,151,455657.6,243496906.79999992
2025-08-01 10:12:44 AM,3017.3,23,69397.90000000001,243566304.69999993
2025-08-01 10:12:45 AM,3017.3,3,9051.900000000001,243575356.59999993
2025-08-01 10:12:50 AM,3017.6,50,150880.0,243726236.59999993
2025-08-01 10:12:53 AM,3016.0,202,609232.0,244335468.59999993
2025-08-01 10:13:03 AM,3015.0,10,30150.0,244365618.59999993
2025-08-01 10:13:15 AM,3013.8,0,0.0,244365618.59999993
2025-08-01 10:13:15 AM,3013.8,33,99455.40000000001,244465073.99999994
2025-08-01 10:13:18 AM,3013.7,0,0.0,244465073.99999994
2025-08-01 10:13:21 AM,3015.0,0,0.0,244465073.99999994
2025-08-01 10:13:21 AM,3015.0,162,488430.0,244953503.99999994
2025-08-01 10:13:24 AM,3015.8,0,0.0,244953503.99999994
2025-08-01 10:13:27 AM,3017.6,0,0.0,244953503.99999994
2025-08-01 10:13:27 AM,3017.6,4,12070.4,244965574.39999995
2025-08-01 10:13:33 AM,3017.6,33,99580.8,245065155.19999996
2025-08-01 10:13:45 AM,3017.6,3,9052.8,245074207.99999997
2025-08-01 10:13:48 AM,3017.8,0,0.0,245074207.99999997
2025-08-01 10:13:51 AM,3017.8,10,30178.0,245104385.99999997
2025-08-01 10:13:54 AM,3018.3,0,0.0,245104385.99999997
2025-08-01 10:13:57 AM,3018.1,0,0.0,245104385.99999997
2025-08-01 10:13:57 AM,3018.1,108,325954.8,245430340.79999998
2025-08-01 10:14:14 AM,3018.2,209,630803.7999999999,246061144.6
2025-08-01 10:14:14 AM,3018.4,2,6036.8,246067181.4
2025-08-01 10:14:18 AM,3019.2,0,0.0,246067181.4
2025-08-01 10:14:20 AM,3019.2,3,9057.599999999999,246076239.0
2025-08-01 10:14:26 AM,3018.4,27,81496.8,246157735.8
2025-08-01 10:14:31 AM,3018.0,263,793734.0,246951469.8
2025-08-01 10:14:45 AM,3018.1,0,0.0,246951469.8
2025-08-01 10:14:48 AM,3019.5,200,603900.0,247555369.8
2025-08-01 10:15:11 AM,3019.5,1,3019.5,247558389.3
2025-08-01 10:15:15 AM,3018.3,0,0.0,247558389.3
2025-08-01 10:15:17 AM,3018.3,12,36219.600000000006,247594608.9
2025-08-01 10:15:44 AM,3021.0,0,0.0,247594608.9
2025-08-01 10:15:45 AM,3023.0,0,0.0,247594608.9
2025-08-01 10:15:47 AM,3022.3,0,0.0,247594608.9
2025-08-01 10:15:48 AM,3022.3,126,380809.80000000005,247975418.70000002
2025-08-01 10:15:51 AM,3022.4,0,0.0,247975418.70000002
2025-08-01 10:15:54 AM,3022.4,1,3022.4,247978441.10000002
2025-08-01 10:15:54 AM,3022.3,5,15111.5,247993552.60000002
2025-08-01 10:15:56 AM,3023.9,0,0.0,247993552.60000002
2025-08-01 10:15:57 AM,3024.1,0,0.0,247993552.60000002
2025-08-01 10:15:59 AM,3023.5,0,0.0,247993552.60000002
2025-08-01 10:16:00 AM,3023.5,171,517018.5,248510571.10000002
2025-08-01 10:16:01 AM,3030.0,0,0.0,248510571.10000002
2025-08-01 10:16:01 AM,3030.0,74684,226292520.0,474803091.1
2025-08-01 10:16:01 AM,3030.9,196,594056.4,475397147.5
2025-08-01 10:16:02 AM,3028.5,0,0.0,475397147.5
2025-08-01 10:16:02 AM,3027.6,0,0.0,475397147.5
2025-08-01 10:16:02 AM,3027.9,121,366375.9,475763523.4
2025-08-01 10:16:03 AM,3027.8,0,0.0,475763523.4
2025-08-01 10:16:03 AM,3027.8,1,3027.8,475766551.2
2025-08-01 10:16:11 AM,3027.8,25,75695.0,475842246.2
2025-08-01 10:16:15 AM,3028.9,0,0.0,475842246.2
2025-08-01 10:16:15 AM,3028.9,3,9086.7,475851332.9
2025-08-01 10:16:19 AM,3028.7,1,3028.7,475854361.59999996
2025-08-01 10:16:22 AM,3028.6,10,30286.0,475884647.59999996
2025-08-01 10:16:24 AM,3027.4,200,605480.0,476490127.59999996
2025-08-01 10:16:27 AM,3028.8,0,0.0,476490127.59999996
2025-08-01 10:16:27 AM,3028.8,100,302880.0,476793007.59999996
2025-08-01 10:16:31 AM,3029.8,0,0.0,476793007.59999996
2025-08-01 10:16:31 AM,3029.8,100,302980.0,477095987.59999996
2025-08-01 10:16:38 AM,3029.6,0,0.0,477095987.59999996
2025-08-01 10:16:38 AM,3028.8,18,54518.4,477150505.99999994
2025-08-01 10:16:45 AM,3028.4,0,0.0,477150505.99999994
2025-08-01 10:16:45 AM,3028.4,3,9085.2,477159591.1999999
2025-08-01 10:16:52 AM,3028.6,10,30286.0,477189877.1999999
2025-08-01 10:17:15 AM,3028.3,0,0.0,477189877.1999999
2025-08-01 10:17:15 AM,3028.3,2,6056.6,477195933.79999995
2025-08-01 10:17:16 AM,3028.0,3,9084.0,477205017.79999995
2025-08-01 10:17:18 AM,3027.9,9,27251.100000000002,477232268.9
2025-08-01 10:17:25 AM,3022.3,0,0.0,477232268.9
2025-08-01 10:17:25 AM,3022.3,10521,31797618.3,509029887.2
2025-08-01 10:17:26 AM,3024.4,10,30244.0,509060131.2
2025-08-01 10:17:27 AM,3024.0,174,526176.0,509586307.2
2025-08-01 10:17:27 AM,3024.8,838,2534782.4000000004,512121089.59999996
2025-08-01 10:17:28 AM,3024.7,672,2032598.4,514153687.99999994
2025-08-01 10:17:29 AM,3020.0,5159,15580180.0,529733867.99999994
2025-08-01 10:17:45 AM,3023.0,0,0.0,529733867.99999994
2025-08-01 10:17:45 AM,3023.0,98,296254.0,530030121.99999994
2025-08-01 10:17:46 AM,3020.0,0,0.0,530030121.99999994
2025-08-01 10:17:46 AM,3020.0,6562,19817240.0,549847362.0
2025-08-01 10:17:50 AM,3019.8,0,0.0,549847362.0
2025-08-01 10:17:50 AM,3019.8,2316,6993856.800000001,556841218.8
2025-08-01 10:17:52 AM,3020.1,1469,4436526.899999999,561277745.6999999
2025-08-01 10:17:53 AM,3022.0,0,0.0,561277745.6999999
2025-08-01 10:17:53 AM,3022.0,100,302200.0,561579945.6999999
2025-08-01 10:17:55 AM,3020.6,0,0.0,561579945.6999999
2025-08-01 10:17:55 AM,3020.6,60,181236.0,561761181.6999999
2025-08-01 10:18:03 AM,3021.0,0,0.0,561761181.6999999
2025-08-01 10:18:03 AM,3021.0,10,30210.0,561791391.6999999
2025-08-01 10:18:07 AM,3020.6,60,181236.0,561972627.6999999
2025-08-01 10:18:08 AM,3020.5,477,1440778.5,563413406.1999999
2025-08-01 10:18:13 AM,3020.2,0,0.0,563413406.1999999
2025-08-01 10:18:13 AM,3020.2,1,3020.2,563416426.4
2025-08-01 10:18:15 AM,3019.4,0,0.0,563416426.4
2025-08-01 10:18:15 AM,3019.4,2,6038.8,563422465.1999999
2025-08-01 10:18:17 AM,3018.0,0,0.0,563422465.1999999
2025-08-01 10:18:17 AM,3018.0,240,724320.0,564146785.1999999
2025-08-01 10:18:23 AM,3018.0,9,27162.0,564173947.1999999
2025-08-01 10:18:27 AM,3017.6,0,0.0,564173947.1999999
2025-08-01 10:18:27 AM,3016.1,0,0.0,564173947.1999999
2025-08-01 10:18:27 AM,3016.1,240,723864.0,564897811.1999999
2025-08-01 10:18:28 AM,3016.1,4,12064.4,564909875.5999999
2025-08-01 10:18:30 AM,3015.9,70,211113.0,565120988.5999999
2025-08-01 10:18:35 AM,3014.1,2,6028.2,565127016.8
2025-08-01 10:18:36 AM,3014.1,14,42197.4,565169214.1999999
2025-08-01 10:18:37 AM,3014.0,0,0.0,565169214.1999999
2025-08-01 10:18:37 AM,3014.0,209,629926.0,565799140.1999999
2025-08-01 10:18:44 AM,3013.6,3,9040.8,565808180.9999999
2025-08-01 10:19:07 AM,3017.4,0,0.0,565808180.9999999
2025-08-01 10:19:09 AM,3017.4,1457,4396351.8,570204532.7999998
2025-08-01 10:19:15 AM,3017.6,4,12070.4,570216603.1999998
2025-08-01 10:19:21 AM,3017.6,8,24140.8,570240743.9999998
2025-08-01 10:19:33 AM,3017.6,10,30176.0,570270919.9999998
2025-08-01 10:19:45 AM,3016.8,4,12067.2,570282987.1999998
2025-08-01 10:19:49 AM,3018.0,0,0.0,570282987.1999998
2025-08-01 10:19:50 AM,3018.0,254,766572.0,571049559.1999998
2025-08-01 10:19:58 AM,3018.1,0,0.0,571049559.1999998
2025-08-01 10:20:00 AM,3017.9,171,516060.9,571565620.0999998
2025-08-01 10:20:12 AM,3017.2,309,932314.7999999999,572497934.8999997
2025-08-01 10:20:14 AM,3016.6,0,0.0,572497934.8999997
2025-08-01 10:20:14 AM,3016.6,14,42232.4,572540167.2999997
2025-08-01 10:20:15 AM,3015.3,0,0.0,572540167.2999997
2025-08-01 10:20:15 AM,3015.3,16,48244.8,572588412.0999997
2025-08-01 10:20:45 AM,3015.4,0,0.0,572588412.0999997
2025-08-01 10:20:45 AM,3015.4,4,12061.6,572600473.6999997
2025-08-01 10:21:11 AM,3016.4,0,0.0,572600473.6999997
2025-08-01 10:21:12 AM,3016.4,2,6032.8,572606506.4999996
2025-08-01 10:21:15 AM,3017.0,24,72408.0,572678914.4999996
2025-08-01 10:21:19 AM,3016.9,0,0.0,572678914.4999996
2025-08-01 10:21:21 AM,3017.0,207,624519.0,573303433.4999996
2025-08-01 10:21:37 AM,3016.6,20,60332.0,573363765.4999996
2025-08-01 10:21:42 AM,3016.5,0,0.0,573363765.4999996
2025-08-01 10:21:43 AM,3016.9,32,96540.8,573460306.2999996
2025-08-01 10:21:45 AM,3015.4,0,0.0,573460306.2999996
2025-08-01 10:21:45 AM,3015.4,199,600064.6,574060370.8999996
2025-08-01 10:21:49 AM,3015.4,3,9046.2,574069417.0999997
2025-08-01 10:22:02 AM,3015.4,6,18092.4,574087509.4999996
2025-08-01 10:22:03 AM,3016.5,0,0.0,574087509.4999996
2025-08-01 10:22:06 AM,3016.5,100,301650.0,574389159.4999996
2025-08-01 10:22:15 AM,3015.4,0,0.0,574389159.4999996
2025-08-01 10:22:17 AM,3015.4,3,9046.2,574398205.6999997
2025-08-01 10:22:21 AM,3016.0,0,0.0,574398205.6999997
2025-08-01 10:22:24 AM,3016.0,16,48256.0,574446461.6999997
2025-08-01 10:22:46 AM,3017.0,201,606417.0,575052878.6999997
2025-08-01 10:22:48 AM,3018.6,0,0.0,575052878.6999997
2025-08-01 10:22:48 AM,3018.6,200,603720.0,575656598.6999997
2025-08-01 10:22:51 AM,3017.0,0,0.0,575656598.6999997
2025-08-01 10:22:51 AM,3018.0,0,0.0,575656598.6999997
2025-08-01 10:22:51 AM,3018.0,131,395358.0,576051956.6999997
2025-08-01 10:22:56 AM,3019.0,700,2113300.0,578165256.6999997
2025-08-01 10:23:04 AM,3017.9,1,3017.9,578168274.5999997
2025-08-01 10:23:15 AM,3017.0,0,0.0,578168274.5999997
2025-08-01 10:23:15 AM,3017.0,2,6034.0,578174308.5999997
2025-08-01 10:23:16 AM,3017.0,359,1083103.0,579257411.5999997
2025-08-01 10:23:19 AM,3015.4,20,60308.0,579317719.5999997
2025-08-01 10:23:20 AM,3016.5,0,0.0,579317719.5999997
2025-08-01 10:23:20 AM,3016.5,2,6033.0,579323752.5999997
2025-08-01 10:23:32 AM,3016.3,1,3016.3,579326768.8999996
2025-08-01 10:23:34 AM,3016.3,8,24130.4,579350899.2999996
2025-08-01 10:23:34 AM,3016.2,0,0.0,579350899.2999996
2025-08-01 10:23:35 AM,3016.2,3,9048.599999999999,579359947.8999996
2025-08-01 10:23:39 AM,3016.2,3,9048.599999999999,579368996.4999996
2025-08-01 10:23:45 AM,3015.4,0,0.0,579368996.4999996
2025-08-01 10:23:45 AM,3015.4,4,12061.6,579381058.0999997
2025-08-01 10:23:47 AM,3015.4,9,27138.600000000002,579408196.6999997
2025-08-01 10:24:04 AM,3014.9,108,325609.2,579733805.8999997
2025-08-01 10:24:15 AM,3015.0,0,0.0,579733805.8999997
2025-08-01 10:24:15 AM,3015.0,2,6030.0,579739835.8999997
2025-08-01 10:24:36 AM,3015.5,0,0.0,579739835.8999997
2025-08-01 10:24:37 AM,3015.5,15,45232.5,579785068.3999997
2025-08-01 10:24:45 AM,3015.0,0,0.0,579785068.3999997
2025-08-01 10:24:46 AM,3015.0,4,12060.0,579797128.3999997
2025-08-01 10:24:53 AM,3015.9,0,0.0,579797128.3999997
2025-08-01 10:24:53 AM,3015.9,5,15079.5,579812207.8999997
2025-08-01 10:24:57 AM,3016.0,1,3016.0,579815223.8999997
2025-08-01 10:25:08 AM,3016.0,1,3016.0,579818239.8999997
2025-08-01 10:25:11 AM,3016.0,5,15080.0,579833319.8999997
2025-08-01 10:25:17 AM,3016.0,3,9048.0,579842367.8999997
2025-08-01 10:25:30 AM,3015.3,0,0.0,579842367.8999997
2025-08-01 10:25:31 AM,3016.5,0,0.0,579842367.8999997
2025-08-01 10:25:31 AM,3016.5,38,114627.0,579956994.8999997
2025-08-01 10:25:40 AM,3017.0,0,0.0,579956994.8999997
2025-08-01 10:25:42 AM,3017.0,60,181020.0,580138014.8999997
2025-08-01 10:25:45 AM,3017.3,0,0.0,580138014.8999997
2025-08-01 10:25:45 AM,3017.3,3,9051.900000000001,580147066.7999997
2025-08-01 10:25:48 AM,3016.4,0,0.0,580147066.7999997
2025-08-01 10:25:48 AM,3016.4,50,150820.0,580297886.7999997
2025-08-01 10:25:56 AM,3016.6,1,3016.6,580300903.3999997
2025-08-01 10:25:57 AM,3015.8,0,0.0,580300903.3999997
2025-08-01 10:25:59 AM,3015.9,204,615243.6,580916146.9999998
2025-08-01 10:26:01 AM,3015.0,0,0.0,580916146.9999998
2025-08-01 10:26:01 AM,3015.0,44,132660.0,581048806.9999998
2025-08-01 10:26:04 AM,3014.8,0,0.0,581048806.9999998
2025-08-01 10:26:04 AM,3014.8,58,174858.40000000002,581223665.3999997
2025-08-01 10:26:15 AM,3014.0,0,0.0,581223665.3999997
2025-08-01 10:26:15 AM,3014.0,133,400862.0,581624527.3999997
2025-08-01 10:26:23 AM,3013.4,5,15067.0,581639594.3999997
2025-08-01 10:26:45 AM,3013.5,0,0.0,581639594.3999997
2025-08-01 10:26:47 AM,3013.5,4,12054.0,581651648.3999997
2025-08-01 10:27:06 AM,3014.6,0,0.0,581651648.3999997
2025-08-01 10:27:07 AM,3014.6,1,3014.6,581654662.9999998
2025-08-01 10:27:10 AM,3014.6,4,12058.4,581666721.3999997
2025-08-01 10:27:15 AM,3014.0,0,0.0,581666721.3999997
2025-08-01 10:27:15 AM,3014.0,3,9042.0,581675763.3999997
2025-08-01 10:27:23 AM,3014.6,2,6029.2,581681792.5999998
2025-08-01 10:27:31 AM,3013.5,0,0.0,581681792.5999998
2025-08-01 10:27:32 AM,3013.5,98,295323.0,581977115.5999998
2025-08-01 10:27:33 AM,3014.1,0,0.0,581977115.5999998
2025-08-01 10:27:34 AM,3014.0,0,0.0,581977115.5999998
2025-08-01 10:27:34 AM,3013.0,132,397716.0,582374831.5999998
2025-08-01 10:27:39 AM,3013.5,0,0.0,582374831.5999998
2025-08-01 10:27:40 AM,3013.5,1,3013.5,582377845.0999998
2025-08-01 10:27:45 AM,3013.0,0,0.0,582377845.0999998
2025-08-01 10:27:46 AM,3013.0,3,9039.0,582386884.0999998
2025-08-01 10:27:52 AM,3013.5,0,0.0,582386884.0999998
2025-08-01 10:27:54 AM,3013.5,3,9040.5,582395924.5999998
2025-08-01 10:28:12 AM,3013.5,1,3013.5,582398938.0999998
2025-08-01 10:28:15 AM,3013.2,0,0.0,582398938.0999998
2025-08-01 10:28:15 AM,3013.2,13,39171.6,582438109.6999998
2025-08-01 10:28:37 AM,3013.2,6,18079.199999999997,582456188.8999999
2025-08-01 10:28:43 AM,3013.0,0,0.0,582456188.8999999
2025-08-01 10:28:43 AM,3013.0,19,57247.0,582513435.8999999
2025-08-01 10:28:46 AM,3012.1,0,0.0,582513435.8999999
2025-08-01 10:28:46 AM,3012.1,139,418681.89999999997,582932117.7999998
2025-08-01 10:28:48 AM,3012.0,83,249996.0,583182113.7999998
2025-08-01 10:29:08 AM,3012.0,50,150600.0,583332713.7999998
2025-08-01 10:29:10 AM,3012.1,0,0.0,583332713.7999998
2025-08-01 10:29:11 AM,3012.1,30,90363.0,583423076.7999998
2025-08-01 10:29:13 AM,3013.0,0,0.0,583423076.7999998
2025-08-01 10:29:14 AM,3013.0,6,18078.0,583441154.7999998
2025-08-01 10:29:15 AM,3012.3,0,0.0,583441154.7999998
2025-08-01 10:29:16 AM,3013.0,0,0.0,583441154.7999998
2025-08-01 10:29:16 AM,3013.0,3,9039.0,583450193.7999998
2025-08-01 10:29:25 AM,3013.0,136,409768.0,583859961.7999998
2025-08-01 10:29:32 AM,3013.9,0,0.0,583859961.7999998
2025-08-01 10:29:33 AM,3013.9,28,84389.2,583944350.9999999
2025-08-01 10:29:40 AM,3017.0,0,0.0,583944350.9999999
2025-08-01 10:29:41 AM,3017.0,185,558145.0,584502495.9999999
2025-08-01 10:29:46 AM,3014.4,0,0.0,584502495.9999999
2025-08-01 10:29:47 AM,3014.4,5,15072.0,584517567.9999999
2025-08-01 10:29:49 AM,3015.3,5,15076.5,584532644.4999999
2025-08-01 10:30:06 AM,3015.3,16,48244.8,584580889.2999998
2025-08-01 10:30:11 AM,3017.0,8,24136.0,584605025.2999998
2025-08-01 10:30:14 AM,3015.9,2,6031.8,584611057.0999998
2025-08-01 10:30:20 AM,3016.5,0,0.0,584611057.0999998
2025-08-01 10:30:20 AM,3016.5,2,6033.0,584617090.0999998
2025-08-01 10:30:26 AM,3016.3,0,0.0,584617090.0999998
2025-08-01 10:30:26 AM,3016.3,1,3016.3,584620106.3999997
2025-08-01 10:30:33 AM,3016.8,0,0.0,584620106.3999997
2025-08-01 10:30:33 AM,3016.8,6,18100.800000000003,584638207.1999997
2025-08-01 10:30:34 AM,3017.2,17,51292.399999999994,584689499.5999997
2025-08-01 10:30:45 AM,3016.3,0,0.0,584689499.5999997
2025-08-01 10:30:45 AM,3016.3,3,9048.900000000001,584698548.4999996
2025-08-01 10:30:46 AM,3017.1,0,0.0,584698548.4999996
2025-08-01 10:30:46 AM,3017.1,50,150855.0,584849403.4999996
2025-08-01 10:30:57 AM,3016.3,0,0.0,584849403.4999996
2025-08-01 10:30:57 AM,3016.3,197,594211.1000000001,585443614.5999997
2025-08-01 10:30:59 AM,3015.3,0,0.0,585443614.5999997
2025-08-01 10:30:59 AM,3015.3,26,78397.8,585522012.3999996
2025-08-01 10:31:06 AM,3016.0,0,0.0,585522012.3999996
2025-08-01 10:31:06 AM,3016.0,10,30160.0,585552172.3999996
2025-08-01 10:31:11 AM,3016.0,5,15080.0,585567252.3999996
2025-08-01 10:31:15 AM,3015.3,4,12061.2,585579313.5999997
2025-08-01 10:31:25 AM,3016.0,1,3016.0,585582329.5999997
2025-08-01 10:31:42 AM,3015.4,10,30154.0,585612483.5999997
2025-08-01 10:31:45 AM,3015.4,3,9046.2,585621529.7999997
2025-08-01 10:31:53 AM,3016.4,0,0.0,585621529.7999997
2025-08-01 10:31:53 AM,3017.3,25,75432.5,585696962.2999997
2025-08-01 10:32:11 AM,3017.0,43,129731.0,585826693.2999997
2025-08-01 10:32:15 AM,3017.0,2,6034.0,585832727.2999997
2025-08-01 10:32:19 AM,3018.3,0,0.0,585832727.2999997
2025-08-01 10:32:19 AM,3018.3,27,81494.1,585914221.3999997
2025-08-01 10:32:30 AM,3019.1,0,0.0,585914221.3999997
2025-08-01 10:32:30 AM,3019.1,21,63401.1,585977622.4999998
2025-08-01 10:32:33 AM,3019.1,5,15095.5,585992717.9999998
2025-08-01 10:32:36 AM,3019.5,5,15097.5,586007815.4999998
2025-08-01 10:32:38 AM,3019.1,0,0.0,586007815.4999998
2025-08-01 10:32:38 AM,3019.1,7,21133.7,586028949.1999998
2025-08-01 10:32:39 AM,3019.8,12,36237.600000000006,586065186.7999998
2025-08-01 10:32:45 AM,3019.0,6,18114.0,586083300.7999998
2025-08-01 10:32:52 AM,3019.4,1,3019.4,586086320.1999998
2025-08-01 10:32:55 AM,3019.6,0,0.0,586086320.1999998
2025-08-01 10:32:55 AM,3019.6,5,15098.0,586101418.1999998
2025-08-01 10:33:00 AM,3019.0,0,0.0,586101418.1999998
2025-08-01 10:33:00 AM,3019.0,31,93589.0,586195007.1999998
2025-08-01 10:33:08 AM,3019.4,0,0.0,586195007.1999998
2025-08-01 10:33:08 AM,3019.4,1,3019.4,586198026.5999998
2025-08-01 10:33:15 AM,3019.0,0,0.0,586198026.5999998
2025-08-01 10:33:15 AM,3019.0,2,6038.0,586204064.5999998
2025-08-01 10:33:21 AM,3017.6,0,0.0,586204064.5999998
2025-08-01 10:33:21 AM,3017.6,120,362112.0,586566176.5999998
2025-08-01 10:33:27 AM,3018.9,420,1267938.0,587834114.5999998
2025-08-01 10:33:33 AM,3019.9,0,0.0,587834114.5999998
2025-08-01 10:33:33 AM,3019.9,20,60398.0,587894512.5999998
2025-08-01 10:33:35 AM,3019.9,1,3019.9,587897532.4999998
2025-08-01 10:33:39 AM,3017.4,1502,4532134.8,592429667.2999997
2025-08-01 10:33:45 AM,3017.0,0,0.0,592429667.2999997
2025-08-01 10:33:45 AM,3017.0,31,93527.0,592523194.2999997
2025-08-01 10:33:46 AM,3017.8,0,0.0,592523194.2999997
2025-08-01 10:33:46 AM,3017.8,5,15089.0,592538283.2999997
2025-08-01 10:34:04 AM,3017.8,5,15089.0,592553372.2999997
2025-08-01 10:34:11 AM,3017.3,27,81467.1,592634839.3999997
2025-08-01 10:34:14 AM,3017.5,3,9052.5,592643891.8999997
2025-08-01 10:34:18 AM,3018.3,15,45274.5,592689166.3999997
2025-08-01 10:34:21 AM,3017.6,2,6035.2,592695201.5999998
2025-08-01 10:34:22 AM,3017.5,0,0.0,592695201.5999998
2025-08-01 10:34:22 AM,3017.5,7,21122.5,592716324.0999998
2025-08-01 10:34:28 AM,3017.6,0,0.0,592716324.0999998
2025-08-01 10:34:28 AM,3017.6,2,6035.2,592722359.2999998
2025-08-01 10:34:32 AM,3017.5,0,0.0,592722359.2999998
2025-08-01 10:34:32 AM,3017.5,190,573325.0,593295684.2999998
2025-08-01 10:34:40 AM,3016.7,0,0.0,593295684.2999998
2025-08-01 10:34:40 AM,3018.0,0,0.0,593295684.2999998
2025-08-01 10:34:40 AM,3018.0,5,15090.0,593310774.2999998
2025-08-01 10:34:41 AM,3016.7,2,6033.4,593316807.6999998
2025-08-01 10:34:49 AM,3016.3,12,36195.600000000006,593353003.2999998
2025-08-01 10:34:50 AM,3016.3,62,187010.6,593540013.8999999
2025-08-01 10:34:51 AM,3015.0,1,3015.0,593543028.8999999
2025-08-01 10:34:51 AM,3016.3,5,15081.5,593558110.3999999
2025-08-01 10:34:56 AM,3016.4,0,0.0,593558110.3999999
2025-08-01 10:34:56 AM,3016.4,10,30164.0,593588274.3999999
2025-08-01 10:34:59 AM,3015.4,29,87446.6,593675720.9999999
2025-08-01 10:35:01 AM,3015.3,3,9045.900000000001,593684766.8999999
2025-08-01 10:35:02 AM,3015.3,1,3015.3,593687782.1999998
2025-08-01 10:35:04 AM,3016.7,3,9050.099999999999,593696832.2999998
2025-08-01 10:35:10 AM,3015.3,4,12061.2,593708893.4999999
2025-08-01 10:35:11 AM,3015.3,1,3015.3,593711908.7999998
2025-08-01 10:35:13 AM,3016.5,15,45247.5,593757156.2999998
2025-08-01 10:35:15 AM,3015.3,2,6030.6,593763186.8999999
2025-08-01 10:35:15 AM,3015.3,1,3015.3,593766202.1999998
2025-08-01 10:35:20 AM,3016.4,8,24131.2,593790333.3999999
2025-08-01 10:35:22 AM,3015.3,0,0.0,593790333.3999999
2025-08-01 10:35:22 AM,3015.3,2,6030.6,593796363.9999999
2025-08-01 10:35:27 AM,3014.6,0,0.0,593796363.9999999
2025-08-01 10:35:27 AM,3014.6,129,388883.39999999997,594185247.3999999
2025-08-01 10:35:29 AM,3016.5,0,0.0,594185247.3999999
2025-08-01 10:35:29 AM,3015.5,227,684518.5,594869765.8999999
2025-08-01 10:35:30 AM,3015.5,5,15077.5,594884843.3999999
2025-08-01 10:35:30 AM,3015.5,6,18093.0,594902936.3999999
2025-08-01 10:35:31 AM,3015.6,2,6031.2,594908967.5999999
2025-08-01 10:35:40 AM,3015.6,5,15078.0,594924045.5999999
