date,price,qty,trnvr,cum_trnvr
2025-08-01 09:15:00 AM,1430.0,539,770770.0,770770.0
2025-08-01 09:15:08 AM,1427.0,0,0.0,770770.0
2025-08-01 09:15:09 AM,1427.0,1416,2020632.0,2791402.0
2025-08-01 09:15:12 AM,1427.3,50,71365.0,2862767.0
2025-08-01 09:15:17 AM,1422.1,0,0.0,2862767.0
2025-08-01 09:15:20 AM,1422.1,100,142210.0,3004977.0
2025-08-01 09:15:25 AM,1421.2,0,0.0,3004977.0
2025-08-01 09:15:28 AM,1421.6,0,0.0,3004977.0
2025-08-01 09:15:29 AM,1421.0,155,220255.0,3225232.0
2025-08-01 09:15:31 AM,1421.4,50,71070.0,3296302.0
2025-08-01 09:15:37 AM,1423.4,0,0.0,3296302.0
2025-08-01 09:15:38 AM,1423.4,121,172231.40000000002,3468533.4
2025-08-01 09:15:41 AM,1428.5,0,0.0,3468533.4
2025-08-01 09:15:45 AM,1424.4,0,0.0,3468533.4
2025-08-01 09:15:46 AM,1419.1,3093,4389276.3,7857809.699999999
2025-08-01 09:15:48 AM,1420.1,623,884722.2999999999,8742532.0
2025-08-01 09:15:50 AM,1422.3,0,0.0,8742532.0
2025-08-01 09:15:53 AM,1420.8,0,0.0,8742532.0
2025-08-01 09:15:54 AM,1420.8,6,8524.8,8751056.8
2025-08-01 09:15:59 AM,1419.3,0,0.0,8751056.8
2025-08-01 09:16:01 AM,1419.1,0,0.0,8751056.8
2025-08-01 09:16:02 AM,1417.0,969,1373073.0,10124129.8
2025-08-01 09:16:04 AM,1415.0,4,5660.0,10129789.8
2025-08-01 09:16:10 AM,1416.3,170,240771.0,10370560.8
2025-08-01 09:16:12 AM,1416.9,22,31171.800000000003,10401732.600000001
2025-08-01 09:16:19 AM,1415.0,19,26885.0,10428617.600000001
2025-08-01 09:16:20 AM,1414.0,2,2828.0,10431445.600000001
2025-08-01 09:16:23 AM,1415.0,0,0.0,10431445.600000001
2025-08-01 09:16:25 AM,1415.8,0,0.0,10431445.600000001
2025-08-01 09:16:27 AM,1415.8,219,310060.2,10741505.8
2025-08-01 09:16:33 AM,1420.1,0,0.0,10741505.8
2025-08-01 09:16:35 AM,1420.1,459,651825.8999999999,11393331.700000001
2025-08-01 09:16:43 AM,1419.4,0,0.0,11393331.700000001
2025-08-01 09:16:43 AM,1419.4,102,144778.80000000002,11538110.500000002
2025-08-01 09:16:45 AM,1421.3,0,0.0,11538110.500000002
2025-08-01 09:16:52 AM,1419.8,129,183154.19999999998,11721264.700000001
2025-08-01 09:16:55 AM,1417.9,0,0.0,11721264.700000001
2025-08-01 09:17:00 AM,1416.7,291,412259.7,12133524.4
2025-08-01 09:17:02 AM,1416.6,0,0.0,12133524.4
2025-08-01 09:17:08 AM,1420.4,429,609351.6000000001,12742876.0
2025-08-01 09:17:10 AM,1421.2,36,51163.200000000004,12794039.2
2025-08-01 09:17:11 AM,1420.9,0,0.0,12794039.2
2025-08-01 09:17:13 AM,1423.0,0,0.0,12794039.2
2025-08-01 09:17:16 AM,1422.7,2645,3763041.5,16557080.7
2025-08-01 09:17:20 AM,1423.5,0,0.0,16557080.7
2025-08-01 09:17:22 AM,1424.2,0,0.0,16557080.7
2025-08-01 09:17:25 AM,1424.2,580,826036.0,17383116.7
2025-08-01 09:17:26 AM,1425.7,353,503272.10000000003,17886388.8
2025-08-01 09:17:30 AM,1424.3,0,0.0,17886388.8
2025-08-01 09:17:33 AM,1425.4,356,507442.4,18393831.2
2025-08-01 09:17:36 AM,1425.6,0,0.0,18393831.2
2025-08-01 09:17:38 AM,1426.6,0,0.0,18393831.2
2025-08-01 09:17:41 AM,1424.3,735,1046860.5,19440691.7
2025-08-01 09:17:45 AM,1424.6,0,0.0,19440691.7
2025-08-01 09:17:47 AM,1423.7,0,0.0,19440691.7
2025-08-01 09:17:50 AM,1422.7,255,362788.5,19803480.2
2025-08-01 09:17:54 AM,1422.0,0,0.0,19803480.2
2025-08-01 09:17:56 AM,1423.3,0,0.0,19803480.2
2025-08-01 09:17:58 AM,1421.5,201,285721.5,20089201.7
2025-08-01 09:18:02 AM,1421.6,0,0.0,20089201.7
2025-08-01 09:18:06 AM,1421.6,255,362508.0,20451709.7
2025-08-01 09:18:07 AM,1424.1,1039,1479639.9,21931349.599999998
2025-08-01 09:18:10 AM,1424.2,0,0.0,21931349.599999998
2025-08-01 09:18:15 AM,1423.8,7,9966.6,21941316.2
2025-08-01 09:18:16 AM,1424.1,136,193677.59999999998,22134993.8
2025-08-01 09:18:18 AM,1423.1,0,0.0,22134993.8
2025-08-01 09:18:23 AM,1421.6,28,39804.799999999996,22174798.6
2025-08-01 09:18:24 AM,1422.0,2,2844.0,22177642.6
2025-08-01 09:18:26 AM,1422.9,0,0.0,22177642.6
2025-08-01 09:18:31 AM,1422.0,43,61146.0,22238788.6
2025-08-01 09:18:39 AM,1422.0,2,2844.0,22241632.6
2025-08-01 09:18:40 AM,1422.0,13,18486.0,22260118.6
2025-08-01 09:18:47 AM,1421.6,41,58285.6,22318404.200000003
2025-08-01 09:18:49 AM,1423.2,202,287486.4,22605890.6
2025-08-01 09:18:50 AM,1423.3,0,0.0,22605890.6
2025-08-01 09:18:52 AM,1422.8,0,0.0,22605890.6
2025-08-01 09:18:56 AM,1421.8,46,65402.799999999996,22671293.400000002
2025-08-01 09:18:57 AM,1423.1,11,15654.099999999999,22686947.500000004
2025-08-01 09:18:58 AM,1424.2,0,0.0,22686947.500000004
2025-08-01 09:19:04 AM,1422.0,161,228942.0,22915889.500000004
2025-08-01 09:19:08 AM,1421.8,0,0.0,22915889.500000004
2025-08-01 09:19:12 AM,1422.3,180,256014.0,23171903.500000004
2025-08-01 09:19:13 AM,1421.6,7,9951.199999999999,23181854.700000003
2025-08-01 09:19:14 AM,1420.1,0,0.0,23181854.700000003
2025-08-01 09:19:16 AM,1422.3,0,0.0,23181854.700000003
2025-08-01 09:19:20 AM,1423.0,743,1057289.0,24239143.700000003
2025-08-01 09:19:21 AM,1428.1,158,225639.8,24464783.500000004
2025-08-01 09:19:21 AM,1426.9,0,0.0,24464783.500000004
2025-08-01 09:19:23 AM,1428.1,0,0.0,24464783.500000004
2025-08-01 09:19:28 AM,1425.6,36,51321.6,24516105.100000005
2025-08-01 09:19:29 AM,1425.6,5,7128.0,24523233.100000005
2025-08-01 09:19:31 AM,1426.0,0,0.0,24523233.100000005
2025-08-01 09:19:36 AM,1425.4,104,148241.6,24671474.700000007
2025-08-01 09:19:36 AM,1425.5,0,0.0,24671474.700000007
2025-08-01 09:19:38 AM,1424.6,289,411709.39999999997,25083184.100000005
2025-08-01 09:19:39 AM,1423.4,0,0.0,25083184.100000005
2025-08-01 09:19:44 AM,1422.9,14,19920.600000000002,25103104.700000007
2025-08-01 09:19:46 AM,1422.9,1,1422.9,25104527.600000005
2025-08-01 09:19:52 AM,1422.6,51,72552.59999999999,25177080.200000007
2025-08-01 09:19:53 AM,1423.5,0,0.0,25177080.200000007
2025-08-01 09:19:54 AM,1423.5,1,1423.5,25178503.700000007
2025-08-01 09:20:00 AM,1423.7,459,653478.3,25831982.000000007
2025-08-01 09:20:02 AM,1423.3,4,5693.2,25837675.200000007
2025-08-01 09:20:07 AM,1424.4,0,0.0,25837675.200000007
2025-08-01 09:20:08 AM,1424.4,33,47005.200000000004,25884680.400000006
2025-08-01 09:20:14 AM,1424.7,0,0.0,25884680.400000006
2025-08-01 09:20:16 AM,1424.7,5,7123.5,25891803.900000006
2025-08-01 09:20:17 AM,1423.6,301,428503.6,26320307.500000007
2025-08-01 09:20:21 AM,1424.1,0,0.0,26320307.500000007
2025-08-01 09:20:24 AM,1424.0,11,15664.0,26335971.500000007
2025-08-01 09:20:32 AM,1424.0,51,72624.0,26408595.500000007
2025-08-01 09:20:33 AM,1424.4,10,14244.0,26422839.500000007
2025-08-01 09:20:35 AM,1424.7,0,0.0,26422839.500000007
2025-08-01 09:20:39 AM,1424.1,70,99687.0,26522526.500000007
2025-08-01 09:20:42 AM,1426.0,0,0.0,26522526.500000007
2025-08-01 09:20:47 AM,1424.5,283,403133.5,26925660.000000007
2025-08-01 09:20:49 AM,1424.2,4,5696.8,26931356.80000001
2025-08-01 09:20:53 AM,1424.1,0,0.0,26931356.80000001
2025-08-01 09:20:55 AM,1424.1,48,68356.79999999999,26999713.60000001
2025-08-01 09:20:56 AM,1424.1,16,22785.6,27022499.20000001
2025-08-01 09:21:00 AM,1424.0,0,0.0,27022499.20000001
2025-08-01 09:21:03 AM,1424.0,12,17088.0,27039587.20000001
2025-08-01 09:21:11 AM,1425.5,126,179613.0,27219200.20000001
2025-08-01 09:21:14 AM,1424.1,0,0.0,27219200.20000001
2025-08-01 09:21:16 AM,1424.4,0,0.0,27219200.20000001
2025-08-01 09:21:18 AM,1424.4,93,132469.2,27351669.40000001
2025-08-01 09:21:23 AM,1424.8,0,0.0,27351669.40000001
2025-08-01 09:21:26 AM,1424.8,2,2849.6,27354519.00000001
2025-08-01 09:21:28 AM,1429.4,0,0.0,27354519.00000001
2025-08-01 09:21:34 AM,1426.6,484,690474.3999999999,28044993.40000001
2025-08-01 09:21:35 AM,1427.4,1,1427.4,28046420.80000001
2025-08-01 09:21:43 AM,1427.0,50,71350.0,28117770.80000001
2025-08-01 09:21:46 AM,1427.6,0,0.0,28117770.80000001
2025-08-01 09:21:49 AM,1427.6,601,857987.6,28975758.40000001
2025-08-01 09:21:50 AM,1427.6,3,4282.799999999999,28980041.20000001
2025-08-01 09:21:53 AM,1432.0,0,0.0,28980041.20000001
2025-08-01 09:21:56 AM,1432.2,0,0.0,28980041.20000001
2025-08-01 09:21:57 AM,1432.2,721,1032616.2000000001,30012657.40000001
2025-08-01 09:21:58 AM,1434.1,170,243796.99999999997,30256454.40000001
2025-08-01 09:22:00 AM,1433.9,0,0.0,30256454.40000001
2025-08-01 09:22:04 AM,1433.9,3,4301.700000000001,30260756.10000001
2025-08-01 09:22:06 AM,1433.5,127,182054.5,30442810.60000001
2025-08-01 09:22:07 AM,1435.8,0,0.0,30442810.60000001
2025-08-01 09:22:10 AM,1434.1,0,0.0,30442810.60000001
2025-08-01 09:22:12 AM,1434.1,311,446005.1,30888815.70000001
2025-08-01 09:22:13 AM,1433.1,4,5732.4,30894548.10000001
2025-08-01 09:22:14 AM,1434.1,0,0.0,30894548.10000001
2025-08-01 09:22:17 AM,1433.9,0,0.0,30894548.10000001
2025-08-01 09:22:20 AM,1432.3,182,260678.6,31155226.70000001
2025-08-01 09:22:21 AM,1433.9,30,43017.0,31198243.70000001
2025-08-01 09:22:24 AM,1432.4,0,0.0,31198243.70000001
2025-08-01 09:22:27 AM,1433.8,27,38712.6,31236956.300000012
2025-08-01 09:22:35 AM,1433.0,61,87413.0,31324369.300000012
2025-08-01 09:22:36 AM,1433.8,0,0.0,31324369.300000012
2025-08-01 09:22:37 AM,1433.8,25,35845.0,31360214.300000012
2025-08-01 09:22:43 AM,1433.8,122,174923.6,31535137.900000013
2025-08-01 09:22:43 AM,1432.4,0,0.0,31535137.900000013
2025-08-01 09:22:44 AM,1432.4,1,1432.4,31536570.300000012
2025-08-01 09:22:49 AM,1433.5,0,0.0,31536570.300000012
2025-08-01 09:22:50 AM,1432.4,32,45836.8,31582407.100000013
2025-08-01 09:22:57 AM,1431.1,0,0.0,31582407.100000013
2025-08-01 09:22:58 AM,1431.1,57,81572.7,31663979.800000012
2025-08-01 09:23:02 AM,1431.3,0,0.0,31663979.800000012
2025-08-01 09:23:04 AM,1430.3,0,0.0,31663979.800000012
2025-08-01 09:23:05 AM,1429.6,84,120086.4,31784066.20000001
2025-08-01 09:23:07 AM,1429.4,1,1429.4,31785495.60000001
2025-08-01 09:23:11 AM,1428.6,0,0.0,31785495.60000001
2025-08-01 09:23:13 AM,1429.9,1765,2523773.5,34309269.10000001
2025-08-01 09:23:15 AM,1429.3,4,5717.2,34314986.30000001
2025-08-01 09:23:16 AM,1430.9,0,0.0,34314986.30000001
2025-08-01 09:23:21 AM,1429.9,368,526203.2000000001,34841189.500000015
2025-08-01 09:23:22 AM,1429.9,3,4289.700000000001,34845479.20000002
2025-08-01 09:23:28 AM,1429.9,2,2859.8,34848339.000000015
2025-08-01 09:23:29 AM,1429.5,0,0.0,34848339.000000015
2025-08-01 09:23:30 AM,1429.5,23,32878.5,34881217.500000015
2025-08-01 09:23:36 AM,1428.6,22,31429.199999999997,34912646.70000002
2025-08-01 09:23:38 AM,1428.6,1,1428.6,34914075.30000002
2025-08-01 09:23:51 AM,1428.6,6,8571.599999999999,34922646.90000002
2025-08-01 09:24:07 AM,1428.6,9,12857.4,34935504.30000002
2025-08-01 09:24:14 AM,1428.6,50,71430.0,35006934.30000002
2025-08-01 09:24:22 AM,1428.6,3,4285.799999999999,35011220.10000002
2025-08-01 09:24:29 AM,1428.6,26,37143.6,35048363.70000002
2025-08-01 09:24:31 AM,1428.7,1,1428.7,35049792.40000002
2025-08-01 09:24:34 AM,1428.6,0,0.0,35049792.40000002
2025-08-01 09:24:37 AM,1428.6,8,11428.8,35061221.20000002
2025-08-01 09:24:40 AM,1429.0,0,0.0,35061221.20000002
2025-08-01 09:24:44 AM,1429.0,109,155761.0,35216982.20000002
2025-08-01 09:24:59 AM,1429.0,3,4287.0,35221269.20000002
2025-08-01 09:25:06 AM,1429.5,0,0.0,35221269.20000002
2025-08-01 09:25:07 AM,1429.5,103,147238.5,35368507.70000002
2025-08-01 09:25:13 AM,1429.0,0,0.0,35368507.70000002
2025-08-01 09:25:14 AM,1429.0,7,10003.0,35378510.70000002
2025-08-01 09:25:16 AM,1429.0,3,4287.0,35382797.70000002
2025-08-01 09:25:19 AM,1429.1,0,0.0,35382797.70000002
2025-08-01 09:25:22 AM,1429.1,9,12861.9,35395659.60000002
2025-08-01 09:25:24 AM,1429.0,2,2858.0,35398517.60000002
2025-08-01 09:25:29 AM,1429.1,81,115757.09999999999,35514274.70000002
2025-08-01 09:25:37 AM,1430.0,64,91520.0,35605794.70000002
2025-08-01 09:25:39 AM,1430.0,1,1430.0,35607224.70000002
2025-08-01 09:25:44 AM,1430.0,1,1430.0,35608654.70000002
2025-08-01 09:25:52 AM,1430.0,202,288860.0,35897514.70000002
2025-08-01 09:25:54 AM,1431.4,50,71570.0,35969084.70000002
2025-08-01 09:25:59 AM,1430.0,12,17160.0,35986244.70000002
2025-08-01 09:26:07 AM,1429.6,278,397428.8,36383673.500000015
2025-08-01 09:26:14 AM,1428.6,0,0.0,36383673.500000015
2025-08-01 09:26:15 AM,1429.7,41,58617.700000000004,36442291.20000002
2025-08-01 09:26:20 AM,1428.6,0,0.0,36442291.20000002
2025-08-01 09:26:23 AM,1428.6,250,357150.0,36799441.20000002
2025-08-01 09:26:24 AM,1428.6,511,730014.6,37529455.80000002
2025-08-01 09:26:30 AM,1427.4,17,24265.800000000003,37553721.60000002
2025-08-01 09:26:32 AM,1428.3,0,0.0,37553721.60000002
2025-08-01 09:26:35 AM,1426.7,0,0.0,37553721.60000002
2025-08-01 09:26:38 AM,1426.7,101,144096.7,37697818.30000002
2025-08-01 09:26:41 AM,1427.4,0,0.0,37697818.30000002
2025-08-01 09:26:45 AM,1427.4,450,642330.0,38340148.30000002
2025-08-01 09:26:50 AM,1428.6,0,0.0,38340148.30000002
2025-08-01 09:26:53 AM,1428.6,5,7143.0,38347291.30000002
2025-08-01 09:26:57 AM,1428.7,0,0.0,38347291.30000002
2025-08-01 09:27:00 AM,1428.7,51,72863.7,38420155.00000002
2025-08-01 09:27:04 AM,1428.8,0,0.0,38420155.00000002
2025-08-01 09:27:08 AM,1428.8,1,1428.8,38421583.80000002
2025-08-01 09:27:11 AM,1429.1,0,0.0,38421583.80000002
2025-08-01 09:27:15 AM,1429.1,3,4287.299999999999,38425871.10000002
2025-08-01 09:27:17 AM,1429.1,5,7145.5,38433016.60000002
2025-08-01 09:27:21 AM,1428.9,0,0.0,38433016.60000002
2025-08-01 09:27:23 AM,1428.9,3,4286.700000000001,38437303.30000002
2025-08-01 09:27:24 AM,1428.9,1,1428.9,38438732.20000002
2025-08-01 09:27:30 AM,1428.9,6,8573.400000000001,38447305.60000002
2025-08-01 09:27:45 AM,1428.9,1,1428.9,38448734.500000015
2025-08-01 09:27:50 AM,1428.6,0,0.0,38448734.500000015
2025-08-01 09:27:53 AM,1428.6,56,80001.59999999999,38528736.10000002
2025-08-01 09:27:55 AM,1428.4,0,0.0,38528736.10000002
2025-08-01 09:28:00 AM,1428.3,0,0.0,38528736.10000002
2025-08-01 09:28:01 AM,1428.3,199,284231.7,38812967.80000002
2025-08-01 09:28:01 AM,1428.0,0,0.0,38812967.80000002
2025-08-01 09:28:02 AM,1428.0,23,32844.0,38845811.80000002
2025-08-01 09:28:06 AM,1428.4,0,0.0,38845811.80000002
2025-08-01 09:28:08 AM,1428.5,51,72853.5,38918665.30000002
2025-08-01 09:28:16 AM,1428.5,40,57140.0,38975805.30000002
2025-08-01 09:28:24 AM,1428.1,0,0.0,38975805.30000002
2025-08-01 09:28:25 AM,1428.1,265,378446.5,39354251.80000002
2025-08-01 09:28:25 AM,1427.0,0,0.0,39354251.80000002
2025-08-01 09:28:30 AM,1426.5,0,0.0,39354251.80000002
2025-08-01 09:28:31 AM,1426.5,16,22824.0,39377075.80000002
2025-08-01 09:28:33 AM,1426.1,1,1426.1,39378501.90000002
2025-08-01 09:28:36 AM,1426.0,0,0.0,39378501.90000002
2025-08-01 09:28:39 AM,1426.0,17,24242.0,39402743.90000002
2025-08-01 09:28:40 AM,1426.0,22,31372.0,39434115.90000002
2025-08-01 09:28:46 AM,1426.8,0,0.0,39434115.90000002
2025-08-01 09:28:47 AM,1426.8,3,4280.4,39438396.30000002
2025-08-01 09:28:54 AM,1426.9,4,5707.6,39444103.90000002
2025-08-01 09:28:58 AM,1428.3,0,0.0,39444103.90000002
2025-08-01 09:29:02 AM,1428.3,9,12854.699999999999,39456958.600000024
2025-08-01 09:29:03 AM,1427.4,0,0.0,39456958.600000024
2025-08-01 09:29:03 AM,1427.4,3,4282.200000000001,39461240.80000003
2025-08-01 09:29:04 AM,1427.1,0,0.0,39461240.80000003
2025-08-01 09:29:10 AM,1427.1,1,1427.1,39462667.90000003
2025-08-01 09:29:15 AM,1426.8,0,0.0,39462667.90000003
2025-08-01 09:29:17 AM,1426.8,5,7134.0,39469801.90000003
2025-08-01 09:29:32 AM,1426.8,1,1426.8,39471228.700000025
2025-08-01 09:29:33 AM,1426.4,1,1426.4,39472655.100000024
2025-08-01 09:29:40 AM,1427.1,7,9989.699999999999,39482644.80000003
2025-08-01 09:29:45 AM,1426.1,0,0.0,39482644.80000003
2025-08-01 09:29:47 AM,1426.1,1,1426.1,39484070.90000003
2025-08-01 09:29:48 AM,1426.1,3,4278.299999999999,39488349.200000025
2025-08-01 09:29:50 AM,1426.0,0,0.0,39488349.200000025
2025-08-01 09:29:54 AM,1426.0,134,191084.0,39679433.200000025
2025-08-01 09:30:02 AM,1426.0,50,71300.0,39750733.200000025
2025-08-01 09:30:08 AM,1424.0,0,0.0,39750733.200000025
2025-08-01 09:30:10 AM,1424.0,901,1283024.0,41033757.200000025
2025-08-01 09:30:15 AM,1423.0,0,0.0,41033757.200000025
2025-08-01 09:30:18 AM,1423.0,11,15653.0,41049410.200000025
2025-08-01 09:30:18 AM,1423.1,1,1423.1,41050833.30000003
2025-08-01 09:30:32 AM,1423.1,1,1423.1,41052256.40000003
2025-08-01 09:30:33 AM,1423.6,7,9965.199999999999,41062221.60000003
2025-08-01 09:30:36 AM,1423.1,0,0.0,41062221.60000003
2025-08-01 09:30:39 AM,1424.5,63,89743.5,41151965.10000003
2025-08-01 09:30:45 AM,1424.4,0,0.0,41151965.10000003
2025-08-01 09:30:47 AM,1424.4,12,17092.800000000003,41169057.90000003
2025-08-01 09:30:47 AM,1423.7,1,1423.7,41170481.60000003
2025-08-01 09:30:54 AM,1423.3,10,14233.0,41184714.60000003
2025-08-01 09:30:56 AM,1424.5,0,0.0,41184714.60000003
2025-08-01 09:31:01 AM,1424.5,26,37037.0,41221751.60000003
2025-08-01 09:31:07 AM,1423.7,0,0.0,41221751.60000003
2025-08-01 09:31:09 AM,1424.9,19,27073.100000000002,41248824.70000003
2025-08-01 09:31:16 AM,1424.5,17,24216.5,41273041.20000003
2025-08-01 09:31:19 AM,1424.0,0,0.0,41273041.20000003
2025-08-01 09:31:24 AM,1423.8,26,37018.799999999996,41310060.00000003
2025-08-01 09:31:31 AM,1423.8,21,29899.8,41339959.80000003
2025-08-01 09:31:37 AM,1423.9,0,0.0,41339959.80000003
2025-08-01 09:31:38 AM,1423.9,5,7119.5,41347079.30000003
2025-08-01 09:31:45 AM,1424.0,402,572448.0,41919527.30000003
2025-08-01 09:31:52 AM,1424.5,9,12820.5,41932347.80000003
2025-08-01 09:32:06 AM,1424.5,10,14245.0,41946592.80000003
2025-08-01 09:32:20 AM,1424.5,4,5698.0,41952290.80000003
2025-08-01 09:32:27 AM,1424.5,8,11396.0,41963686.80000003
2025-08-01 09:32:34 AM,1424.5,13,18518.5,41982205.30000003
2025-08-01 09:32:48 AM,1424.9,2,2849.8,41985055.100000024
2025-08-01 09:32:55 AM,1425.9,7,9981.300000000001,41995036.40000002
2025-08-01 09:33:09 AM,1425.0,0,0.0,41995036.40000002
2025-08-01 09:33:09 AM,1425.0,18,25650.0,42020686.40000002
2025-08-01 09:33:14 AM,1423.5,0,0.0,42020686.40000002
2025-08-01 09:33:15 AM,1423.5,359,511036.5,42531722.90000002
2025-08-01 09:33:19 AM,1425.8,0,0.0,42531722.90000002
2025-08-01 09:33:22 AM,1423.8,205,291879.0,42823601.90000002
2025-08-01 09:33:24 AM,1423.2,0,0.0,42823601.90000002
2025-08-01 09:33:29 AM,1423.8,0,0.0,42823601.90000002
2025-08-01 09:33:29 AM,1423.8,126,179398.8,43003000.70000002
2025-08-01 09:33:36 AM,1423.8,111,158041.8,43161042.500000015
2025-08-01 09:33:43 AM,1423.6,2,2847.2,43163889.70000002
2025-08-01 09:33:44 AM,1423.3,0,0.0,43163889.70000002
2025-08-01 09:33:49 AM,1423.2,0,0.0,43163889.70000002
2025-08-01 09:33:50 AM,1423.2,9,12808.800000000001,43176698.500000015
2025-08-01 09:33:57 AM,1423.9,13,18510.7,43195209.20000002
2025-08-01 09:33:59 AM,1423.4,0,0.0,43195209.20000002
2025-08-01 09:34:04 AM,1424.1,218,310453.8,43505663.000000015
2025-08-01 09:34:09 AM,1424.3,0,0.0,43505663.000000015
2025-08-01 09:34:11 AM,1424.3,2,2848.6,43508511.60000002
2025-08-01 09:34:17 AM,1425.5,0,0.0,43508511.60000002
2025-08-01 09:34:18 AM,1425.5,18,25659.0,43534170.60000002
2025-08-01 09:34:22 AM,1424.6,0,0.0,43534170.60000002
2025-08-01 09:34:24 AM,1424.2,0,0.0,43534170.60000002
2025-08-01 09:34:25 AM,1424.2,2,2848.4,43537019.000000015
2025-08-01 09:34:29 AM,1424.0,0,0.0,43537019.000000015
2025-08-01 09:34:32 AM,1424.0,1,1424.0,43538443.000000015
2025-08-01 09:34:46 AM,1423.5,1,1423.5,43539866.500000015
2025-08-01 09:34:53 AM,1423.5,5,7117.5,43546984.000000015
2025-08-01 09:35:07 AM,1423.5,7,9964.5,43556948.500000015
2025-08-01 09:35:14 AM,1423.5,3,4270.5,43561219.000000015
2025-08-01 09:35:19 AM,1423.4,0,0.0,43561219.000000015
2025-08-01 09:35:21 AM,1423.4,190,270446.0,43831665.000000015
2025-08-01 09:35:29 AM,1423.0,0,0.0,43831665.000000015
2025-08-01 09:35:34 AM,1421.9,0,0.0,43831665.000000015
2025-08-01 09:35:35 AM,1421.9,329,467805.10000000003,44299470.10000002
2025-08-01 09:35:39 AM,1420.3,0,0.0,44299470.10000002
2025-08-01 09:35:42 AM,1421.1,306,434856.6,44734326.70000002
2025-08-01 09:35:48 AM,1420.5,5,7102.5,44741429.20000002
2025-08-01 09:35:54 AM,1420.7,0,0.0,44741429.20000002
2025-08-01 09:35:55 AM,1420.7,2,2841.4,44744270.60000002
2025-08-01 09:35:59 AM,1420.8,0,0.0,44744270.60000002
2025-08-01 09:36:01 AM,1420.8,1,1420.8,44745691.40000001
2025-08-01 09:36:02 AM,1420.8,8,11366.4,44757057.80000001
2025-08-01 09:36:08 AM,1420.7,3,4262.1,44761319.90000001
2025-08-01 09:36:11 AM,1420.6,0,0.0,44761319.90000001
2025-08-01 09:36:15 AM,1420.1,0,0.0,44761319.90000001
2025-08-01 09:36:15 AM,1420.1,42,59644.2,44820964.10000002
2025-08-01 09:36:19 AM,1420.7,0,0.0,44820964.10000002
2025-08-01 09:36:19 AM,1421.1,0,0.0,44820964.10000002
2025-08-01 09:36:22 AM,1420.8,314,446131.2,45267095.30000002
2025-08-01 09:36:27 AM,1421.2,0,0.0,45267095.30000002
2025-08-01 09:36:28 AM,1421.2,47,66796.40000000001,45333891.70000002
2025-08-01 09:36:31 AM,1421.6,0,0.0,45333891.70000002
2025-08-01 09:36:31 AM,1421.1,0,0.0,45333891.70000002
2025-08-01 09:36:35 AM,1421.1,37,52580.7,45386472.40000002
2025-08-01 09:36:39 AM,1421.8,0,0.0,45386472.40000002
2025-08-01 09:36:41 AM,1421.8,14,19905.2,45406377.600000024
2025-08-01 09:36:41 AM,1421.1,4,5684.4,45412062.00000002
2025-08-01 09:36:43 AM,1421.6,0,0.0,45412062.00000002
2025-08-01 09:36:48 AM,1421.6,5,7108.0,45419170.00000002
2025-08-01 09:36:48 AM,1421.6,5,7108.0,45426278.00000002
2025-08-01 09:36:54 AM,1421.6,29,41226.399999999994,45467504.40000002
2025-08-01 09:37:01 AM,1421.6,1,1421.6,45468926.00000002
2025-08-01 09:37:01 AM,1421.6,110,156376.0,45625302.00000002
2025-08-01 09:37:08 AM,1421.1,315,447646.5,46072948.50000002
2025-08-01 09:37:12 AM,1420.2,0,0.0,46072948.50000002
2025-08-01 09:37:15 AM,1420.2,4,5680.8,46078629.30000002
2025-08-01 09:37:18 AM,1421.0,0,0.0,46078629.30000002
2025-08-01 09:37:22 AM,1418.3,0,0.0,46078629.30000002
2025-08-01 09:37:22 AM,1418.3,833,1181443.9,47260073.20000002
2025-08-01 09:37:23 AM,1420.0,0,0.0,47260073.20000002
2025-08-01 09:37:29 AM,1420.0,18,25560.0,47285633.20000002
2025-08-01 09:37:36 AM,1419.5,2,2839.0,47288472.20000002
2025-08-01 09:37:37 AM,1419.4,0,0.0,47288472.20000002
2025-08-01 09:37:41 AM,1419.2,0,0.0,47288472.20000002
2025-08-01 09:37:43 AM,1419.2,13,18449.600000000002,47306921.80000002
2025-08-01 09:37:56 AM,1420.0,54,76680.0,47383601.80000002
2025-08-01 09:38:02 AM,1419.2,0,0.0,47383601.80000002
2025-08-01 09:38:02 AM,1419.2,95,134824.0,47518425.80000002
2025-08-01 09:38:09 AM,1418.3,13,18437.899999999998,47536863.70000002
2025-08-01 09:38:19 AM,1418.1,0,0.0,47536863.70000002
2025-08-01 09:38:23 AM,1418.1,7,9926.699999999999,47546790.40000002
2025-08-01 09:38:29 AM,1418.0,0,0.0,47546790.40000002
2025-08-01 09:38:30 AM,1418.0,60,85080.0,47631870.40000002
2025-08-01 09:38:34 AM,1417.2,0,0.0,47631870.40000002
2025-08-01 09:38:36 AM,1417.2,210,297612.0,47929482.40000002
2025-08-01 09:38:39 AM,1416.7,0,0.0,47929482.40000002
2025-08-01 09:38:43 AM,1417.0,100,141700.0,48071182.40000002
2025-08-01 09:38:47 AM,1416.9,0,0.0,48071182.40000002
2025-08-01 09:38:50 AM,1416.9,103,145940.7,48217123.100000024
2025-08-01 09:38:50 AM,1417.4,125,177175.0,48394298.100000024
2025-08-01 09:38:55 AM,1416.9,0,0.0,48394298.100000024
2025-08-01 09:38:56 AM,1416.9,4,5667.6,48399965.700000025
2025-08-01 09:39:04 AM,1417.0,0,0.0,48399965.700000025
2025-08-01 09:39:10 AM,1417.0,10,14170.0,48414135.700000025
2025-08-01 09:39:17 AM,1417.0,100,141700.0,48555835.700000025
2025-08-01 09:39:23 AM,1417.0,2,2834.0,48558669.700000025
2025-08-01 09:39:30 AM,1417.0,1,1417.0,48560086.700000025
2025-08-01 09:39:40 AM,1417.9,0,0.0,48560086.700000025
2025-08-01 09:39:41 AM,1417.0,0,0.0,48560086.700000025
2025-08-01 09:39:43 AM,1417.0,55,77935.0,48638021.700000025
2025-08-01 09:39:44 AM,1417.4,2,2834.8,48640856.50000002
2025-08-01 09:39:50 AM,1417.4,21,29765.4,48670621.90000002
2025-08-01 09:40:03 AM,1417.4,8,11339.2,48681961.100000024
2025-08-01 09:40:09 AM,1417.4,6,8504.400000000001,48690465.50000002
2025-08-01 09:40:17 AM,1417.4,2,2834.8,48693300.30000002
2025-08-01 09:40:18 AM,1417.5,0,0.0,48693300.30000002
2025-08-01 09:40:22 AM,1417.5,2,2835.0,48696135.30000002
2025-08-01 09:40:30 AM,1417.8,2,2835.6,48698970.90000002
2025-08-01 09:40:39 AM,1417.5,0,0.0,48698970.90000002
2025-08-01 09:40:42 AM,1418.2,4,5672.8,48704643.70000002
2025-08-01 09:40:47 AM,1418.4,0,0.0,48704643.70000002
2025-08-01 09:40:48 AM,1419.8,0,0.0,48704643.70000002
2025-08-01 09:40:49 AM,1419.5,104,147628.0,48852271.70000002
2025-08-01 09:40:52 AM,1419.6,0,0.0,48852271.70000002
2025-08-01 09:40:55 AM,1420.9,223,316860.7,49169132.40000002
2025-08-01 09:41:02 AM,1420.6,4,5682.4,49174814.80000002
2025-08-01 09:41:02 AM,1420.8,0,0.0,49174814.80000002
2025-08-01 09:41:03 AM,1420.8,2,2841.6,49177656.40000002
2025-08-01 09:41:11 AM,1421.7,0,0.0,49177656.40000002
2025-08-01 09:41:15 AM,1422.1,327,465026.69999999995,49642683.100000024
2025-08-01 09:41:22 AM,1423.0,12,17076.0,49659759.100000024
2025-08-01 09:41:29 AM,1423.1,31,44116.1,49703875.200000025
2025-08-01 09:41:35 AM,1423.4,19,27044.600000000002,49730919.80000003
2025-08-01 09:41:39 AM,1423.6,0,0.0,49730919.80000003
2025-08-01 09:41:42 AM,1424.2,124,176600.80000000002,49907520.600000024
2025-08-01 09:41:49 AM,1424.2,39,55543.8,49963064.40000002
2025-08-01 09:41:55 AM,1423.6,2,2847.2,49965911.600000024
2025-08-01 09:41:55 AM,1424.2,0,0.0,49965911.600000024
2025-08-01 09:41:56 AM,1424.2,2,2848.4,49968760.00000002
2025-08-01 09:41:59 AM,1424.8,0,0.0,49968760.00000002
2025-08-01 09:42:01 AM,1424.8,12,17097.6,49985857.600000024
2025-08-01 09:42:08 AM,1424.2,1,1424.2,49987281.80000003
2025-08-01 09:42:12 AM,1425.2,0,0.0,49987281.80000003
2025-08-01 09:42:15 AM,1424.0,203,289072.0,50276353.80000003
2025-08-01 09:42:16 AM,1423.6,29,41284.399999999994,50317638.200000025
2025-08-01 09:42:20 AM,1424.3,0,0.0,50317638.200000025
2025-08-01 09:42:21 AM,1424.3,205,291981.5,50609619.700000025
2025-08-01 09:42:28 AM,1423.6,125,177950.0,50787569.700000025
2025-08-01 09:42:35 AM,1424.4,20,28488.0,50816057.700000025
2025-08-01 09:42:41 AM,1425.8,290,413482.0,51229539.700000025
2025-08-01 09:42:47 AM,1425.2,1,1425.2,51230964.90000003
2025-08-01 09:42:48 AM,1425.8,208,296566.39999999997,51527531.30000003
2025-08-01 09:42:50 AM,1428.3,0,0.0,51527531.30000003
2025-08-01 09:42:50 AM,1429.0,0,0.0,51527531.30000003
2025-08-01 09:42:54 AM,1428.1,0,0.0,51527531.30000003
2025-08-01 09:42:54 AM,1428.1,412,588377.2,52115908.50000003
2025-08-01 09:42:58 AM,1428.5,0,0.0,52115908.50000003
2025-08-01 09:43:00 AM,1428.5,9,12856.5,52128765.00000003
2025-08-01 09:43:02 AM,1428.6,0,0.0,52128765.00000003
2025-08-01 09:43:06 AM,1428.9,0,0.0,52128765.00000003
2025-08-01 09:43:07 AM,1428.9,7,10002.300000000001,52138767.30000003
2025-08-01 09:43:10 AM,1428.6,0,0.0,52138767.30000003
2025-08-01 09:43:13 AM,1428.6,5,7143.0,52145910.30000003
2025-08-01 09:43:18 AM,1428.3,0,0.0,52145910.30000003
2025-08-01 09:43:18 AM,1432.7,0,0.0,52145910.30000003
2025-08-01 09:43:20 AM,1432.9,1800,2579220.0,54725130.30000003
2025-08-01 09:43:22 AM,1434.4,0,0.0,54725130.30000003
2025-08-01 09:43:26 AM,1433.7,0,0.0,54725130.30000003
2025-08-01 09:43:27 AM,1433.7,222,318281.4,55043411.700000025
2025-08-01 09:43:34 AM,1433.9,0,0.0,55043411.700000025
2025-08-01 09:43:38 AM,1434.1,0,0.0,55043411.700000025
2025-08-01 09:43:40 AM,1434.1,30,43023.0,55086434.700000025
2025-08-01 09:43:46 AM,1434.4,0,0.0,55086434.700000025
2025-08-01 09:43:46 AM,1434.4,50,71720.0,55158154.700000025
2025-08-01 09:43:53 AM,1434.4,19,27253.600000000002,55185408.30000003
2025-08-01 09:43:59 AM,1434.4,100,143440.0,55328848.30000003
2025-08-01 09:44:06 AM,1434.4,14,20081.600000000002,55348929.90000003
2025-08-01 09:44:13 AM,1434.4,8,11475.2,55360405.10000003
2025-08-01 09:44:14 AM,1434.1,0,0.0,55360405.10000003
2025-08-01 09:44:20 AM,1434.1,110,157751.0,55518156.10000003
2025-08-01 09:44:22 AM,1434.2,0,0.0,55518156.10000003
2025-08-01 09:44:24 AM,1434.3,0,0.0,55518156.10000003
2025-08-01 09:44:26 AM,1434.3,4,5737.2,55523893.300000034
2025-08-01 09:44:32 AM,1434.3,2,2868.6,55526761.900000036
2025-08-01 09:44:33 AM,1434.3,1,1434.3,55528196.20000003
2025-08-01 09:44:34 AM,1434.1,0,0.0,55528196.20000003
2025-08-01 09:44:36 AM,1434.9,0,0.0,55528196.20000003
2025-08-01 09:44:39 AM,1434.9,413,592613.7000000001,56120809.900000036
2025-08-01 09:44:42 AM,1434.3,0,0.0,56120809.900000036
2025-08-01 09:44:44 AM,1434.1,0,0.0,56120809.900000036
2025-08-01 09:44:45 AM,1434.1,5,7170.5,56127980.400000036
2025-08-01 09:44:46 AM,1434.6,45,64556.99999999999,56192537.400000036
2025-08-01 09:44:50 AM,1433.8,0,0.0,56192537.400000036
2025-08-01 09:44:52 AM,1433.8,65,93197.0,56285734.400000036
2025-08-01 09:44:53 AM,1433.5,50,71675.0,56357409.400000036
2025-08-01 09:44:58 AM,1434.5,45,64552.5,56421961.900000036
2025-08-01 09:45:02 AM,1433.5,0,0.0,56421961.900000036
2025-08-01 09:45:05 AM,1433.5,2,2867.0,56424828.900000036
2025-08-01 09:45:13 AM,1433.1,6,8598.599999999999,56433427.50000004
2025-08-01 09:45:18 AM,1433.2,5,7166.0,56440593.50000004
2025-08-01 09:45:22 AM,1433.3,0,0.0,56440593.50000004
2025-08-01 09:45:24 AM,1433.3,22,31532.6,56472126.10000004
2025-08-01 09:45:26 AM,1433.0,0,0.0,56472126.10000004
2025-08-01 09:45:30 AM,1432.8,0,0.0,56472126.10000004
2025-08-01 09:45:31 AM,1432.8,12,17193.6,56489319.70000004
2025-08-01 09:45:37 AM,1431.5,240,343560.0,56832879.70000004
2025-08-01 09:45:45 AM,1432.7,10,14327.0,56847206.70000004
2025-08-01 09:45:46 AM,1431.5,0,0.0,56847206.70000004
2025-08-01 09:45:51 AM,1431.5,5,7157.5,56854364.20000004
2025-08-01 09:45:52 AM,1431.5,50,71575.0,56925939.20000004
2025-08-01 09:46:04 AM,1430.6,310,443486.0,57369425.20000004
2025-08-01 09:46:10 AM,1430.0,55,78650.0,57448075.20000004
2025-08-01 09:46:11 AM,1430.0,1,1430.0,57449505.20000004
2025-08-01 09:46:14 AM,1430.8,0,0.0,57449505.20000004
2025-08-01 09:46:16 AM,1430.8,2,2861.6,57452366.80000004
2025-08-01 09:46:18 AM,1430.0,8,11440.0,57463806.80000004
2025-08-01 09:46:23 AM,1430.0,200,286000.0,57749806.80000004
2025-08-01 09:46:24 AM,1430.0,410,586300.0,58336106.80000004
2025-08-01 09:46:35 AM,1431.2,0,0.0,58336106.80000004
2025-08-01 09:46:35 AM,1431.2,42,60110.4,58396217.20000004
2025-08-01 09:46:36 AM,1430.6,0,0.0,58396217.20000004
2025-08-01 09:46:37 AM,1430.6,4,5722.4,58401939.60000004
2025-08-01 09:46:47 AM,1431.4,0,0.0,58401939.60000004
2025-08-01 09:46:48 AM,1431.4,1,1431.4,58403371.00000004
2025-08-01 09:46:50 AM,1430.4,4,5721.6,58409092.60000004
2025-08-01 09:46:51 AM,1430.3,0,0.0,58409092.60000004
2025-08-01 09:46:54 AM,1430.4,16,22886.4,58431979.00000004
2025-08-01 09:47:13 AM,1430.4,1,1430.4,58433409.400000036
2025-08-01 09:47:15 AM,1433.0,0,0.0,58433409.400000036
2025-08-01 09:47:15 AM,1433.0,335,480055.0,58913464.400000036
2025-08-01 09:47:19 AM,1432.7,0,0.0,58913464.400000036
2025-08-01 09:47:19 AM,1432.7,3,4298.1,58917762.50000004
2025-08-01 09:47:24 AM,1432.5,0,0.0,58917762.50000004
2025-08-01 09:47:25 AM,1432.5,104,148980.0,59066742.50000004
2025-08-01 09:47:31 AM,1432.5,4,5730.0,59072472.50000004
2025-08-01 09:47:41 AM,1433.5,0,0.0,59072472.50000004
2025-08-01 09:47:41 AM,1433.5,100,143350.0,59215822.50000004
2025-08-01 09:47:45 AM,1432.5,50,71625.0,59287447.50000004
2025-08-01 09:47:52 AM,1432.5,1,1432.5,59288880.00000004
2025-08-01 09:47:54 AM,1432.5,15,21487.5,59310367.50000004
2025-08-01 09:47:58 AM,1432.5,5,7162.5,59317530.00000004
2025-08-01 09:48:01 AM,1432.5,1,1432.5,59318962.50000004
2025-08-01 09:48:10 AM,1433.4,0,0.0,59318962.50000004
2025-08-01 09:48:11 AM,1433.4,2,2866.8,59321829.300000034
2025-08-01 09:48:17 AM,1433.5,121,173453.5,59495282.800000034
2025-08-01 09:48:18 AM,1433.2,0,0.0,59495282.800000034
2025-08-01 09:48:20 AM,1433.2,1,1433.2,59496716.00000004
2025-08-01 09:48:22 AM,1433.9,0,0.0,59496716.00000004
2025-08-01 09:48:24 AM,1433.9,6,8603.400000000001,59505319.400000036
2025-08-01 09:48:27 AM,1433.2,3,4299.6,59509619.00000004
2025-08-01 09:48:31 AM,1433.2,3,4299.6,59513918.60000004
2025-08-01 09:48:37 AM,1433.9,40,57356.0,59571274.60000004
2025-08-01 09:48:40 AM,1434.2,1,1434.2,59572708.80000004
2025-08-01 09:48:42 AM,1433.9,0,0.0,59572708.80000004
2025-08-01 09:48:42 AM,1433.3,0,0.0,59572708.80000004
2025-08-01 09:48:43 AM,1433.3,106,151929.8,59724638.60000004
2025-08-01 09:49:05 AM,1433.3,6,8599.8,59733238.400000036
2025-08-01 09:49:06 AM,1434.7,0,0.0,59733238.400000036
2025-08-01 09:49:09 AM,1434.7,110,157817.0,59891055.400000036
2025-08-01 09:49:14 AM,1433.9,0,0.0,59891055.400000036
2025-08-01 09:49:15 AM,1433.9,2,2867.8,59893923.20000003
2025-08-01 09:49:17 AM,1436.0,230,330280.0,60224203.20000003
2025-08-01 09:49:18 AM,1436.8,0,0.0,60224203.20000003
2025-08-01 09:49:21 AM,1436.8,237,340521.6,60564724.800000034
2025-08-01 09:49:24 AM,1435.7,0,0.0,60564724.800000034
2025-08-01 09:49:27 AM,1435.7,821,1178709.7,61743434.50000004
2025-08-01 09:49:30 AM,1434.6,0,0.0,61743434.50000004
2025-08-01 09:49:30 AM,1434.6,16,22953.6,61766388.10000004
2025-08-01 09:49:34 AM,1434.6,112,160675.19999999998,61927063.30000004
2025-08-01 09:49:39 AM,1434.1,0,0.0,61927063.30000004
2025-08-01 09:49:40 AM,1434.1,1,1434.1,61928497.40000004
2025-08-01 09:49:43 AM,1434.1,5,7170.5,61935667.90000004
2025-08-01 09:49:45 AM,1434.6,0,0.0,61935667.90000004
2025-08-01 09:49:46 AM,1434.6,15,21519.0,61957186.90000004
2025-08-01 09:49:54 AM,1434.1,0,0.0,61957186.90000004
2025-08-01 09:49:55 AM,1434.1,2,2868.2,61960055.100000046
2025-08-01 09:50:02 AM,1434.1,5,7170.5,61967225.600000046
2025-08-01 09:50:05 AM,1434.0,0,0.0,61967225.600000046
2025-08-01 09:50:08 AM,1434.0,7,10038.0,61977263.600000046
2025-08-01 09:50:17 AM,1435.7,0,0.0,61977263.600000046
2025-08-01 09:50:18 AM,1434.1,123,176394.3,62153657.90000004
2025-08-01 09:50:35 AM,1435.7,0,0.0,62153657.90000004
2025-08-01 09:50:37 AM,1435.7,75,107677.5,62261335.40000004
2025-08-01 09:50:40 AM,1435.7,1,1435.7,62262771.100000046
2025-08-01 09:50:47 AM,1434.9,0,0.0,62262771.100000046
2025-08-01 09:50:50 AM,1434.9,10,14349.0,62277120.100000046
2025-08-01 09:50:58 AM,1434.8,0,0.0,62277120.100000046
2025-08-01 09:50:58 AM,1434.8,9,12913.199999999999,62290033.30000005
2025-08-01 09:51:02 AM,1434.8,3,4304.4,62294337.70000005
2025-08-01 09:51:04 AM,1434.7,39,55953.3,62350291.000000045
2025-08-01 09:51:13 AM,1435.0,0,0.0,62350291.000000045
2025-08-01 09:51:15 AM,1435.0,6,8610.0,62358901.000000045
2025-08-01 09:51:17 AM,1435.0,160,229600.0,62588501.000000045
2025-08-01 09:51:20 AM,1436.1,0,0.0,62588501.000000045
2025-08-01 09:51:21 AM,1436.1,49,70368.9,62658869.90000004
2025-08-01 09:51:25 AM,1436.5,0,0.0,62658869.90000004
2025-08-01 09:51:27 AM,1436.5,5,7182.5,62666052.40000004
2025-08-01 09:51:33 AM,1436.5,5,7182.5,62673234.90000004
2025-08-01 09:51:37 AM,1437.0,0,0.0,62673234.90000004
2025-08-01 09:51:40 AM,1437.0,1,1437.0,62674671.90000004
2025-08-01 09:51:41 AM,1438.0,0,0.0,62674671.90000004
2025-08-01 09:51:42 AM,1438.0,100,143800.0,62818471.90000004
2025-08-01 09:51:46 AM,1437.0,5,7185.0,62825656.90000004
2025-08-01 09:51:52 AM,1437.0,5,7185.0,62832841.90000004
2025-08-01 09:51:55 AM,1437.0,3,4311.0,62837152.90000004
2025-08-01 09:51:58 AM,1437.7,6,8626.2,62845779.100000046
2025-08-01 09:52:07 AM,1443.6,2317,3344821.1999999997,66190600.30000005
2025-08-01 09:52:10 AM,1444.9,659,952189.1000000001,67142789.40000005
2025-08-01 09:52:13 AM,1443.4,0,0.0,67142789.40000005
2025-08-01 09:52:13 AM,1443.1,98,141423.8,67284213.20000005
2025-08-01 09:52:16 AM,1443.4,0,0.0,67284213.20000005
2025-08-01 09:52:17 AM,1443.4,78,112585.20000000001,67396798.40000005
2025-08-01 09:52:19 AM,1442.5,0,0.0,67396798.40000005
2025-08-01 09:52:20 AM,1442.5,200,288500.0,67685298.40000005
2025-08-01 09:52:22 AM,1441.3,0,0.0,67685298.40000005
2025-08-01 09:52:23 AM,1441.3,100,144130.0,67829428.40000005
2025-08-01 09:52:28 AM,1440.6,0,0.0,67829428.40000005
2025-08-01 09:52:29 AM,1440.6,266,383199.6,68212628.00000004
2025-08-01 09:52:31 AM,1441.8,0,0.0,68212628.00000004
2025-08-01 09:52:31 AM,1441.3,0,0.0,68212628.00000004
2025-08-01 09:52:32 AM,1441.3,250,360325.0,68572953.00000004
2025-08-01 09:52:34 AM,1440.1,0,0.0,68572953.00000004
2025-08-01 09:52:34 AM,1442.2,0,0.0,68572953.00000004
2025-08-01 09:52:35 AM,1442.2,209,301419.8,68874372.80000004
2025-08-01 09:52:46 AM,1440.9,0,0.0,68874372.80000004
2025-08-01 09:52:47 AM,1440.9,25,36022.5,68910395.30000004
2025-08-01 09:52:49 AM,1442.5,0,0.0,68910395.30000004
2025-08-01 09:52:49 AM,1442.2,0,0.0,68910395.30000004
2025-08-01 09:52:50 AM,1442.2,160,230752.0,69141147.30000004
2025-08-01 09:52:53 AM,1442.5,22,31735.0,69172882.30000004
2025-08-01 09:53:01 AM,1439.1,0,0.0,69172882.30000004
2025-08-01 09:53:01 AM,1440.6,0,0.0,69172882.30000004
2025-08-01 09:53:02 AM,1440.6,352,507091.19999999995,69679973.50000004
2025-08-01 09:53:04 AM,1439.0,0,0.0,69679973.50000004
2025-08-01 09:53:05 AM,1439.0,811,1167029.0,70847002.50000004
2025-08-01 09:53:12 AM,1438.7,214,307881.8,71154884.30000004
2025-08-01 09:53:13 AM,1437.8,0,0.0,71154884.30000004
2025-08-01 09:53:13 AM,1438.9,0,0.0,71154884.30000004
2025-08-01 09:53:14 AM,1438.9,77,110795.3,71265679.60000004
2025-08-01 09:53:16 AM,1437.2,0,0.0,71265679.60000004
2025-08-01 09:53:18 AM,1437.2,1,1437.2,71267116.80000004
2025-08-01 09:53:20 AM,1436.3,0,0.0,71267116.80000004
2025-08-01 09:53:20 AM,1436.3,6,8617.8,71275734.60000004
2025-08-01 09:53:23 AM,1435.3,0,0.0,71275734.60000004
2025-08-01 09:53:24 AM,1435.3,100,143530.0,71419264.60000004
2025-08-01 09:53:26 AM,1437.9,0,0.0,71419264.60000004
2025-08-01 09:53:26 AM,1436.5,0,0.0,71419264.60000004
2025-08-01 09:53:26 AM,1436.5,101,145086.5,71564351.10000004
2025-08-01 09:53:38 AM,1436.0,0,0.0,71564351.10000004
2025-08-01 09:53:38 AM,1434.5,571,819099.5,72383450.60000004
2025-08-01 09:53:41 AM,1434.0,0,0.0,72383450.60000004
2025-08-01 09:53:43 AM,1434.0,497,712698.0,73096148.60000004
2025-08-01 09:53:44 AM,1432.9,0,0.0,73096148.60000004
2025-08-01 09:53:45 AM,1433.1,101,144743.09999999998,73240891.70000003
2025-08-01 09:53:49 AM,1432.8,452,647625.6,73888517.30000003
2025-08-01 09:53:50 AM,1431.5,0,0.0,73888517.30000003
2025-08-01 09:53:51 AM,1431.5,40,57260.0,73945777.30000003
2025-08-01 09:53:53 AM,1430.6,0,0.0,73945777.30000003
2025-08-01 09:53:55 AM,1430.6,247,353358.19999999995,74299135.50000003
2025-08-01 09:54:20 AM,1432.2,10,14322.0,74313457.50000003
2025-08-01 09:54:26 AM,1432.8,0,0.0,74313457.50000003
2025-08-01 09:54:27 AM,1432.8,100,143280.0,74456737.50000003
2025-08-01 09:54:51 AM,1432.3,50,71615.0,74528352.50000003
2025-08-01 09:54:54 AM,1431.3,0,0.0,74528352.50000003
2025-08-01 09:54:56 AM,1431.3,10,14313.0,74542665.50000003
2025-08-01 09:55:02 AM,1432.2,701,1003972.2000000001,75546637.70000003
2025-08-01 09:55:15 AM,1433.4,0,0.0,75546637.70000003
2025-08-01 09:55:20 AM,1432.2,802,1148624.4000000001,76695262.10000004
2025-08-01 09:55:29 AM,1431.2,0,0.0,76695262.10000004
2025-08-01 09:55:32 AM,1431.2,1,1431.2,76696693.30000004
2025-08-01 09:55:44 AM,1431.0,2,2862.0,76699555.30000004
2025-08-01 09:55:49 AM,1431.8,0,0.0,76699555.30000004
2025-08-01 09:55:50 AM,1431.8,3,4295.4,76703850.70000005
2025-08-01 09:55:53 AM,1430.5,0,0.0,76703850.70000005
2025-08-01 09:55:56 AM,1430.0,0,0.0,76703850.70000005
2025-08-01 09:55:56 AM,1429.8,600,857880.0,77561730.70000005
2025-08-01 09:56:05 AM,1432.9,0,0.0,77561730.70000005
2025-08-01 09:56:08 AM,1432.9,292,418406.80000000005,77980137.50000004
2025-08-01 09:56:12 AM,1434.5,0,0.0,77980137.50000004
2025-08-01 09:56:14 AM,1435.0,0,0.0,77980137.50000004
2025-08-01 09:56:14 AM,1435.0,226,324310.0,78304447.50000004
2025-08-01 09:56:18 AM,1436.8,0,0.0,78304447.50000004
2025-08-01 09:56:20 AM,1435.2,0,0.0,78304447.50000004
2025-08-01 09:56:20 AM,1435.2,113,162177.6,78466625.10000004
2025-08-01 09:56:23 AM,1436.1,0,0.0,78466625.10000004
2025-08-01 09:56:26 AM,1435.4,0,0.0,78466625.10000004
2025-08-01 09:56:26 AM,1435.4,4,5741.6,78472366.70000003
2025-08-01 09:56:30 AM,1436.0,0,0.0,78472366.70000003
2025-08-01 09:56:32 AM,1436.0,25,35900.0,78508266.70000003
2025-08-01 09:56:38 AM,1434.9,1,1434.9,78509701.60000004
2025-08-01 09:56:41 AM,1436.1,0,0.0,78509701.60000004
2025-08-01 09:56:44 AM,1436.1,3,4308.299999999999,78514009.90000004
2025-08-01 09:56:48 AM,1434.9,0,0.0,78514009.90000004
2025-08-01 09:56:51 AM,1435.6,16,22969.6,78536979.50000003
2025-08-01 09:56:56 AM,1434.9,0,0.0,78536979.50000003
2025-08-01 09:56:56 AM,1434.9,2,2869.8,78539849.30000003
2025-08-01 09:57:00 AM,1433.8,0,0.0,78539849.30000003
2025-08-01 09:57:02 AM,1434.6,9,12911.4,78552760.70000003
2025-08-01 09:57:08 AM,1433.8,0,0.0,78552760.70000003
2025-08-01 09:57:08 AM,1433.8,2,2867.6,78555628.30000003
2025-08-01 09:57:20 AM,1432.8,0,0.0,78555628.30000003
2025-08-01 09:57:20 AM,1432.8,95,136116.0,78691744.30000003
2025-08-01 09:57:25 AM,1433.0,100,143300.0,78835044.30000003
2025-08-01 09:57:31 AM,1433.2,16,22931.2,78857975.50000003
2025-08-01 09:57:33 AM,1433.2,48,68793.6,78926769.10000002
2025-08-01 09:58:00 AM,1434.7,0,0.0,78926769.10000002
2025-08-01 09:58:01 AM,1434.7,4,5738.8,78932507.90000002
2025-08-01 09:58:08 AM,1435.1,17,24396.699999999997,78956904.60000002
2025-08-01 09:58:13 AM,1435.3,0,0.0,78956904.60000002
2025-08-01 09:58:14 AM,1435.3,3,4305.9,78961210.50000003
2025-08-01 09:58:21 AM,1434.1,0,0.0,78961210.50000003
2025-08-01 09:58:22 AM,1434.1,45,64534.49999999999,79025745.00000003
2025-08-01 09:58:28 AM,1434.1,5,7170.5,79032915.50000003
2025-08-01 09:58:29 AM,1434.0,0,0.0,79032915.50000003
2025-08-01 09:58:32 AM,1434.0,2,2868.0,79035783.50000003
2025-08-01 09:58:44 AM,1434.9,2,2869.8,79038653.30000003
2025-08-01 09:58:50 AM,1433.7,5,7168.5,79045821.80000003
2025-08-01 09:59:05 AM,1433.9,0,0.0,79045821.80000003
2025-08-01 09:59:05 AM,1433.9,34,48752.600000000006,79094574.40000002
2025-08-01 09:59:11 AM,1433.4,0,0.0,79094574.40000002
2025-08-01 09:59:11 AM,1433.4,1,1433.4,79096007.80000003
2025-08-01 09:59:23 AM,1433.2,0,0.0,79096007.80000003
2025-08-01 09:59:24 AM,1433.2,5,7166.0,79103173.80000003
2025-08-01 09:59:36 AM,1432.0,1,1432.0,79104605.80000003
2025-08-01 09:59:44 AM,1431.8,0,0.0,79104605.80000003
2025-08-01 09:59:46 AM,1431.8,1,1431.8,79106037.60000002
2025-08-01 09:59:51 AM,1431.6,0,0.0,79106037.60000002
2025-08-01 09:59:52 AM,1431.6,22,31495.199999999997,79137532.80000003
2025-08-01 09:59:58 AM,1431.6,32,45811.2,79183344.00000003
2025-08-01 10:00:04 AM,1432.1,7,10024.699999999999,79193368.70000003
2025-08-01 10:00:12 AM,1430.1,0,0.0,79193368.70000003
2025-08-01 10:00:14 AM,1431.7,0,0.0,79193368.70000003
2025-08-01 10:00:14 AM,1431.7,635,909129.5,80102498.20000003
2025-08-01 10:00:17 AM,1431.7,32,45814.4,80148312.60000004
2025-08-01 10:00:20 AM,1431.4,0,0.0,80148312.60000004
2025-08-01 10:00:20 AM,1431.4,6,8588.400000000001,80156901.00000004
2025-08-01 10:00:25 AM,1430.2,0,0.0,80156901.00000004
2025-08-01 10:00:30 AM,1430.8,206,294744.8,80451645.80000004
2025-08-01 10:00:32 AM,1430.4,0,0.0,80451645.80000004
2025-08-01 10:00:33 AM,1430.4,25,35760.0,80487405.80000004
2025-08-01 10:00:36 AM,1431.3,7,10019.1,80497424.90000004
2025-08-01 10:00:46 AM,1431.1,30,42933.0,80540357.90000004
2025-08-01 10:00:52 AM,1431.0,174,248994.0,80789351.90000004
2025-08-01 10:00:58 AM,1431.0,495,708345.0,81497696.90000004
2025-08-01 10:01:07 AM,1432.0,0,0.0,81497696.90000004
2025-08-01 10:01:08 AM,1432.0,1,1432.0,81499128.90000004
2025-08-01 10:01:14 AM,1432.4,101,144672.40000000002,81643801.30000004
2025-08-01 10:01:17 AM,1432.4,1,1432.4,81645233.70000005
2025-08-01 10:01:20 AM,1433.4,36,51602.4,81696836.10000005
2025-08-01 10:01:24 AM,1433.8,11,15771.8,81712607.90000005
2025-08-01 10:01:26 AM,1434.4,0,0.0,81712607.90000005
2025-08-01 10:01:26 AM,1434.4,215,308396.0,82021003.90000005
2025-08-01 10:01:29 AM,1433.8,0,0.0,82021003.90000005
2025-08-01 10:01:30 AM,1433.8,8,11470.4,82032474.30000006
2025-08-01 10:01:33 AM,1434.3,0,0.0,82032474.30000006
2025-08-01 10:01:36 AM,1434.2,14,20078.8,82052553.10000005
2025-08-01 10:01:42 AM,1433.5,0,0.0,82052553.10000005
2025-08-01 10:01:42 AM,1433.5,277,397079.5,82449632.60000005
2025-08-01 10:01:44 AM,1433.4,1,1433.4,82451066.00000006
2025-08-01 10:01:48 AM,1432.9,10,14329.0,82465395.00000006
2025-08-01 10:01:51 AM,1432.3,0,0.0,82465395.00000006
2025-08-01 10:01:55 AM,1432.3,4,5729.2,82471124.20000006
2025-08-01 10:02:07 AM,1433.5,10,14335.0,82485459.20000006
2025-08-01 10:02:10 AM,1432.0,0,0.0,82485459.20000006
2025-08-01 10:02:13 AM,1432.0,2,2864.0,82488323.20000006
2025-08-01 10:02:17 AM,1432.7,0,0.0,82488323.20000006
2025-08-01 10:02:20 AM,1432.7,1,1432.7,82489755.90000007
2025-08-01 10:02:26 AM,1433.1,0,0.0,82489755.90000007
2025-08-01 10:02:26 AM,1433.1,3,4299.299999999999,82494055.20000006
2025-08-01 10:02:32 AM,1432.1,1,1432.1,82495487.30000006
2025-08-01 10:02:38 AM,1431.7,35,50109.5,82545596.80000006
2025-08-01 10:02:40 AM,1431.1,9,12879.9,82558476.70000006
2025-08-01 10:02:44 AM,1432.0,0,0.0,82558476.70000006
2025-08-01 10:02:45 AM,1432.0,29,41528.0,82600004.70000006
2025-08-01 10:02:57 AM,1433.0,0,0.0,82600004.70000006
2025-08-01 10:02:58 AM,1433.0,1,1433.0,82601437.70000006
2025-08-01 10:03:10 AM,1431.9,100,143190.0,82744627.70000006
2025-08-01 10:03:13 AM,1433.0,0,0.0,82744627.70000006
2025-08-01 10:03:17 AM,1431.2,0,0.0,82744627.70000006
2025-08-01 10:03:17 AM,1431.2,109,156000.80000000002,82900628.50000006
2025-08-01 10:03:19 AM,1433.5,806,1155401.0,84056029.50000006
2025-08-01 10:03:29 AM,1435.2,0,0.0,84056029.50000006
2025-08-01 10:03:30 AM,1434.8,13,18652.399999999998,84074681.90000007
2025-08-01 10:03:32 AM,1434.6,3,4303.799999999999,84078985.70000006
2025-08-01 10:03:41 AM,1435.3,0,0.0,84078985.70000006
2025-08-01 10:03:43 AM,1435.2,10,14352.0,84093337.70000006
2025-08-01 10:04:34 AM,1435.3,347,498049.1,84591386.80000006
2025-08-01 10:04:38 AM,1435.2,0,0.0,84591386.80000006
2025-08-01 10:04:39 AM,1435.2,43,61713.6,84653100.40000005
2025-08-01 10:04:41 AM,1435.0,260,373100.0,85026200.40000005
2025-08-01 10:04:53 AM,1435.1,2,2870.2,85029070.60000005
2025-08-01 10:04:59 AM,1435.7,2,2871.4,85031942.00000006
2025-08-01 10:05:16 AM,1435.1,2,2870.2,85034812.20000006
2025-08-01 10:05:22 AM,1435.1,6,8610.599999999999,85043422.80000006
2025-08-01 10:05:36 AM,1434.8,0,0.0,85043422.80000006
2025-08-01 10:05:36 AM,1434.8,6,8608.8,85052031.60000005
2025-08-01 10:05:54 AM,1433.6,0,0.0,85052031.60000005
2025-08-01 10:05:54 AM,1433.6,182,260915.19999999998,85312946.80000006
2025-08-01 10:06:03 AM,1432.8,0,0.0,85312946.80000006
2025-08-01 10:06:04 AM,1432.8,9,12895.199999999999,85325842.00000006
2025-08-01 10:06:07 AM,1433.6,25,35840.0,85361682.00000006
2025-08-01 10:06:16 AM,1433.0,14,20062.0,85381744.00000006
2025-08-01 10:06:18 AM,1433.7,2,2867.4,85384611.40000007
2025-08-01 10:06:36 AM,1433.9,0,0.0,85384611.40000007
2025-08-01 10:06:36 AM,1433.9,1057,1515632.3,86900243.70000006
2025-08-01 10:06:42 AM,1434.7,12,17216.4,86917460.10000007
2025-08-01 10:06:50 AM,1435.6,0,0.0,86917460.10000007
2025-08-01 10:06:52 AM,1435.6,224,321574.39999999997,87239034.50000007
2025-08-01 10:06:58 AM,1435.1,12,17221.199999999997,87256255.70000008
2025-08-01 10:07:04 AM,1435.0,12,17220.0,87273475.70000008
2025-08-01 10:07:10 AM,1435.8,0,0.0,87273475.70000008
2025-08-01 10:07:11 AM,1435.8,8,11486.4,87284962.10000008
2025-08-01 10:07:23 AM,1435.0,7,10045.0,87295007.10000008
2025-08-01 10:07:25 AM,1435.0,211,302785.0,87597792.10000008
2025-08-01 10:07:33 AM,1435.4,0,0.0,87597792.10000008
2025-08-01 10:07:36 AM,1435.4,7,10047.800000000001,87607839.90000008
2025-08-01 10:07:43 AM,1435.0,3,4305.0,87612144.90000008
2025-08-01 10:07:47 AM,1434.9,0,0.0,87612144.90000008
2025-08-01 10:07:48 AM,1434.9,13,18653.7,87630798.60000008
2025-08-01 10:07:50 AM,1434.9,1,1434.9,87632233.50000009
2025-08-01 10:07:52 AM,1435.3,0,0.0,87632233.50000009
2025-08-01 10:07:54 AM,1435.3,1,1435.3,87633668.80000009
2025-08-01 10:08:01 AM,1435.7,0,0.0,87633668.80000009
2025-08-01 10:08:02 AM,1435.7,35,50249.5,87683918.30000009
2025-08-01 10:08:06 AM,1434.3,0,0.0,87683918.30000009
2025-08-01 10:08:06 AM,1435.5,175,251212.5,87935130.80000009
2025-08-01 10:08:07 AM,1435.7,0,0.0,87935130.80000009
2025-08-01 10:08:08 AM,1434.5,6,8607.0,87943737.80000009
2025-08-01 10:08:14 AM,1435.9,5,7179.5,87950917.30000009
2025-08-01 10:08:27 AM,1437.0,0,0.0,87950917.30000009
2025-08-01 10:08:27 AM,1437.0,78,112086.0,88063003.30000009
2025-08-01 10:08:29 AM,1436.6,0,0.0,88063003.30000009
2025-08-01 10:08:30 AM,1435.7,0,0.0,88063003.30000009
2025-08-01 10:08:31 AM,1435.7,16,22971.2,88085974.50000009
2025-08-01 10:08:35 AM,1437.1,0,0.0,88085974.50000009
2025-08-01 10:08:37 AM,1437.1,50,71855.0,88157829.50000009
2025-08-01 10:08:45 AM,1436.4,0,0.0,88157829.50000009
2025-08-01 10:08:45 AM,1436.4,1,1436.4,88159265.9000001
2025-08-01 10:08:49 AM,1436.4,5,7182.0,88166447.9000001
2025-08-01 10:08:51 AM,1436.4,3,4309.200000000001,88170757.1000001
2025-08-01 10:08:53 AM,1437.1,0,0.0,88170757.1000001
2025-08-01 10:08:55 AM,1438.7,114,164011.80000000002,88334768.9000001
2025-08-01 10:08:56 AM,1437.3,0,0.0,88334768.9000001
2025-08-01 10:08:56 AM,1437.3,6,8623.8,88343392.70000009
2025-08-01 10:09:00 AM,1437.9,0,0.0,88343392.70000009
2025-08-01 10:09:01 AM,1437.4,107,153801.80000000002,88497194.50000009
2025-08-01 10:09:19 AM,1437.6,1,1437.6,88498632.10000008
2025-08-01 10:09:20 AM,1437.6,3,4312.799999999999,88502944.90000008
2025-08-01 10:09:26 AM,1437.2,0,0.0,88502944.90000008
2025-08-01 10:09:26 AM,1437.2,25,35930.0,88538874.90000008
2025-08-01 10:09:27 AM,1437.6,0,0.0,88538874.90000008
2025-08-01 10:09:30 AM,1437.6,5,7188.0,88546062.90000008
2025-08-01 10:09:33 AM,1439.0,0,0.0,88546062.90000008
2025-08-01 10:09:35 AM,1440.0,0,0.0,88546062.90000008
2025-08-01 10:09:36 AM,1440.0,68,97920.0,88643982.90000008
2025-08-01 10:09:44 AM,1439.4,1,1439.4,88645422.30000009
2025-08-01 10:09:48 AM,1440.0,1,1440.0,88646862.30000009
2025-08-01 10:09:53 AM,1440.1,0,0.0,88646862.30000009
2025-08-01 10:09:53 AM,1441.0,21,30261.0,88677123.30000009
2025-08-01 10:09:54 AM,1440.0,0,0.0,88677123.30000009
2025-08-01 10:09:55 AM,1440.0,50,72000.0,88749123.30000009
2025-08-01 10:09:56 AM,1441.3,0,0.0,88749123.30000009
2025-08-01 10:09:59 AM,1440.0,274,394560.0,89143683.30000009
2025-08-01 10:10:00 AM,1440.8,12,17289.6,89160972.90000008
2025-08-01 10:10:02 AM,1441.4,0,0.0,89160972.90000008
2025-08-01 10:10:04 AM,1441.4,30,43242.0,89204214.90000008
2025-08-01 10:10:15 AM,1440.0,0,0.0,89204214.90000008
2025-08-01 10:10:16 AM,1440.0,55,79200.0,89283414.90000008
2025-08-01 10:10:18 AM,1438.7,0,0.0,89283414.90000008
2025-08-01 10:10:18 AM,1438.7,250,359675.0,89643089.90000008
2025-08-01 10:10:22 AM,1440.3,15,21604.5,89664694.40000008
2025-08-01 10:10:26 AM,1440.4,0,0.0,89664694.40000008
2025-08-01 10:10:28 AM,1440.4,18,25927.2,89690621.60000008
2025-08-01 10:10:32 AM,1439.5,0,0.0,89690621.60000008
2025-08-01 10:10:34 AM,1439.5,3,4318.5,89694940.10000008
2025-08-01 10:10:35 AM,1440.1,0,0.0,89694940.10000008
2025-08-01 10:10:36 AM,1440.1,1,1440.1,89696380.20000008
2025-08-01 10:10:40 AM,1439.1,1,1439.1,89697819.30000007
2025-08-01 10:10:46 AM,1440.3,50,72015.0,89769834.30000007
2025-08-01 10:10:50 AM,1440.2,0,0.0,89769834.30000007
2025-08-01 10:10:52 AM,1440.2,1,1440.2,89771274.50000007
2025-08-01 10:10:56 AM,1439.6,0,0.0,89771274.50000007
2025-08-01 10:10:58 AM,1439.6,18,25912.8,89797187.30000007
2025-08-01 10:11:11 AM,1440.4,0,0.0,89797187.30000007
2025-08-01 10:11:11 AM,1440.4,98,141159.2,89938346.50000007
2025-08-01 10:11:20 AM,1441.9,0,0.0,89938346.50000007
2025-08-01 10:11:23 AM,1441.9,794,1144868.6,91083215.10000007
2025-08-01 10:11:27 AM,1442.5,7,10097.5,91093312.60000007
2025-08-01 10:11:29 AM,1445.0,707,1021615.0,92114927.60000007
2025-08-01 10:11:32 AM,1443.7,0,0.0,92114927.60000007
2025-08-01 10:11:32 AM,1445.5,0,0.0,92114927.60000007
2025-08-01 10:11:33 AM,1445.5,91,131540.5,92246468.10000007
2025-08-01 10:11:38 AM,1445.0,0,0.0,92246468.10000007
2025-08-01 10:11:39 AM,1445.0,280,404600.0,92651068.10000007
2025-08-01 10:11:45 AM,1445.0,55,79475.0,92730543.10000007
2025-08-01 10:11:46 AM,1444.7,3,4334.1,92734877.20000006
2025-08-01 10:11:50 AM,1445.0,0,0.0,92734877.20000006
2025-08-01 10:11:50 AM,1445.0,2,2890.0,92737767.20000006
2025-08-01 10:11:56 AM,1445.0,1,1445.0,92739212.20000006
2025-08-01 10:11:59 AM,1445.6,0,0.0,92739212.20000006
2025-08-01 10:12:02 AM,1445.9,0,0.0,92739212.20000006
2025-08-01 10:12:02 AM,1445.9,31,44822.9,92784035.10000007
2025-08-01 10:12:08 AM,1445.7,0,0.0,92784035.10000007
2025-08-01 10:12:08 AM,1445.7,75,108427.5,92892462.60000007
2025-08-01 10:12:11 AM,1445.6,0,0.0,92892462.60000007
2025-08-01 10:12:14 AM,1445.6,17,24575.199999999997,92917037.80000007
2025-08-01 10:12:15 AM,1445.6,11,15901.599999999999,92932939.40000007
2025-08-01 10:12:20 AM,1445.6,22,31803.199999999997,92964742.60000007
2025-08-01 10:12:21 AM,1445.7,1,1445.7,92966188.30000007
2025-08-01 10:12:23 AM,1445.6,0,0.0,92966188.30000007
2025-08-01 10:12:26 AM,1445.6,59,85290.4,93051478.70000008
2025-08-01 10:12:29 AM,1444.7,0,0.0,93051478.70000008
2025-08-01 10:12:32 AM,1445.0,227,328015.0,93379493.70000008
2025-08-01 10:12:37 AM,1444.4,9,12999.6,93392493.30000007
2025-08-01 10:12:47 AM,1443.7,0,0.0,93392493.30000007
2025-08-01 10:12:49 AM,1443.7,20,28874.0,93421367.30000007
2025-08-01 10:13:00 AM,1443.7,38,54860.6,93476227.90000007
2025-08-01 10:13:06 AM,1443.7,50,72185.0,93548412.90000007
2025-08-01 10:13:14 AM,1443.6,0,0.0,93548412.90000007
2025-08-01 10:13:17 AM,1442.9,0,0.0,93548412.90000007
2025-08-01 10:13:18 AM,1442.9,40,57716.0,93606128.90000007
2025-08-01 10:13:36 AM,1442.9,5,7214.5,93613343.40000007
2025-08-01 10:13:44 AM,1442.5,0,0.0,93613343.40000007
2025-08-01 10:13:48 AM,1442.5,18,25965.0,93639308.40000007
2025-08-01 10:13:53 AM,1443.4,0,0.0,93639308.40000007
2025-08-01 10:13:54 AM,1443.4,1,1443.4,93640751.80000007
2025-08-01 10:13:59 AM,1442.9,0,0.0,93640751.80000007
2025-08-01 10:13:59 AM,1442.9,15,21643.5,93662395.30000007
2025-08-01 10:14:02 AM,1443.4,0,0.0,93662395.30000007
2025-08-01 10:14:05 AM,1444.6,0,0.0,93662395.30000007
2025-08-01 10:14:05 AM,1444.6,52,75119.2,93737514.50000007
2025-08-01 10:14:08 AM,1444.9,0,0.0,93737514.50000007
2025-08-01 10:14:11 AM,1443.5,0,0.0,93737514.50000007
2025-08-01 10:14:11 AM,1444.6,213,307699.8,94045214.30000007
2025-08-01 10:14:14 AM,1443.5,0,0.0,94045214.30000007
2025-08-01 10:14:17 AM,1444.7,0,0.0,94045214.30000007
2025-08-01 10:14:17 AM,1444.7,101,145914.7,94191129.00000007
2025-08-01 10:14:45 AM,1444.7,23,33228.1,94224357.10000007
2025-08-01 10:14:47 AM,1444.7,37,53453.9,94277811.00000007
2025-08-01 10:14:51 AM,1444.7,3,4334.1,94282145.10000007
2025-08-01 10:14:55 AM,1445.0,0,0.0,94282145.10000007
2025-08-01 10:14:57 AM,1445.0,100,144500.0,94426645.10000007
2025-08-01 10:14:59 AM,1445.5,0,0.0,94426645.10000007
2025-08-01 10:14:59 AM,1446.0,0,0.0,94426645.10000007
2025-08-01 10:15:01 AM,1447.0,0,0.0,94426645.10000007
2025-08-01 10:15:03 AM,1447.0,439,635233.0,95061878.10000007
2025-08-01 10:15:04 AM,1447.8,5,7239.0,95069117.10000007
2025-08-01 10:15:08 AM,1447.8,1,1447.8,95070564.90000007
2025-08-01 10:15:11 AM,1445.5,0,0.0,95070564.90000007
2025-08-01 10:15:13 AM,1445.8,0,0.0,95070564.90000007
2025-08-01 10:15:14 AM,1444.4,0,0.0,95070564.90000007
2025-08-01 10:15:14 AM,1444.4,1280,1848832.0,96919396.90000007
2025-08-01 10:15:15 AM,1443.7,4,5774.8,96925171.70000006
2025-08-01 10:15:17 AM,1444.9,0,0.0,96925171.70000006
2025-08-01 10:15:19 AM,1445.9,0,0.0,96925171.70000006
2025-08-01 10:15:20 AM,1444.7,0,0.0,96925171.70000006
2025-08-01 10:15:21 AM,1444.7,77,111241.90000000001,97036413.60000007
2025-08-01 10:15:21 AM,1445.8,10,14458.0,97050871.60000007
2025-08-01 10:15:23 AM,1444.2,0,0.0,97050871.60000007
2025-08-01 10:15:27 AM,1444.2,1,1444.2,97052315.80000007
2025-08-01 10:15:31 AM,1445.7,0,0.0,97052315.80000007
2025-08-01 10:15:33 AM,1444.7,19,27449.3,97079765.10000007
2025-08-01 10:15:45 AM,1444.7,2,2889.4,97082654.50000007
2025-08-01 10:15:51 AM,1444.7,4,5778.8,97088433.30000007
2025-08-01 10:15:56 AM,1446.0,0,0.0,97088433.30000007
2025-08-01 10:15:57 AM,1446.0,25,36150.0,97124583.30000007
2025-08-01 10:16:02 AM,1446.1,0,0.0,97124583.30000007
2025-08-01 10:16:02 AM,1446.1,8,11568.8,97136152.10000007
2025-08-01 10:16:17 AM,1444.1,0,0.0,97136152.10000007
2025-08-01 10:16:19 AM,1443.4,0,0.0,97136152.10000007
2025-08-01 10:16:20 AM,1444.0,1785,2577540.0,99713692.10000007
2025-08-01 10:16:26 AM,1441.5,0,0.0,99713692.10000007
2025-08-01 10:16:26 AM,1443.0,80,115440.0,99829132.10000007
2025-08-01 10:16:29 AM,1442.8,0,0.0,99829132.10000007
2025-08-01 10:16:32 AM,1442.8,12,17313.6,99846445.70000006
2025-08-01 10:16:40 AM,1442.2,0,0.0,99846445.70000006
2025-08-01 10:16:43 AM,1442.0,0,0.0,99846445.70000006
2025-08-01 10:16:43 AM,1442.0,71,102382.0,99948827.70000006
2025-08-01 10:16:44 AM,1443.0,0,0.0,99948827.70000006
2025-08-01 10:16:46 AM,1443.2,0,0.0,99948827.70000006
2025-08-01 10:16:49 AM,1443.2,50,72160.0,100020987.70000006
2025-08-01 10:16:58 AM,1443.0,0,0.0,100020987.70000006
2025-08-01 10:17:00 AM,1443.0,17,24531.0,100045518.70000006
2025-08-01 10:17:00 AM,1442.3,29,41826.7,100087345.40000007
2025-08-01 10:17:20 AM,1442.2,0,0.0,100087345.40000007
2025-08-01 10:17:22 AM,1442.1,4,5768.4,100093113.80000007
2025-08-01 10:17:25 AM,1441.7,0,0.0,100093113.80000007
2025-08-01 10:17:26 AM,1441.6,0,0.0,100093113.80000007
2025-08-01 10:17:28 AM,1440.0,0,0.0,100093113.80000007
2025-08-01 10:17:28 AM,1440.0,305,439200.0,100532313.80000007
2025-08-01 10:17:34 AM,1440.1,0,0.0,100532313.80000007
2025-08-01 10:17:34 AM,1440.1,1,1440.1,100533753.90000007
2025-08-01 10:17:37 AM,1440.9,0,0.0,100533753.90000007
2025-08-01 10:17:40 AM,1440.9,3,4322.700000000001,100538076.60000007
2025-08-01 10:17:56 AM,1440.0,0,0.0,100538076.60000007
2025-08-01 10:17:57 AM,1440.0,12,17280.0,100555356.60000007
2025-08-01 10:18:01 AM,1438.3,0,0.0,100555356.60000007
2025-08-01 10:18:03 AM,1438.3,37,53217.1,100608573.70000006
2025-08-01 10:18:16 AM,1439.5,0,0.0,100608573.70000006
2025-08-01 10:18:21 AM,1439.5,1,1439.5,100610013.20000006
2025-08-01 10:18:41 AM,1440.3,0,0.0,100610013.20000006
2025-08-01 10:18:44 AM,1440.3,19,27365.7,100637378.90000007
2025-08-01 10:18:44 AM,1439.5,30,43185.0,100680563.90000007
2025-08-01 10:18:48 AM,1440.3,0,0.0,100680563.90000007
2025-08-01 10:18:50 AM,1440.3,1,1440.3,100682004.20000006
2025-08-01 10:19:00 AM,1440.1,0,0.0,100682004.20000006
2025-08-01 10:19:01 AM,1440.1,136,195853.59999999998,100877857.80000006
2025-08-01 10:19:03 AM,1438.8,0,0.0,100877857.80000006
2025-08-01 10:19:06 AM,1440.0,0,0.0,100877857.80000006
2025-08-01 10:19:06 AM,1440.0,201,289440.0,101167297.80000006
2025-08-01 10:19:18 AM,1440.4,0,0.0,101167297.80000006
2025-08-01 10:19:18 AM,1439.6,6,8637.599999999999,101175935.40000005
2025-08-01 10:19:21 AM,1440.0,0,0.0,101175935.40000005
2025-08-01 10:19:24 AM,1440.0,76,109440.0,101285375.40000005
2025-08-01 10:19:30 AM,1439.9,0,0.0,101285375.40000005
2025-08-01 10:19:30 AM,1439.9,2,2879.8,101288255.20000005
2025-08-01 10:19:33 AM,1440.6,0,0.0,101288255.20000005
2025-08-01 10:19:35 AM,1440.6,3,4321.799999999999,101292577.00000004
2025-08-01 10:19:57 AM,1440.1,0,0.0,101292577.00000004
2025-08-01 10:19:58 AM,1440.1,5,7200.5,101299777.50000004
2025-08-01 10:20:02 AM,1440.0,0,0.0,101299777.50000004
2025-08-01 10:20:03 AM,1440.5,0,0.0,101299777.50000004
2025-08-01 10:20:03 AM,1440.5,18,25929.0,101325706.50000004
2025-08-01 10:20:04 AM,1439.4,0,0.0,101325706.50000004
2025-08-01 10:20:04 AM,1439.4,15,21591.0,101347297.50000004
2025-08-01 10:20:14 AM,1440.4,50,72020.0,101419317.50000004
2025-08-01 10:20:15 AM,1439.2,0,0.0,101419317.50000004
2025-08-01 10:20:16 AM,1439.2,4,5756.8,101425074.30000004
2025-08-01 10:20:18 AM,1438.1,0,0.0,101425074.30000004
2025-08-01 10:20:20 AM,1438.9,2191,3152629.9000000004,104577704.20000005
2025-08-01 10:20:22 AM,1438.6,30,43158.0,104620862.20000005
2025-08-01 10:20:24 AM,1438.8,0,0.0,104620862.20000005
2025-08-01 10:20:26 AM,1438.0,0,0.0,104620862.20000005
2025-08-01 10:20:26 AM,1438.0,263,378194.0,104999056.20000005
2025-08-01 10:20:33 AM,1439.5,46,66217.0,105065273.20000005
2025-08-01 10:20:35 AM,1439.8,0,0.0,105065273.20000005
2025-08-01 10:20:38 AM,1439.1,0,0.0,105065273.20000005
2025-08-01 10:20:38 AM,1439.1,41,59003.1,105124276.30000004
2025-08-01 10:20:44 AM,1439.2,0,0.0,105124276.30000004
2025-08-01 10:20:44 AM,1439.2,3,4317.6,105128593.90000004
2025-08-01 10:20:49 AM,1439.9,0,0.0,105128593.90000004
2025-08-01 10:20:50 AM,1439.9,11,15838.900000000001,105144432.80000004
2025-08-01 10:20:56 AM,1439.4,4,5757.6,105150190.40000004
2025-08-01 10:21:01 AM,1439.9,0,0.0,105150190.40000004
2025-08-01 10:21:01 AM,1439.9,8,11519.2,105161709.60000004
2025-08-01 10:21:11 AM,1440.4,0,0.0,105161709.60000004
2025-08-01 10:21:13 AM,1439.7,0,0.0,105161709.60000004
2025-08-01 10:21:13 AM,1439.7,7,10077.9,105171787.50000004
2025-08-01 10:21:17 AM,1440.9,0,0.0,105171787.50000004
2025-08-01 10:21:20 AM,1440.9,209,301148.10000000003,105472935.60000004
2025-08-01 10:21:23 AM,1441.2,0,0.0,105472935.60000004
2025-08-01 10:21:24 AM,1441.2,1,1441.2,105474376.80000004
2025-08-01 10:21:29 AM,1442.5,0,0.0,105474376.80000004
2025-08-01 10:21:29 AM,1442.5,30,43275.0,105517651.80000004
2025-08-01 10:21:34 AM,1442.8,6,8656.8,105526308.60000004
2025-08-01 10:21:37 AM,1444.0,200,288800.0,105815108.60000004
2025-08-01 10:21:38 AM,1442.5,0,0.0,105815108.60000004
2025-08-01 10:21:40 AM,1443.1,85,122663.49999999999,105937772.10000004
2025-08-01 10:21:41 AM,1443.4,0,0.0,105937772.10000004
2025-08-01 10:21:44 AM,1443.3,0,0.0,105937772.10000004
2025-08-01 10:21:45 AM,1443.3,6,8659.8,105946431.90000004
2025-08-01 10:21:50 AM,1442.5,0,0.0,105946431.90000004
2025-08-01 10:21:54 AM,1442.5,3,4327.5,105950759.40000004
2025-08-01 10:21:56 AM,1443.3,0,0.0,105950759.40000004
2025-08-01 10:21:58 AM,1443.3,10,14433.0,105965192.40000004
2025-08-01 10:22:02 AM,1442.5,0,0.0,105965192.40000004
2025-08-01 10:22:03 AM,1442.5,113,163002.5,106128194.90000004
2025-08-01 10:22:08 AM,1443.3,0,0.0,106128194.90000004
2025-08-01 10:22:09 AM,1443.3,4,5773.2,106133968.10000004
2025-08-01 10:22:10 AM,1444.5,303,437683.5,106571651.60000004
2025-08-01 10:22:22 AM,1444.9,5,7224.5,106578876.10000004
2025-08-01 10:22:26 AM,1445.9,0,0.0,106578876.10000004
2025-08-01 10:22:27 AM,1445.9,8,11567.2,106590443.30000004
2025-08-01 10:22:32 AM,1445.8,0,0.0,106590443.30000004
2025-08-01 10:22:32 AM,1445.8,25,36145.0,106626588.30000004
2025-08-01 10:22:38 AM,1446.9,0,0.0,106626588.30000004
2025-08-01 10:22:38 AM,1446.0,5,7230.0,106633818.30000004
2025-08-01 10:22:40 AM,1446.0,6,8676.0,106642494.30000004
2025-08-01 10:22:50 AM,1447.1,0,0.0,106642494.30000004
2025-08-01 10:22:51 AM,1446.8,425,614890.0,107257384.30000004
2025-08-01 10:22:53 AM,1446.5,0,0.0,107257384.30000004
2025-08-01 10:22:54 AM,1446.5,100,144650.0,107402034.30000004
2025-08-01 10:23:04 AM,1446.9,0,0.0,107402034.30000004
2025-08-01 10:23:04 AM,1446.9,24,34725.600000000006,107436759.90000004
2025-08-01 10:23:07 AM,1446.5,0,0.0,107436759.90000004
2025-08-01 10:23:08 AM,1446.5,35,50627.5,107487387.40000004
2025-08-01 10:23:11 AM,1446.5,109,157668.5,107645055.90000004
2025-08-01 10:23:22 AM,1446.0,0,0.0,107645055.90000004
2025-08-01 10:23:22 AM,1446.0,30,43380.0,107688435.90000004
2025-08-01 10:23:25 AM,1446.0,21,30366.0,107718801.90000004
2025-08-01 10:23:36 AM,1446.0,100,144600.0,107863401.90000004
2025-08-01 10:23:39 AM,1446.0,117,169182.0,108032583.90000004
2025-08-01 10:23:41 AM,1442.7,0,0.0,108032583.90000004
2025-08-01 10:23:42 AM,1445.1,2763,3992811.3,112025395.20000003
2025-08-01 10:23:44 AM,1445.5,0,0.0,112025395.20000003
2025-08-01 10:23:44 AM,1445.5,390,563745.0,112589140.20000003
2025-08-01 10:23:46 AM,1444.2,0,0.0,112589140.20000003
2025-08-01 10:23:48 AM,1444.2,103,148752.6,112737892.80000003
2025-08-01 10:23:55 AM,1445.5,0,0.0,112737892.80000003
2025-08-01 10:23:56 AM,1445.5,14,20237.0,112758129.80000003
2025-08-01 10:24:14 AM,1445.8,0,0.0,112758129.80000003
2025-08-01 10:24:16 AM,1445.8,3,4337.4,112762467.20000003
2025-08-01 10:24:25 AM,1446.0,0,0.0,112762467.20000003
2025-08-01 10:24:26 AM,1446.0,35,50610.0,112813077.20000003
2025-08-01 10:24:28 AM,1445.2,0,0.0,112813077.20000003
2025-08-01 10:24:28 AM,1445.2,177,255800.4,113068877.60000004
2025-08-01 10:24:32 AM,1445.2,31,44801.200000000004,113113678.80000004
2025-08-01 10:24:39 AM,1444.5,25,36112.5,113149791.30000004
2025-08-01 10:24:43 AM,1445.5,5,7227.5,113157018.80000004
2025-08-01 10:24:46 AM,1445.8,0,0.0,113157018.80000004
2025-08-01 10:24:48 AM,1444.7,20,28894.0,113185912.80000004
2025-08-01 10:24:54 AM,1445.5,50,72275.0,113258187.80000004
2025-08-01 10:24:59 AM,1444.4,1,1444.4,113259632.20000005
2025-08-01 10:25:11 AM,1443.8,0,0.0,113259632.20000005
2025-08-01 10:25:11 AM,1443.8,1,1443.8,113261076.00000004
2025-08-01 10:25:12 AM,1444.7,0,0.0,113261076.00000004
2025-08-01 10:25:14 AM,1444.8,0,0.0,113261076.00000004
2025-08-01 10:25:17 AM,1444.8,4,5779.2,113266855.20000005
2025-08-01 10:25:18 AM,1445.1,0,0.0,113266855.20000005
2025-08-01 10:25:20 AM,1445.1,30,43353.0,113310208.20000005
2025-08-01 10:25:29 AM,1445.2,26,37575.200000000004,113347783.40000005
2025-08-01 10:25:30 AM,1445.1,0,0.0,113347783.40000005
2025-08-01 10:25:31 AM,1445.1,25,36127.5,113383910.90000005
2025-08-01 10:25:36 AM,1444.1,0,0.0,113383910.90000005
2025-08-01 10:25:36 AM,1444.1,1,1444.1,113385355.00000004
2025-08-01 10:25:38 AM,1443.9,0,0.0,113385355.00000004
2025-08-01 10:25:39 AM,1443.9,30,43317.0,113428672.00000004
2025-08-01 10:25:53 AM,1444.8,0,0.0,113428672.00000004
2025-08-01 10:25:53 AM,1444.8,38,54902.4,113483574.40000005
2025-08-01 10:25:56 AM,1452.5,0,0.0,113483574.40000005
2025-08-01 10:25:56 AM,1452.5,3673,5335032.5,118818606.90000005
2025-08-01 10:25:57 AM,1453.7,0,0.0,118818606.90000005
2025-08-01 10:25:58 AM,1451.7,232,336794.4,119155401.30000006
2025-08-01 10:26:06 AM,1455.0,0,0.0,119155401.30000006
2025-08-01 10:26:07 AM,1455.5,289,420639.5,119576040.80000006
2025-08-01 10:26:11 AM,1454.4,0,0.0,119576040.80000006
2025-08-01 10:26:12 AM,1454.4,207,301060.80000000005,119877101.60000005
2025-08-01 10:26:15 AM,1454.6,2,2909.2,119880010.80000006
2025-08-01 10:26:18 AM,1454.2,6,8725.2,119888736.00000006
2025-08-01 10:26:20 AM,1454.1,0,0.0,119888736.00000006
2025-08-01 10:26:20 AM,1454.1,17,24719.699999999997,119913455.70000006
2025-08-01 10:26:21 AM,1451.5,0,0.0,119913455.70000006
2025-08-01 10:26:23 AM,1451.3,0,0.0,119913455.70000006
2025-08-01 10:26:24 AM,1451.3,68,98688.4,120012144.10000007
2025-08-01 10:26:26 AM,1453.1,0,0.0,120012144.10000007
2025-08-01 10:26:26 AM,1451.6,1167,1694017.2,121706161.30000007
2025-08-01 10:26:30 AM,1451.3,40,58052.0,121764213.30000007
2025-08-01 10:26:30 AM,1450.8,0,0.0,121764213.30000007
2025-08-01 10:26:32 AM,1449.7,0,0.0,121764213.30000007
2025-08-01 10:26:32 AM,1450.3,153,221895.9,121986109.20000008
2025-08-01 10:26:33 AM,1450.5,0,0.0,121986109.20000008
2025-08-01 10:26:35 AM,1450.9,0,0.0,121986109.20000008
2025-08-01 10:26:35 AM,1450.9,42,60937.8,122047047.00000007
2025-08-01 10:26:38 AM,1449.1,0,0.0,122047047.00000007
2025-08-01 10:26:38 AM,1449.1,2,2898.2,122049945.20000008
2025-08-01 10:26:41 AM,1450.6,0,0.0,122049945.20000008
2025-08-01 10:26:41 AM,1450.0,68,98600.0,122148545.20000008
2025-08-01 10:26:45 AM,1451.3,0,0.0,122148545.20000008
2025-08-01 10:26:47 AM,1451.3,40,58052.0,122206597.20000008
2025-08-01 10:26:50 AM,1450.9,0,0.0,122206597.20000008
2025-08-01 10:26:51 AM,1450.0,0,0.0,122206597.20000008
2025-08-01 10:26:53 AM,1449.7,635,920559.5,123127156.70000008
2025-08-01 10:26:58 AM,1449.2,68,98545.6,123225702.30000007
2025-08-01 10:27:00 AM,1447.7,0,0.0,123225702.30000007
2025-08-01 10:27:00 AM,1447.7,15,21715.5,123247417.80000007
2025-08-01 10:27:12 AM,1446.9,0,0.0,123247417.80000007
2025-08-01 10:27:12 AM,1446.9,22,31831.800000000003,123279249.60000007
2025-08-01 10:27:13 AM,1446.9,1,1446.9,123280696.50000007
2025-08-01 10:27:14 AM,1447.7,0,0.0,123280696.50000007
2025-08-01 10:27:14 AM,1447.7,186,269272.2,123549968.70000008
2025-08-01 10:27:18 AM,1448.2,0,0.0,123549968.70000008
2025-08-01 10:27:18 AM,1448.2,8,11585.6,123561554.30000007
2025-08-01 10:27:23 AM,1447.1,148,214170.8,123775725.10000007
2025-08-01 10:27:26 AM,1447.7,0,0.0,123775725.10000007
2025-08-01 10:27:26 AM,1447.7,5,7238.5,123782963.60000007
2025-08-01 10:27:28 AM,1448.3,0,0.0,123782963.60000007
2025-08-01 10:27:28 AM,1448.3,30,43449.0,123826412.60000007
2025-08-01 10:27:29 AM,1447.1,0,0.0,123826412.60000007
2025-08-01 10:27:29 AM,1447.1,70,101297.0,123927709.60000007
2025-08-01 10:27:30 AM,1448.3,3,4344.9,123932054.50000007
2025-08-01 10:27:31 AM,1448.9,0,0.0,123932054.50000007
2025-08-01 10:27:31 AM,1448.9,15,21733.5,123953788.00000007
2025-08-01 10:27:33 AM,1448.8,0,0.0,123953788.00000007
2025-08-01 10:27:33 AM,1448.8,1,1448.8,123955236.80000007
2025-08-01 10:27:36 AM,1447.8,30,43434.0,123998670.80000007
2025-08-01 10:27:41 AM,1447.6,17,24609.199999999997,124023280.00000007
2025-08-01 10:27:55 AM,1447.0,362,523814.0,124547094.00000007
2025-08-01 10:27:56 AM,1446.7,0,0.0,124547094.00000007
2025-08-01 10:27:56 AM,1446.0,523,756258.0,125303352.00000007
2025-08-01 10:27:59 AM,1446.5,0,0.0,125303352.00000007
2025-08-01 10:27:59 AM,1446.5,25,36162.5,125339514.50000007
2025-08-01 10:28:04 AM,1446.4,10,14464.0,125353978.50000007
2025-08-01 10:28:12 AM,1446.4,1,1446.4,125355424.90000008
2025-08-01 10:28:14 AM,1444.2,0,0.0,125355424.90000008
2025-08-01 10:28:15 AM,1444.2,412,595010.4,125950435.30000009
2025-08-01 10:28:20 AM,1442.8,0,0.0,125950435.30000009
2025-08-01 10:28:21 AM,1442.8,40,57712.0,126008147.30000009
2025-08-01 10:28:21 AM,1444.2,0,0.0,126008147.30000009
2025-08-01 10:28:23 AM,1444.2,86,124201.2,126132348.50000009
2025-08-01 10:28:29 AM,1443.5,0,0.0,126132348.50000009
2025-08-01 10:28:29 AM,1443.5,1,1443.5,126133792.00000009
2025-08-01 10:28:30 AM,1442.6,0,0.0,126133792.00000009
2025-08-01 10:28:32 AM,1442.1,62,89410.2,126223202.20000009
2025-08-01 10:28:33 AM,1442.0,0,0.0,126223202.20000009
2025-08-01 10:28:34 AM,1442.3,6,8653.8,126231856.00000009
2025-08-01 10:28:37 AM,1441.4,0,0.0,126231856.00000009
2025-08-01 10:28:39 AM,1442.0,0,0.0,126231856.00000009
2025-08-01 10:28:40 AM,1442.0,48,69216.0,126301072.00000009
2025-08-01 10:28:46 AM,1441.2,36,51883.200000000004,126352955.20000009
2025-08-01 10:28:48 AM,1440.6,0,0.0,126352955.20000009
2025-08-01 10:28:49 AM,1440.6,56,80673.59999999999,126433628.80000009
2025-08-01 10:28:54 AM,1440.0,0,0.0,126433628.80000009
2025-08-01 10:28:54 AM,1440.0,10,14400.0,126448028.80000009
2025-08-01 10:28:57 AM,1440.0,109,156960.0,126604988.80000009
2025-08-01 10:29:00 AM,1439.3,0,0.0,126604988.80000009
2025-08-01 10:29:02 AM,1439.3,1,1439.3,126606428.10000008
2025-08-01 10:29:05 AM,1439.4,1,1439.4,126607867.50000009
2025-08-01 10:29:08 AM,1440.0,0,0.0,126607867.50000009
2025-08-01 10:29:08 AM,1439.3,87,125219.09999999999,126733086.60000008
2025-08-01 10:29:10 AM,1439.4,0,0.0,126733086.60000008
2025-08-01 10:29:11 AM,1438.2,302,434336.4,127167423.00000009
2025-08-01 10:29:22 AM,1438.2,20,28764.0,127196187.00000009
2025-08-01 10:29:24 AM,1438.5,0,0.0,127196187.00000009
2025-08-01 10:29:24 AM,1438.5,2,2877.0,127199064.00000009
2025-08-01 10:29:28 AM,1438.5,3,4315.5,127203379.50000009
2025-08-01 10:29:30 AM,1438.0,0,0.0,127203379.50000009
2025-08-01 10:29:30 AM,1438.0,274,394012.0,127597391.50000009
2025-08-01 10:29:32 AM,1439.7,0,0.0,127597391.50000009
2025-08-01 10:29:33 AM,1439.7,30,43191.0,127640582.50000009
2025-08-01 10:29:44 AM,1439.6,0,0.0,127640582.50000009
2025-08-01 10:29:44 AM,1439.6,9,12956.4,127653538.9000001
2025-08-01 10:29:47 AM,1438.3,5,7191.5,127660730.4000001
2025-08-01 10:29:48 AM,1439.1,0,0.0,127660730.4000001
2025-08-01 10:29:49 AM,1439.1,30,43173.0,127703903.4000001
2025-08-01 10:29:54 AM,1439.5,0,0.0,127703903.4000001
2025-08-01 10:29:55 AM,1439.5,10,14395.0,127718298.4000001
2025-08-01 10:30:00 AM,1439.6,0,0.0,127718298.4000001
2025-08-01 10:30:01 AM,1439.6,280,403088.0,128121386.4000001
2025-08-01 10:30:03 AM,1439.3,3,4317.9,128125704.3000001
2025-08-01 10:30:06 AM,1437.8,0,0.0,128125704.3000001
2025-08-01 10:30:06 AM,1437.8,62,89143.59999999999,128214847.9000001
2025-08-01 10:30:09 AM,1438.0,6,8628.0,128223475.9000001
2025-08-01 10:30:12 AM,1438.2,1,1438.2,128224914.1000001
2025-08-01 10:30:15 AM,1438.0,101,145238.0,128370152.1000001
2025-08-01 10:30:22 AM,1436.7,0,0.0,128370152.1000001
2025-08-01 10:30:24 AM,1436.7,14,20113.8,128390265.9000001
2025-08-01 10:30:26 AM,1437.7,12,17252.4,128407518.3000001
2025-08-01 10:30:34 AM,1438.5,0,0.0,128407518.3000001
2025-08-01 10:30:35 AM,1438.6,109,156807.4,128564325.7000001
2025-08-01 10:30:46 AM,1437.1,0,0.0,128564325.7000001
2025-08-01 10:30:46 AM,1437.1,2,2874.2,128567199.90000011
2025-08-01 10:30:52 AM,1438.2,0,0.0,128567199.90000011
2025-08-01 10:30:52 AM,1438.2,50,71910.0,128639109.90000011
2025-08-01 10:30:56 AM,1436.9,0,0.0,128639109.90000011
2025-08-01 10:30:57 AM,1436.9,1,1436.9,128640546.80000012
2025-08-01 10:31:07 AM,1437.0,2,2874.0,128643420.80000012
2025-08-01 10:31:09 AM,1438.9,100,143890.0,128787310.80000012
2025-08-01 10:31:13 AM,1438.9,4,5755.6,128793066.40000011
2025-08-01 10:31:23 AM,1440.0,0,0.0,128793066.40000011
2025-08-01 10:31:24 AM,1440.0,250,360000.0,129153066.40000011
2025-08-01 10:31:25 AM,1439.1,0,0.0,129153066.40000011
2025-08-01 10:31:27 AM,1439.1,50,71955.0,129225021.40000011
2025-08-01 10:31:31 AM,1440.4,0,0.0,129225021.40000011
2025-08-01 10:31:32 AM,1440.4,1,1440.4,129226461.80000012
2025-08-01 10:31:35 AM,1439.4,0,0.0,129226461.80000012
2025-08-01 10:31:35 AM,1439.4,5,7197.0,129233658.80000012
2025-08-01 10:31:55 AM,1439.4,1,1439.4,129235098.20000012
2025-08-01 10:31:58 AM,1440.1,13,18721.3,129253819.50000012
2025-08-01 10:32:05 AM,1440.1,1,1440.1,129255259.60000011
2025-08-01 10:32:08 AM,1439.9,1,1439.9,129256699.50000012
2025-08-01 10:32:25 AM,1440.3,8,11522.4,129268221.90000013
2025-08-01 10:32:28 AM,1440.3,1,1440.3,129269662.20000012
2025-08-01 10:32:31 AM,1440.4,78,112351.20000000001,129382013.40000013
2025-08-01 10:32:49 AM,1440.7,15,21610.5,129403623.90000013
2025-08-01 10:32:55 AM,1440.7,3,4322.1,129407946.00000012
2025-08-01 10:33:14 AM,1440.7,1,1440.7,129409386.70000012
2025-08-01 10:33:20 AM,1440.7,1,1440.7,129410827.40000013
2025-08-01 10:33:28 AM,1440.7,35,50424.5,129461251.90000013
2025-08-01 10:34:05 AM,1442.4,100,144240.0,129605491.90000013
2025-08-01 10:34:10 AM,1440.9,0,0.0,129605491.90000013
2025-08-01 10:34:11 AM,1440.9,1,1440.9,129606932.80000013
2025-08-01 10:34:24 AM,1441.0,0,0.0,129606932.80000013
2025-08-01 10:34:24 AM,1441.0,1,1441.0,129608373.80000013
2025-08-01 10:34:29 AM,1441.9,28,40373.200000000004,129648747.00000013
2025-08-01 10:34:33 AM,1442.8,4,5771.2,129654518.20000014
2025-08-01 10:34:39 AM,1443.3,50,72165.0,129726683.20000014
2025-08-01 10:34:42 AM,1441.8,0,0.0,129726683.20000014
2025-08-01 10:34:44 AM,1441.8,56,80740.8,129807424.00000013
2025-08-01 10:34:50 AM,1441.6,12,17299.199999999997,129824723.20000014
2025-08-01 10:34:53 AM,1442.2,1,1442.2,129826165.40000014
2025-08-01 10:34:57 AM,1443.8,0,0.0,129826165.40000014
2025-08-01 10:34:58 AM,1443.8,200,288760.0,130114925.40000014
2025-08-01 10:35:04 AM,1441.7,0,0.0,130114925.40000014
2025-08-01 10:35:04 AM,1441.7,32,46134.4,130161059.80000015
2025-08-01 10:35:21 AM,1441.7,2,2883.4,130163943.20000015
2025-08-01 10:35:32 AM,1441.7,5,7208.5,130171151.70000015
2025-08-01 10:35:41 AM,1441.4,145,209003.0,130380154.70000015
2025-08-01 10:36:14 AM,1440.3,1,1440.3,130381595.00000015
2025-08-01 10:36:31 AM,1440.0,0,0.0,130381595.00000015
2025-08-01 10:36:31 AM,1440.0,50,72000.0,130453595.00000015
2025-08-01 10:36:37 AM,1439.9,40,57596.0,130511191.00000015
2025-08-01 10:36:42 AM,1439.9,3,4319.700000000001,130515510.70000015
2025-08-01 10:36:52 AM,1441.2,0,0.0,130515510.70000015
2025-08-01 10:36:53 AM,1441.2,100,144120.0,130659630.70000015
2025-08-01 10:36:54 AM,1439.7,0,0.0,130659630.70000015
2025-08-01 10:36:55 AM,1439.7,3,4319.1,130663949.80000015
2025-08-01 10:37:22 AM,1439.6,0,0.0,130663949.80000015
2025-08-01 10:37:23 AM,1439.6,8,11516.8,130675466.60000014
2025-08-01 10:37:25 AM,1440.3,0,0.0,130675466.60000014
2025-08-01 10:37:26 AM,1440.3,57,82097.09999999999,130757563.70000014
2025-08-01 10:37:29 AM,1440.4,2,2880.8,130760444.50000013
2025-08-01 10:37:40 AM,1440.3,0,0.0,130760444.50000013
2025-08-01 10:37:40 AM,1440.3,14,20164.2,130780608.70000014
2025-08-01 10:37:43 AM,1440.3,3,4320.9,130784929.60000014
2025-08-01 10:38:02 AM,1440.3,9,12962.699999999999,130797892.30000015
2025-08-01 10:38:06 AM,1440.3,4,5761.2,130803653.50000015
2025-08-01 10:38:12 AM,1440.3,1,1440.3,130805093.80000015
2025-08-01 10:38:15 AM,1440.3,1,1440.3,130806534.10000014
2025-08-01 10:38:18 AM,1439.8,3,4319.4,130810853.50000015
2025-08-01 10:38:38 AM,1441.1,0,0.0,130810853.50000015
2025-08-01 10:38:39 AM,1441.1,5,7205.5,130818059.00000015
2025-08-01 10:39:17 AM,1440.3,0,0.0,130818059.00000015
2025-08-01 10:39:19 AM,1440.3,6,8641.8,130826700.80000015
2025-08-01 10:39:46 AM,1440.3,3,4320.9,130831021.70000015
2025-08-01 10:39:49 AM,1440.3,12,17283.6,130848305.30000015
2025-08-01 10:40:03 AM,1441.2,25,36030.0,130884335.30000015
2025-08-01 10:40:05 AM,1440.3,0,0.0,130884335.30000015
2025-08-01 10:40:06 AM,1440.3,3,4320.9,130888656.20000015
2025-08-01 10:40:08 AM,1440.9,10,14409.0,130903065.20000015
2025-08-01 10:40:12 AM,1441.4,0,0.0,130903065.20000015
2025-08-01 10:40:14 AM,1441.4,36,51890.4,130954955.60000016
2025-08-01 10:40:24 AM,1441.6,0,0.0,130954955.60000016
2025-08-01 10:40:25 AM,1441.6,10,14416.0,130969371.60000016
2025-08-01 10:40:27 AM,1441.0,0,0.0,130969371.60000016
2025-08-01 10:40:28 AM,1441.0,9,12969.0,130982340.60000016
2025-08-01 10:40:49 AM,1441.4,0,0.0,130982340.60000016
2025-08-01 10:40:50 AM,1441.4,10,14414.0,130996754.60000016
2025-08-01 10:40:57 AM,1440.6,0,0.0,130996754.60000016
2025-08-01 10:40:58 AM,1440.6,10,14406.0,131011160.60000016
2025-08-01 10:41:26 AM,1440.2,411,591922.2000000001,131603082.80000016
2025-08-01 10:41:28 AM,1439.3,0,0.0,131603082.80000016
2025-08-01 10:41:30 AM,1439.3,31,44618.299999999996,131647701.10000016
2025-08-01 10:41:36 AM,1440.4,0,0.0,131647701.10000016
2025-08-01 10:41:37 AM,1439.5,0,0.0,131647701.10000016
2025-08-01 10:41:37 AM,1439.5,5,7197.5,131654898.60000016
2025-08-01 10:41:42 AM,1439.5,2,2879.0,131657777.60000016
2025-08-01 10:42:08 AM,1439.6,1,1439.6,131659217.20000015
2025-08-01 10:42:11 AM,1440.4,0,0.0,131659217.20000015
2025-08-01 10:42:14 AM,1439.5,21,30229.5,131689446.70000015
2025-08-01 10:42:15 AM,1439.5,21,30229.5,131719676.20000015
2025-08-01 10:42:27 AM,1439.5,5,7197.5,131726873.70000015
2025-08-01 10:42:47 AM,1439.5,8,11516.0,131738389.70000015
2025-08-01 10:42:52 AM,1438.8,287,412935.6,132151325.30000015
2025-08-01 10:43:00 AM,1439.2,11,15831.2,132167156.50000015
2025-08-01 10:43:06 AM,1438.7,5,7193.5,132174350.00000015
2025-08-01 10:43:12 AM,1440.1,0,0.0,132174350.00000015
2025-08-01 10:43:14 AM,1440.1,47,67684.7,132242034.70000015
2025-08-01 10:43:17 AM,1440.1,3,4320.299999999999,132246355.00000015
2025-08-01 10:43:20 AM,1440.1,25,36002.5,132282357.50000015
2025-08-01 10:43:22 AM,1438.9,0,0.0,132282357.50000015
2025-08-01 10:43:25 AM,1438.9,365,525198.5,132807556.00000015
2025-08-01 10:43:34 AM,1439.1,0,0.0,132807556.00000015
2025-08-01 10:43:36 AM,1439.1,3,4317.299999999999,132811873.30000015
2025-08-01 10:43:47 AM,1438.5,2,2877.0,132814750.30000015
2025-08-01 10:43:50 AM,1439.2,0,0.0,132814750.30000015
2025-08-01 10:43:52 AM,1439.2,9,12952.800000000001,132827703.10000014
2025-08-01 10:43:56 AM,1440.0,0,0.0,132827703.10000014
2025-08-01 10:43:57 AM,1440.0,17,24480.0,132852183.10000014
2025-08-01 10:44:06 AM,1438.4,0,0.0,132852183.10000014
2025-08-01 10:44:07 AM,1438.4,100,143840.0,132996023.10000014
2025-08-01 10:44:12 AM,1438.7,0,0.0,132996023.10000014
2025-08-01 10:44:13 AM,1440.3,38,54731.4,133050754.50000015
2025-08-01 10:44:14 AM,1439.1,0,0.0,133050754.50000015
2025-08-01 10:44:15 AM,1439.1,5,7195.5,133057950.00000015
2025-08-01 10:44:21 AM,1439.1,1,1439.1,133059389.10000014
2025-08-01 10:45:06 AM,1438.9,0,0.0,133059389.10000014
2025-08-01 10:45:07 AM,1438.9,14,20144.600000000002,133079533.70000014
2025-08-01 10:45:15 AM,1438.8,0,0.0,133079533.70000014
2025-08-01 10:45:15 AM,1438.8,2,2877.6,133082411.30000013
2025-08-01 10:45:37 AM,1438.8,1,1438.8,133083850.10000013
2025-08-01 10:45:42 AM,1439.4,0,0.0,133083850.10000013
2025-08-01 10:45:42 AM,1439.4,3,4318.200000000001,133088168.30000013
2025-08-01 10:45:45 AM,1440.4,35,50414.0,133138582.30000013
2025-08-01 10:45:47 AM,1439.8,1,1439.8,133140022.10000013
2025-08-01 10:46:09 AM,1439.5,111,159784.5,133299806.60000013
2025-08-01 10:46:11 AM,1439.4,0,0.0,133299806.60000013
2025-08-01 10:46:13 AM,1439.4,7,10075.800000000001,133309882.40000013
2025-08-01 10:46:32 AM,1438.7,3,4316.1,133314198.50000012
2025-08-01 10:46:34 AM,1438.1,0,0.0,133314198.50000012
2025-08-01 10:46:36 AM,1438.1,30,43143.0,133357341.50000012
2025-08-01 10:46:42 AM,1438.0,1,1438.0,133358779.50000012
2025-08-01 10:46:43 AM,1439.6,0,0.0,133358779.50000012
2025-08-01 10:46:47 AM,1439.6,300,431880.0,133790659.50000012
2025-08-01 10:46:59 AM,1438.0,13,18694.0,133809353.50000012
2025-08-01 10:47:15 AM,1438.0,2,2876.0,133812229.50000012
2025-08-01 10:47:30 AM,1438.0,7,10066.0,133822295.50000012
2025-08-01 10:47:33 AM,1437.8,0,0.0,133822295.50000012
2025-08-01 10:47:35 AM,1437.8,6,8626.8,133830922.30000012
2025-08-01 10:47:37 AM,1437.4,15,21561.0,133852483.30000012
2025-08-01 10:47:44 AM,1437.5,0,0.0,133852483.30000012
2025-08-01 10:47:46 AM,1437.5,2,2875.0,133855358.30000012
2025-08-01 10:47:51 AM,1437.0,0,0.0,133855358.30000012
2025-08-01 10:47:51 AM,1436.9,347,498604.30000000005,134353962.6000001
2025-08-01 10:47:52 AM,1437.0,0,0.0,134353962.6000001
2025-08-01 10:47:54 AM,1437.0,41,58917.0,134412879.6000001
2025-08-01 10:48:06 AM,1438.4,0,0.0,134412879.6000001
2025-08-01 10:48:08 AM,1438.4,84,120825.6,134533705.2000001
2025-08-01 10:48:18 AM,1439.3,36,51814.799999999996,134585520.00000012
2025-08-01 10:48:23 AM,1438.5,0,0.0,134585520.00000012
2025-08-01 10:48:24 AM,1438.5,50,71925.0,134657445.00000012
2025-08-01 10:48:25 AM,1438.6,0,0.0,134657445.00000012
2025-08-01 10:48:26 AM,1438.6,2,2877.2,134660322.2000001
2025-08-01 10:48:27 AM,1439.7,0,0.0,134660322.2000001
2025-08-01 10:48:29 AM,1439.7,3,4319.1,134664641.3000001
2025-08-01 10:48:35 AM,1439.7,6,8638.2,134673279.5000001
2025-08-01 10:48:40 AM,1439.7,1,1439.7,134674719.20000008
2025-08-01 10:48:42 AM,1439.0,0,0.0,134674719.20000008
2025-08-01 10:48:42 AM,1439.0,5,7195.0,134681914.20000008
2025-08-01 10:48:48 AM,1439.0,1,1439.0,134683353.20000008
2025-08-01 10:48:54 AM,1439.7,0,0.0,134683353.20000008
2025-08-01 10:48:57 AM,1439.1,271,389996.1,135073349.30000007
2025-08-01 10:48:58 AM,1439.7,0,0.0,135073349.30000007
2025-08-01 10:48:58 AM,1439.7,10,14397.0,135087746.30000007
2025-08-01 10:49:17 AM,1439.0,0,0.0,135087746.30000007
2025-08-01 10:49:19 AM,1439.0,7,10073.0,135097819.30000007
2025-08-01 10:49:20 AM,1439.6,0,0.0,135097819.30000007
2025-08-01 10:49:20 AM,1439.6,12,17275.199999999997,135115094.50000006
2025-08-01 10:49:41 AM,1439.0,0,0.0,135115094.50000006
2025-08-01 10:49:41 AM,1439.0,5,7195.0,135122289.50000006
2025-08-01 10:49:56 AM,1439.0,3,4317.0,135126606.50000006
2025-08-01 10:50:01 AM,1439.0,21,30219.0,135156825.50000006
2025-08-01 10:50:09 AM,1439.6,0,0.0,135156825.50000006
2025-08-01 10:50:11 AM,1439.0,0,0.0,135156825.50000006
2025-08-01 10:50:12 AM,1439.0,58,83462.0,135240287.50000006
2025-08-01 10:50:15 AM,1439.7,0,0.0,135240287.50000006
2025-08-01 10:50:18 AM,1439.7,1,1439.7,135241727.20000005
2025-08-01 10:50:19 AM,1439.2,4,5756.8,135247484.00000006
2025-08-01 10:50:21 AM,1439.9,0,0.0,135247484.00000006
2025-08-01 10:50:24 AM,1439.9,1,1439.9,135248923.90000007
2025-08-01 10:50:41 AM,1439.9,1,1439.9,135250363.80000007
2025-08-01 10:50:46 AM,1439.9,273,393092.7,135643456.50000006
2025-08-01 10:50:50 AM,1439.4,0,0.0,135643456.50000006
2025-08-01 10:50:52 AM,1439.4,100,143940.0,135787396.50000006
2025-08-01 10:51:02 AM,1439.2,0,0.0,135787396.50000006
2025-08-01 10:51:04 AM,1439.2,18,25905.600000000002,135813302.10000005
2025-08-01 10:51:08 AM,1440.5,0,0.0,135813302.10000005
2025-08-01 10:51:09 AM,1440.5,100,144050.0,135957352.10000005
2025-08-01 10:51:32 AM,1440.9,0,0.0,135957352.10000005
2025-08-01 10:51:37 AM,1440.9,1,1440.9,135958793.00000006
2025-08-01 10:51:40 AM,1440.2,0,0.0,135958793.00000006
2025-08-01 10:51:42 AM,1440.2,2,2880.4,135961673.40000007
2025-08-01 10:52:02 AM,1440.5,0,0.0,135961673.40000007
2025-08-01 10:52:03 AM,1440.5,3,4321.5,135965994.90000007
2025-08-01 10:52:10 AM,1440.4,0,0.0,135965994.90000007
2025-08-01 10:52:14 AM,1440.4,3,4321.200000000001,135970316.10000005
2025-08-01 10:52:15 AM,1441.5,36,51894.0,136022210.10000005
2025-08-01 10:52:24 AM,1442.1,0,0.0,136022210.10000005
2025-08-01 10:52:25 AM,1442.5,853,1230452.5,137252662.60000005
2025-08-01 10:52:38 AM,1445.0,0,0.0,137252662.60000005
2025-08-01 10:52:41 AM,1446.2,163,235730.6,137488393.20000005
2025-08-01 10:52:44 AM,1445.7,0,0.0,137488393.20000005
2025-08-01 10:52:46 AM,1445.7,429,620205.3,138108598.50000006
2025-08-01 10:52:56 AM,1444.8,0,0.0,138108598.50000006
2025-08-01 10:52:57 AM,1444.8,2,2889.6,138111488.10000005
2025-08-01 10:53:02 AM,1444.8,4,5779.2,138117267.30000004
2025-08-01 10:53:07 AM,1444.8,50,72240.0,138189507.30000004
2025-08-01 10:53:16 AM,1446.0,0,0.0,138189507.30000004
2025-08-01 10:53:18 AM,1446.0,333,481518.0,138671025.30000004
2025-08-01 10:53:29 AM,1446.6,101,146106.59999999998,138817131.90000004
2025-08-01 10:53:32 AM,1447.4,0,0.0,138817131.90000004
2025-08-01 10:53:34 AM,1447.4,26,37632.4,138854764.30000004
2025-08-01 10:53:40 AM,1446.6,50,72330.0,138927094.30000004
2025-08-01 10:53:42 AM,1447.8,0,0.0,138927094.30000004
2025-08-01 10:53:45 AM,1447.8,5,7239.0,138934333.30000004
2025-08-01 10:53:48 AM,1447.7,0,0.0,138934333.30000004
2025-08-01 10:53:48 AM,1447.6,0,0.0,138934333.30000004
2025-08-01 10:53:50 AM,1447.6,31,44875.6,138979208.90000004
2025-08-01 10:53:54 AM,1448.3,0,0.0,138979208.90000004
2025-08-01 10:53:56 AM,1448.3,269,389592.7,139368801.60000002
2025-08-01 10:54:00 AM,1449.0,0,0.0,139368801.60000002
2025-08-01 10:54:00 AM,1449.0,13,18837.0,139387638.60000002
2025-08-01 10:54:06 AM,1449.0,10,14490.0,139402128.60000002
2025-08-01 10:54:12 AM,1448.3,2,2896.6,139405025.20000002
2025-08-01 10:54:17 AM,1448.3,6,8689.8,139413715.00000003
2025-08-01 10:54:28 AM,1448.3,1,1448.3,139415163.30000004
2025-08-01 10:54:32 AM,1448.0,0,0.0,139415163.30000004
2025-08-01 10:54:33 AM,1448.0,84,121632.0,139536795.30000004
2025-08-01 10:54:44 AM,1448.0,35,50680.0,139587475.30000004
2025-08-01 10:54:46 AM,1448.9,0,0.0,139587475.30000004
2025-08-01 10:54:49 AM,1448.9,483,699818.7000000001,140287294.00000003
2025-08-01 10:54:58 AM,1446.9,0,0.0,140287294.00000003
2025-08-01 10:54:58 AM,1447.5,0,0.0,140287294.00000003
2025-08-01 10:55:00 AM,1447.5,320,463200.0,140750494.00000003
2025-08-01 10:55:08 AM,1446.7,0,0.0,140750494.00000003
2025-08-01 10:55:10 AM,1446.7,50,72335.0,140822829.00000003
2025-08-01 10:55:24 AM,1446.6,0,0.0,140822829.00000003
2025-08-01 10:55:26 AM,1446.6,12,17359.199999999997,140840188.20000002
2025-08-01 10:55:36 AM,1446.7,0,0.0,140840188.20000002
2025-08-01 10:55:38 AM,1446.7,1,1446.7,140841634.9
2025-08-01 10:55:42 AM,1446.5,0,0.0,140841634.9
2025-08-01 10:55:43 AM,1446.5,1,1446.5,140843081.4
2025-08-01 10:55:58 AM,1446.5,10,14465.0,140857546.4
2025-08-01 10:56:00 AM,1447.6,0,0.0,140857546.4
2025-08-01 10:56:02 AM,1446.6,0,0.0,140857546.4
2025-08-01 10:56:04 AM,1446.6,2,2893.2,140860439.6
2025-08-01 10:56:14 AM,1446.4,0,0.0,140860439.6
2025-08-01 10:56:14 AM,1446.4,3,4339.200000000001,140864778.79999998
2025-08-01 10:56:25 AM,1445.8,100,144580.0,141009358.79999998
2025-08-01 10:56:40 AM,1447.8,0,0.0,141009358.79999998
2025-08-01 10:56:40 AM,1445.9,128,185075.2,141194433.99999997
2025-08-01 10:56:51 AM,1445.9,2,2891.8,141197325.79999998
2025-08-01 10:56:52 AM,1445.9,5,7229.5,141204555.29999998
2025-08-01 10:56:56 AM,1447.0,0,0.0,141204555.29999998
2025-08-01 10:56:56 AM,1447.0,3,4341.0,141208896.29999998
2025-08-01 10:57:18 AM,1446.1,0,0.0,141208896.29999998
2025-08-01 10:57:18 AM,1446.1,1,1446.1,141210342.39999998
2025-08-01 10:57:28 AM,1445.4,0,0.0,141210342.39999998
2025-08-01 10:57:28 AM,1445.4,1,1445.4,141211787.79999998
2025-08-01 10:57:36 AM,1444.8,0,0.0,141211787.79999998
2025-08-01 10:57:39 AM,1444.8,10,14448.0,141226235.79999998
2025-08-01 10:57:48 AM,1446.6,0,0.0,141226235.79999998
2025-08-01 10:57:49 AM,1444.8,180,260064.0,141486299.79999998
2025-08-01 10:58:06 AM,1444.8,2,2889.6,141489189.39999998
2025-08-01 10:58:08 AM,1443.9,0,0.0,141489189.39999998
2025-08-01 10:58:10 AM,1445.3,0,0.0,141489189.39999998
2025-08-01 10:58:10 AM,1445.3,180,260154.0,141749343.39999998
2025-08-01 10:58:21 AM,1444.0,1,1444.0,141750787.39999998
2025-08-01 10:58:26 AM,1443.9,0,0.0,141750787.39999998
2025-08-01 10:58:27 AM,1443.9,1,1443.9,141752231.29999998
2025-08-01 10:58:34 AM,1445.9,0,0.0,141752231.29999998
2025-08-01 10:58:36 AM,1444.6,0,0.0,141752231.29999998
2025-08-01 10:58:38 AM,1444.6,301,434824.6,142187055.89999998
2025-08-01 10:58:49 AM,1444.0,1,1444.0,142188499.89999998
2025-08-01 10:59:04 AM,1445.3,0,0.0,142188499.89999998
2025-08-01 10:59:04 AM,1445.3,4,5781.2,142194281.09999996
2025-08-01 10:59:15 AM,1445.4,2,2890.8,142197171.89999998
2025-08-01 10:59:34 AM,1443.5,0,0.0,142197171.89999998
2025-08-01 10:59:35 AM,1443.5,200,288700.0,142485871.89999998
2025-08-01 10:59:40 AM,1443.0,0,0.0,142485871.89999998
2025-08-01 10:59:40 AM,1443.0,100,144300.0,142630171.89999998
2025-08-01 10:59:46 AM,1443.3,0,0.0,142630171.89999998
2025-08-01 10:59:46 AM,1443.3,4,5773.2,142635945.09999996
2025-08-01 10:59:50 AM,1444.3,0,0.0,142635945.09999996
2025-08-01 10:59:51 AM,1444.3,6,8665.8,142644610.89999998
2025-08-01 11:00:06 AM,1445.0,0,0.0,142644610.89999998
2025-08-01 11:00:09 AM,1446.1,132,190885.19999999998,142835496.09999996
2025-08-01 11:00:14 AM,1444.8,2,2889.6,142838385.69999996
2025-08-01 11:00:37 AM,1446.0,5,7230.0,142845615.69999996
2025-08-01 11:00:43 AM,1446.3,0,0.0,142845615.69999996
2025-08-01 11:00:47 AM,1446.3,106,153307.8,142998923.49999997
2025-08-01 11:00:51 AM,1447.2,0,0.0,142998923.49999997
2025-08-01 11:00:52 AM,1447.2,5,7236.0,143006159.49999997
2025-08-01 11:00:57 AM,1446.6,0,0.0,143006159.49999997
2025-08-01 11:00:57 AM,1446.6,3,4339.799999999999,143010499.29999998
2025-08-01 11:01:11 AM,1447.0,0,0.0,143010499.29999998
2025-08-01 11:01:13 AM,1447.0,3,4341.0,143014840.29999998
2025-08-01 11:01:19 AM,1447.0,207,299529.0,143314369.29999998
2025-08-01 11:01:50 AM,1447.0,30,43410.0,143357779.29999998
2025-08-01 11:02:05 AM,1447.0,4,5788.0,143363567.29999998
2025-08-01 11:02:16 AM,1447.0,2,2894.0,143366461.29999998
2025-08-01 11:02:27 AM,1447.0,12,17364.0,143383825.29999998
2025-08-01 11:02:40 AM,1447.0,100,144700.0,143528525.29999998
2025-08-01 11:02:57 AM,1448.3,0,0.0,143528525.29999998
2025-08-01 11:03:00 AM,1448.3,100,144830.0,143673355.29999998
2025-08-01 11:03:07 AM,1447.0,0,0.0,143673355.29999998
2025-08-01 11:03:10 AM,1447.0,100,144700.0,143818055.29999998
2025-08-01 11:03:15 AM,1447.0,17,24599.0,143842654.29999998
2025-08-01 11:03:19 AM,1446.9,0,0.0,143842654.29999998
2025-08-01 11:03:20 AM,1446.9,77,111411.3,143954065.6
2025-08-01 11:03:22 AM,1447.0,5,7235.0,143961300.6
2025-08-01 11:03:25 AM,1447.0,1,1447.0,143962747.6
2025-08-01 11:03:27 AM,1446.4,0,0.0,143962747.6
2025-08-01 11:03:27 AM,1446.4,1,1446.4,143964194.0
2025-08-01 11:03:31 AM,1447.0,0,0.0,143964194.0
2025-08-01 11:03:32 AM,1447.0,6,8682.0,143972876.0
2025-08-01 11:03:49 AM,1446.3,0,0.0,143972876.0
2025-08-01 11:03:49 AM,1446.3,2,2892.6,143975768.6
2025-08-01 11:04:11 AM,1446.1,0,0.0,143975768.6
2025-08-01 11:04:12 AM,1446.1,1,1446.1,143977214.7
2025-08-01 11:04:13 AM,1445.5,0,0.0,143977214.7
2025-08-01 11:04:15 AM,1445.5,2,2891.0,143980105.7
2025-08-01 11:04:30 AM,1445.7,0,0.0,143980105.7
2025-08-01 11:04:30 AM,1445.7,98,141678.6,144121784.29999998
2025-08-01 11:04:33 AM,1445.7,2,2891.4,144124675.7
2025-08-01 11:04:36 AM,1444.4,0,0.0,144124675.7
2025-08-01 11:04:38 AM,1444.4,135,194994.0,144319669.7
2025-08-01 11:04:43 AM,1445.7,2,2891.4,144322561.1
2025-08-01 11:04:50 AM,1444.1,0,0.0,144322561.1
2025-08-01 11:04:50 AM,1444.1,1368,1975528.7999999998,146298089.9
2025-08-01 11:04:51 AM,1444.3,0,0.0,146298089.9
2025-08-01 11:04:54 AM,1444.3,1,1444.3,146299534.20000002
2025-08-01 11:04:57 AM,1444.5,0,0.0,146299534.20000002
2025-08-01 11:04:59 AM,1444.5,16,23112.0,146322646.20000002
2025-08-01 11:05:03 AM,1444.9,0,0.0,146322646.20000002
2025-08-01 11:05:05 AM,1444.9,13,18783.7,146341429.9
2025-08-01 11:05:20 AM,1444.8,0,0.0,146341429.9
2025-08-01 11:05:21 AM,1444.8,20,28896.0,146370325.9
2025-08-01 11:05:47 AM,1444.6,0,0.0,146370325.9
2025-08-01 11:05:48 AM,1444.6,16,23113.6,146393439.5
2025-08-01 11:05:58 AM,1443.0,0,0.0,146393439.5
2025-08-01 11:05:58 AM,1443.0,4,5772.0,146399211.5
2025-08-01 11:06:10 AM,1443.0,2,2886.0,146402097.5
2025-08-01 11:06:23 AM,1442.1,0,0.0,146402097.5
2025-08-01 11:06:26 AM,1442.1,86,124020.59999999999,146526118.1
2025-08-01 11:06:34 AM,1442.2,0,0.0,146526118.1
2025-08-01 11:06:34 AM,1442.2,13,18748.600000000002,146544866.7
2025-08-01 11:06:37 AM,1442.9,0,0.0,146544866.7
2025-08-01 11:06:39 AM,1442.9,93,134189.7,146679056.39999998
2025-08-01 11:07:11 AM,1442.0,0,0.0,146679056.39999998
2025-08-01 11:07:12 AM,1442.0,9,12978.0,146692034.39999998
2025-08-01 11:07:18 AM,1442.0,2,2884.0,146694918.39999998
2025-08-01 11:07:24 AM,1442.8,30,43284.0,146738202.39999998
2025-08-01 11:07:27 AM,1442.6,0,0.0,146738202.39999998
2025-08-01 11:07:29 AM,1442.6,2,2885.2,146741087.59999996
2025-08-01 11:07:33 AM,1443.3,0,0.0,146741087.59999996
2025-08-01 11:07:34 AM,1443.3,22,31752.6,146772840.19999996
2025-08-01 11:07:59 AM,1442.6,0,0.0,146772840.19999996
2025-08-01 11:08:01 AM,1442.9,0,0.0,146772840.19999996
2025-08-01 11:08:01 AM,1442.9,215,310223.5,147083063.69999996
2025-08-01 11:08:05 AM,1443.2,0,0.0,147083063.69999996
2025-08-01 11:08:06 AM,1443.2,8,11545.6,147094609.29999995
2025-08-01 11:08:15 AM,1442.2,0,0.0,147094609.29999995
2025-08-01 11:08:17 AM,1442.2,2,2884.4,147097493.69999996
2025-08-01 11:08:35 AM,1442.2,4,5768.8,147103262.49999997
2025-08-01 11:08:57 AM,1442.8,0,0.0,147103262.49999997
2025-08-01 11:08:59 AM,1443.3,63,90927.9,147194190.39999998
2025-08-01 11:09:00 AM,1441.2,0,0.0,147194190.39999998
2025-08-01 11:09:02 AM,1441.0,22,31702.0,147225892.39999998
2025-08-01 11:09:22 AM,1440.1,0,0.0,147225892.39999998
2025-08-01 11:09:22 AM,1440.1,5,7200.5,147233092.89999998
2025-08-01 11:09:33 AM,1440.0,135,194400.0,147427492.89999998
2025-08-01 11:09:35 AM,1440.0,2,2880.0,147430372.89999998
2025-08-01 11:09:44 AM,1440.1,2,2880.2,147433253.09999996
2025-08-01 11:09:56 AM,1440.1,15,21601.5,147454854.59999996
2025-08-01 11:10:12 AM,1440.0,2,2880.0,147457734.59999996
2025-08-01 11:10:16 AM,1440.0,300,432000.0,147889734.59999996
2025-08-01 11:10:20 AM,1440.8,0,0.0,147889734.59999996
2025-08-01 11:10:21 AM,1440.8,11,15848.8,147905583.39999998
2025-08-01 11:10:26 AM,1440.5,0,0.0,147905583.39999998
2025-08-01 11:10:26 AM,1440.5,19,27369.5,147932952.89999998
2025-08-01 11:10:27 AM,1440.5,1,1440.5,147934393.39999998
2025-08-01 11:10:30 AM,1441.3,0,0.0,147934393.39999998
2025-08-01 11:10:32 AM,1441.3,1,1441.3,147935834.7
2025-08-01 11:10:33 AM,1441.0,2,2882.0,147938716.7
2025-08-01 11:10:37 AM,1440.9,2,2881.8,147941598.5
2025-08-01 11:10:40 AM,1441.3,0,0.0,147941598.5
2025-08-01 11:10:43 AM,1441.3,250,360325.0,148301923.5
2025-08-01 11:10:54 AM,1440.7,0,0.0,148301923.5
2025-08-01 11:10:54 AM,1440.7,1,1440.7,148303364.2
2025-08-01 11:10:58 AM,1441.4,0,0.0,148303364.2
2025-08-01 11:10:59 AM,1441.4,8,11531.2,148314895.39999998
2025-08-01 11:11:40 AM,1441.1,0,0.0,148314895.39999998
2025-08-01 11:11:43 AM,1440.4,11,15844.400000000001,148330739.79999998
2025-08-01 11:11:46 AM,1441.9,0,0.0,148330739.79999998
2025-08-01 11:11:49 AM,1441.9,75,108142.5,148438882.29999998
2025-08-01 11:11:58 AM,1441.7,0,0.0,148438882.29999998
2025-08-01 11:11:59 AM,1441.7,1,1441.7,148440323.99999997
2025-08-01 11:12:00 AM,1440.6,0,0.0,148440323.99999997
2025-08-01 11:12:02 AM,1440.1,0,0.0,148440323.99999997
2025-08-01 11:12:04 AM,1442.6,0,0.0,148440323.99999997
2025-08-01 11:12:04 AM,1442.6,817,1178604.2,149618928.19999996
2025-08-01 11:12:06 AM,1442.9,0,0.0,149618928.19999996
2025-08-01 11:12:09 AM,1442.9,4,5771.6,149624699.79999995
2025-08-01 11:12:12 AM,1444.0,0,0.0,149624699.79999995
2025-08-01 11:12:15 AM,1444.0,16,23104.0,149647803.79999995
2025-08-01 11:12:20 AM,1444.0,6,8664.0,149656467.79999995
2025-08-01 11:12:31 AM,1444.0,6,8664.0,149665131.79999995
2025-08-01 11:13:08 AM,1443.4,103,148670.2,149813801.99999994
2025-08-01 11:13:09 AM,1443.4,1,1443.4,149815245.39999995
2025-08-01 11:13:22 AM,1443.6,0,0.0,149815245.39999995
2025-08-01 11:13:24 AM,1443.8,4,5775.2,149821020.59999993
2025-08-01 11:13:31 AM,1443.8,25,36095.0,149857115.59999993
2025-08-01 11:13:34 AM,1444.4,0,0.0,149857115.59999993
2025-08-01 11:13:35 AM,1444.4,20,28888.0,149886003.59999993
2025-08-01 11:13:58 AM,1442.7,106,152926.2,150038929.79999992
2025-08-01 11:14:01 AM,1443.2,0,0.0,150038929.79999992
2025-08-01 11:14:02 AM,1443.2,1,1443.2,150040372.9999999
2025-08-01 11:14:19 AM,1442.3,0,0.0,150040372.9999999
2025-08-01 11:14:19 AM,1442.3,2,2884.6,150043257.5999999
2025-08-01 11:14:19 AM,1443.2,0,0.0,150043257.5999999
2025-08-01 11:14:20 AM,1443.2,1,1443.2,150044700.7999999
2025-08-01 11:14:25 AM,1441.8,0,0.0,150044700.7999999
2025-08-01 11:14:25 AM,1441.8,1,1441.8,150046142.5999999
2025-08-01 11:14:35 AM,1441.8,13,18743.399999999998,150064885.9999999
2025-08-01 11:14:51 AM,1442.4,16,23078.4,150087964.39999992
2025-08-01 11:14:56 AM,1443.2,1,1443.2,150089407.5999999
2025-08-01 11:15:09 AM,1442.4,0,0.0,150089407.5999999
2025-08-01 11:15:13 AM,1442.3,0,0.0,150089407.5999999
2025-08-01 11:15:13 AM,1442.3,113,162979.9,150252387.4999999
2025-08-01 11:15:17 AM,1442.8,0,0.0,150252387.4999999
2025-08-01 11:15:18 AM,1442.8,1,1442.8,150253830.29999992
2025-08-01 11:15:51 AM,1443.2,0,0.0,150253830.29999992
2025-08-01 11:15:54 AM,1443.2,10,14432.0,150268262.29999992
2025-08-01 11:16:13 AM,1442.3,0,0.0,150268262.29999992
2025-08-01 11:16:15 AM,1442.3,2,2884.6,150271146.89999992
2025-08-01 11:16:31 AM,1442.0,0,0.0,150271146.89999992
2025-08-01 11:16:31 AM,1442.0,2,2884.0,150274030.89999992
2025-08-01 11:16:35 AM,1442.9,0,0.0,150274030.89999992
2025-08-01 11:16:36 AM,1442.9,32,46172.8,150320203.69999993
2025-08-01 11:17:03 AM,1442.9,1,1442.9,150321646.59999993
2025-08-01 11:17:29 AM,1443.4,0,0.0,150321646.59999993
2025-08-01 11:17:30 AM,1443.4,7,10103.800000000001,150331750.39999995
2025-08-01 11:17:40 AM,1443.5,3,4330.5,150336080.89999995
2025-08-01 11:17:47 AM,1443.5,14,20209.0,150356289.89999995
2025-08-01 11:18:12 AM,1443.5,104,150124.0,150506413.89999995
2025-08-01 11:18:30 AM,1443.1,3,4329.299999999999,150510743.19999996
2025-08-01 11:18:55 AM,1442.9,0,0.0,150510743.19999996
2025-08-01 11:18:58 AM,1442.9,358,516558.2,151027301.39999995
2025-08-01 11:19:20 AM,1443.2,0,0.0,151027301.39999995
2025-08-01 11:19:21 AM,1443.2,148,213593.6,151240894.99999994
2025-08-01 11:19:22 AM,1443.4,0,0.0,151240894.99999994
2025-08-01 11:19:26 AM,1443.4,3,4330.200000000001,151245225.19999993
2025-08-01 11:19:37 AM,1443.6,0,0.0,151245225.19999993
2025-08-01 11:19:37 AM,1443.6,1,1443.6,151246668.79999992
2025-08-01 11:19:39 AM,1444.5,0,0.0,151246668.79999992
2025-08-01 11:19:42 AM,1444.5,18,26001.0,151272669.79999992
2025-08-01 11:20:05 AM,1443.9,0,0.0,151272669.79999992
2025-08-01 11:20:06 AM,1443.5,0,0.0,151272669.79999992
2025-08-01 11:20:09 AM,1443.5,18,25983.0,151298652.79999992
2025-08-01 11:20:12 AM,1444.3,0,0.0,151298652.79999992
2025-08-01 11:20:14 AM,1444.3,2,2888.6,151301541.39999992
2025-08-01 11:20:16 AM,1443.2,0,0.0,151301541.39999992
2025-08-01 11:20:18 AM,1443.7,0,0.0,151301541.39999992
2025-08-01 11:20:19 AM,1443.7,102,147257.4,151448798.79999992
2025-08-01 11:20:21 AM,1444.5,0,0.0,151448798.79999992
2025-08-01 11:20:25 AM,1444.5,3,4333.5,151453132.29999992
2025-08-01 11:20:53 AM,1443.1,0,0.0,151453132.29999992
2025-08-01 11:20:55 AM,1443.1,48,69268.79999999999,151522401.09999993
2025-08-01 11:21:00 AM,1444.5,0,0.0,151522401.09999993
2025-08-01 11:21:01 AM,1444.5,1,1444.5,151523845.59999993
2025-08-01 11:21:12 AM,1443.9,8,11551.2,151535396.79999992
2025-08-01 11:21:14 AM,1443.7,0,0.0,151535396.79999992
2025-08-01 11:21:17 AM,1443.7,5,7218.5,151542615.29999992
2025-08-01 11:21:29 AM,1444.0,0,0.0,151542615.29999992
2025-08-01 11:21:33 AM,1444.0,100,144400.0,151687015.29999992
2025-08-01 11:21:42 AM,1443.7,0,0.0,151687015.29999992
2025-08-01 11:21:43 AM,1443.7,5,7218.5,151694233.79999992
2025-08-01 11:21:47 AM,1442.6,0,0.0,151694233.79999992
