date,price,qty,trnvr,cum_trnvr
2025-08-01 09:15:00 AM,999.95,515,514974.25,514974.25
2025-08-01 09:15:09 AM,1000.85,0,0.0,514974.25
2025-08-01 09:15:10 AM,1000.85,589,589500.65,1104474.9
2025-08-01 09:15:12 AM,1004.6,9,9041.4,1113516.2999999998
2025-08-01 09:15:18 AM,1008.45,0,0.0,1113516.2999999998
2025-08-01 09:15:21 AM,1008.45,245,247070.25,1360586.5499999998
2025-08-01 09:15:23 AM,1008.3,14,14116.199999999999,1374702.7499999998
2025-08-01 09:15:29 AM,1004.45,0,0.0,1374702.7499999998
2025-08-01 09:15:30 AM,1004.45,505,507247.25,1881949.9999999998
2025-08-01 09:15:31 AM,1004.95,57,57282.15,1939232.1499999997
2025-08-01 09:15:40 AM,1008.5,6,6051.0,1945283.1499999997
2025-08-01 09:15:50 AM,1005.15,0,0.0,1945283.1499999997
2025-08-01 09:15:55 AM,1005.15,61,61314.15,2006597.2999999996
2025-08-01 09:15:56 AM,1006.65,33,33219.45,2039816.7499999995
2025-08-01 09:15:59 AM,1002.5,0,0.0,2039816.7499999995
2025-08-01 09:16:01 AM,1002.65,0,0.0,2039816.7499999995
2025-08-01 09:16:03 AM,1002.65,914,916422.1,2956238.8499999996
2025-08-01 09:16:05 AM,997.0,356,354932.0,3311170.8499999996
2025-08-01 09:16:08 AM,1000.4,0,0.0,3311170.8499999996
2025-08-01 09:16:11 AM,1000.4,190,190076.0,3501246.8499999996
2025-08-01 09:16:13 AM,1000.85,62,62052.700000000004,3563299.55
2025-08-01 09:16:13 AM,998.25,0,0.0,3563299.55
2025-08-01 09:16:16 AM,998.9,0,0.0,3563299.55
2025-08-01 09:16:19 AM,998.9,296,295674.39999999997,3858973.9499999997
2025-08-01 09:16:21 AM,998.95,50,49947.5,3908921.4499999997
2025-08-01 09:16:29 AM,999.2,553,552557.6,4461479.05
2025-08-01 09:16:33 AM,999.9,0,0.0,4461479.05
2025-08-01 09:16:36 AM,999.9,5,4999.5,4466478.55
2025-08-01 09:16:36 AM,1000.3,0,0.0,4466478.55
2025-08-01 09:16:37 AM,1000.3,56,56016.799999999996,4522495.35
2025-08-01 09:16:44 AM,1001.45,18,18026.100000000002,4540521.449999999
2025-08-01 09:16:52 AM,1002.05,501,502027.05,5042548.499999999
2025-08-01 09:16:55 AM,1002.4,0,0.0,5042548.499999999
2025-08-01 09:17:00 AM,1000.05,11,11000.55,5053549.049999999
2025-08-01 09:17:13 AM,1001.1,0,0.0,5053549.049999999
2025-08-01 09:17:17 AM,1001.95,387,387754.65,5441303.699999999
2025-08-01 09:17:18 AM,1002.4,14,14033.6,5455337.299999999
2025-08-01 09:17:20 AM,1003.1,0,0.0,5455337.299999999
2025-08-01 09:17:25 AM,1003.65,403,404470.95,5859808.249999999
2025-08-01 09:17:26 AM,1003.95,25,25098.75,5884906.999999999
2025-08-01 09:17:30 AM,1000.65,0,0.0,5884906.999999999
2025-08-01 09:17:33 AM,1003.9,105,105409.5,5990316.499999999
2025-08-01 09:17:43 AM,1000.55,61,61033.549999999996,6051350.049999999
2025-08-01 09:17:48 AM,1001.3,0,0.0,6051350.049999999
2025-08-01 09:17:50 AM,1020.6,13300,13573980.0,19625330.049999997
2025-08-01 09:17:51 AM,1036.45,250,259112.5,19884442.549999997
2025-08-01 09:17:54 AM,1021.7,0,0.0,19884442.549999997
2025-08-01 09:17:56 AM,1017.1,0,0.0,19884442.549999997
2025-08-01 09:17:58 AM,1018.5,484,492954.0,20377396.549999997
2025-08-01 09:18:04 AM,1016.2,0,0.0,20377396.549999997
2025-08-01 09:18:07 AM,1018.25,205,208741.25,20586137.799999997
2025-08-01 09:18:08 AM,1017.85,21,21374.850000000002,20607512.65
2025-08-01 09:18:10 AM,1017.55,0,0.0,20607512.65
2025-08-01 09:18:15 AM,1017.55,10,10175.5,20617688.15
2025-08-01 09:18:16 AM,1014.05,206,208894.3,20826582.45
2025-08-01 09:18:25 AM,1016.1,42,42676.200000000004,20869258.65
2025-08-01 09:18:28 AM,1016.95,0,0.0,20869258.65
2025-08-01 09:18:31 AM,1016.6,24,24398.4,20893657.049999997
2025-08-01 09:18:33 AM,1017.1,6,6102.6,20899759.65
2025-08-01 09:18:36 AM,1027.4,0,0.0,20899759.65
2025-08-01 09:18:40 AM,1019.05,1075,1095478.75,21995238.4
2025-08-01 09:18:41 AM,1018.0,5,5090.0,22000328.4
2025-08-01 09:18:44 AM,1022.55,0,0.0,22000328.4
2025-08-01 09:18:48 AM,1023.95,103,105466.85,22105795.25
2025-08-01 09:18:49 AM,1023.9,19,19454.1,22125249.35
2025-08-01 09:18:50 AM,1021.0,0,0.0,22125249.35
2025-08-01 09:18:52 AM,1023.95,0,0.0,22125249.35
2025-08-01 09:18:56 AM,1025.4,18,18457.2,22143706.55
2025-08-01 09:18:58 AM,1023.0,0,0.0,22143706.55
2025-08-01 09:19:00 AM,1026.65,0,0.0,22143706.55
2025-08-01 09:19:04 AM,1022.2,2626,2684297.2,24828003.75
2025-08-01 09:19:05 AM,1024.45,1,1024.45,24829028.2
2025-08-01 09:19:12 AM,1024.3,1,1024.3,24830052.5
2025-08-01 09:19:20 AM,1024.3,5,5121.5,24835174.0
2025-08-01 09:19:23 AM,1022.35,0,0.0,24835174.0
2025-08-01 09:19:28 AM,1022.35,92,94056.2,24929230.2
2025-08-01 09:19:28 AM,1020.55,0,0.0,24929230.2
2025-08-01 09:19:30 AM,1021.6,13,13280.800000000001,24942511.0
2025-08-01 09:19:31 AM,1022.35,0,0.0,24942511.0
2025-08-01 09:19:36 AM,1021.6,483,493432.8,25435943.8
2025-08-01 09:19:38 AM,1022.3,202,206504.59999999998,25642448.400000002
2025-08-01 09:19:44 AM,1017.15,250,254287.5,25896735.900000002
2025-08-01 09:19:46 AM,1018.65,0,0.0,25896735.900000002
2025-08-01 09:19:52 AM,1019.0,120,122280.0,26019015.900000002
2025-08-01 09:20:02 AM,1019.0,48,48912.0,26067927.900000002
2025-08-01 09:20:07 AM,1018.0,0,0.0,26067927.900000002
2025-08-01 09:20:08 AM,1018.0,25,25450.0,26093377.900000002
2025-08-01 09:20:10 AM,1018.35,6,6110.1,26099488.000000004
2025-08-01 09:20:14 AM,1018.45,0,0.0,26099488.000000004
2025-08-01 09:20:16 AM,1018.45,3,3055.3500000000004,26102543.350000005
2025-08-01 09:20:21 AM,1019.6,0,0.0,26102543.350000005
2025-08-01 09:20:24 AM,1020.05,126,128526.29999999999,26231069.650000006
2025-08-01 09:20:26 AM,1020.2,16,16323.2,26247392.850000005
2025-08-01 09:20:32 AM,1021.15,0,0.0,26247392.850000005
2025-08-01 09:20:33 AM,1021.15,4,4084.6,26251477.450000007
2025-08-01 09:20:40 AM,1022.3,36,36802.799999999996,26288280.250000007
2025-08-01 09:20:41 AM,1022.3,3,3066.8999999999996,26291347.150000006
2025-08-01 09:20:42 AM,1022.35,0,0.0,26291347.150000006
2025-08-01 09:20:46 AM,1022.05,0,0.0,26291347.150000006
2025-08-01 09:20:48 AM,1022.05,1628,1663897.4,27955244.550000004
2025-08-01 09:20:49 AM,1022.65,126,128853.9,28084098.450000003
2025-08-01 09:20:53 AM,1024.3,0,0.0,28084098.450000003
2025-08-01 09:20:55 AM,1025.5,70,71785.0,28155883.450000003
2025-08-01 09:20:56 AM,1026.0,0,0.0,28155883.450000003
2025-08-01 09:20:57 AM,1026.0,35,35910.0,28191793.450000003
2025-08-01 09:21:00 AM,1027.05,0,0.0,28191793.450000003
2025-08-01 09:21:02 AM,1027.75,0,0.0,28191793.450000003
2025-08-01 09:21:03 AM,1027.75,123,126413.25,28318206.700000003
2025-08-01 09:21:04 AM,1025.55,130,133321.5,28451528.200000003
2025-08-01 09:21:07 AM,1026.2,0,0.0,28451528.200000003
2025-08-01 09:21:11 AM,1024.05,41,41986.049999999996,28493514.250000004
2025-08-01 09:21:12 AM,1026.35,18,18474.3,28511988.550000004
2025-08-01 09:21:14 AM,1026.95,0,0.0,28511988.550000004
2025-08-01 09:21:16 AM,1024.15,0,0.0,28511988.550000004
2025-08-01 09:21:19 AM,1025.4,144,147657.6,28659646.150000006
2025-08-01 09:21:20 AM,1023.15,32,32740.8,28692386.950000007
2025-08-01 09:21:21 AM,1024.0,0,0.0,28692386.950000007
2025-08-01 09:21:27 AM,1024.0,27,27648.0,28720034.950000007
2025-08-01 09:21:28 AM,1017.45,13091,13319437.950000001,42039472.900000006
2025-08-01 09:21:28 AM,1017.4,0,0.0,42039472.900000006
2025-08-01 09:21:30 AM,1015.35,0,0.0,42039472.900000006
2025-08-01 09:21:34 AM,1015.2,452,458870.4,42498343.300000004
2025-08-01 09:21:35 AM,1015.0,64,64960.0,42563303.300000004
2025-08-01 09:21:42 AM,1015.05,30,30451.5,42593754.800000004
2025-08-01 09:21:43 AM,1015.35,20,20307.0,42614061.800000004
2025-08-01 09:21:50 AM,1015.0,44,44660.0,42658721.800000004
2025-08-01 09:21:53 AM,1012.0,0,0.0,42658721.800000004
2025-08-01 09:21:57 AM,1012.0,1067,1079804.0,43738525.800000004
2025-08-01 09:21:58 AM,1010.3,1267,1280050.0999999999,45018575.900000006
2025-08-01 09:22:03 AM,1011.55,0,0.0,45018575.900000006
2025-08-01 09:22:05 AM,1011.55,84,84970.2,45103546.10000001
2025-08-01 09:22:07 AM,1006.2,0,0.0,45103546.10000001
2025-08-01 09:22:10 AM,1008.6,0,0.0,45103546.10000001
2025-08-01 09:22:12 AM,1008.6,1238,1248646.8,46352192.900000006
2025-08-01 09:22:17 AM,1005.95,0,0.0,46352192.900000006
2025-08-01 09:22:20 AM,1005.95,1179,1186015.05,47538207.95
2025-08-01 09:22:24 AM,1006.8,0,0.0,47538207.95
2025-08-01 09:22:28 AM,1007.45,57,57424.65,47595632.6
2025-08-01 09:22:35 AM,1007.75,30,30232.5,47625865.1
2025-08-01 09:22:36 AM,1008.0,0,0.0,47625865.1
2025-08-01 09:22:37 AM,1008.0,44,44352.0,47670217.1
2025-08-01 09:22:43 AM,1006.2,15,15093.0,47685310.1
2025-08-01 09:22:43 AM,1007.45,0,0.0,47685310.1
2025-08-01 09:22:45 AM,1008.2,355,357911.0,48043221.1
2025-08-01 09:22:52 AM,1007.45,948,955062.6000000001,48998283.7
2025-08-01 09:22:55 AM,1006.0,0,0.0,48998283.7
2025-08-01 09:22:58 AM,1006.0,7,7042.0,49005325.7
2025-08-01 09:23:00 AM,1007.65,96,96734.4,49102060.1
2025-08-01 09:23:06 AM,1008.55,1,1008.55,49103068.65
2025-08-01 09:23:09 AM,1016.75,0,0.0,49103068.65
2025-08-01 09:23:14 AM,1015.3,13065,13264894.5,62367963.15
2025-08-01 09:23:15 AM,1014.95,109,110629.55,62478592.699999996
2025-08-01 09:23:21 AM,1016.0,202,205232.0,62683824.699999996
2025-08-01 09:23:37 AM,1015.65,0,0.0,62683824.699999996
2025-08-01 09:23:38 AM,1015.65,3,3046.95,62686871.65
2025-08-01 09:23:43 AM,1016.35,0,0.0,62686871.65
2025-08-01 09:23:44 AM,1016.35,25,25408.75,62712280.4
2025-08-01 09:23:49 AM,1016.6,0,0.0,62712280.4
2025-08-01 09:23:51 AM,1016.6,1014,1030832.4,63743112.8
2025-08-01 09:23:59 AM,1016.0,32,32512.0,63775624.8
2025-08-01 09:24:02 AM,1014.95,0,0.0,63775624.8
2025-08-01 09:24:07 AM,1014.05,272,275821.6,64051446.4
2025-08-01 09:24:15 AM,1013.65,3,3040.95,64054487.35
2025-08-01 09:24:22 AM,1013.65,103,104405.95,64158893.300000004
2025-08-01 09:24:40 AM,1012.15,0,0.0,64158893.300000004
2025-08-01 09:24:45 AM,1012.75,1013,1025915.75,65184809.050000004
2025-08-01 09:24:52 AM,1012.5,1,1012.5,65185821.550000004
2025-08-01 09:24:53 AM,1012.0,0,0.0,65185821.550000004
2025-08-01 09:24:54 AM,1012.0,55,55660.0,65241481.550000004
2025-08-01 09:25:02 AM,1012.0,2,2024.0,65243505.550000004
2025-08-01 09:25:06 AM,1010.65,0,0.0,65243505.550000004
2025-08-01 09:25:07 AM,1011.9,65,65773.5,65309279.050000004
2025-08-01 09:25:07 AM,1013.15,0,0.0,65309279.050000004
2025-08-01 09:25:09 AM,1013.15,404,409312.6,65718591.650000006
2025-08-01 09:25:13 AM,1010.75,0,0.0,65718591.650000006
2025-08-01 09:25:15 AM,1010.75,308,311311.0,66029902.650000006
2025-08-01 09:25:19 AM,1011.3,0,0.0,66029902.650000006
2025-08-01 09:25:22 AM,1011.3,10,10113.0,66040015.650000006
2025-08-01 09:25:30 AM,1013.0,2,2026.0,66042041.650000006
2025-08-01 09:25:38 AM,1011.35,0,0.0,66042041.650000006
2025-08-01 09:25:39 AM,1013.15,503,509614.45,66551656.10000001
2025-08-01 09:25:43 AM,1011.85,0,0.0,66551656.10000001
2025-08-01 09:25:45 AM,1011.85,1,1011.85,66552667.95000001
2025-08-01 09:26:09 AM,1011.0,76,76836.0,66629503.95000001
2025-08-01 09:26:14 AM,1012.6,0,0.0,66629503.95000001
2025-08-01 09:26:15 AM,1012.6,23,23289.8,66652793.75000001
2025-08-01 09:26:30 AM,1011.85,0,0.0,66652793.75000001
2025-08-01 09:26:31 AM,1011.85,96,97137.6,66749931.35000001
2025-08-01 09:26:38 AM,1013.0,457,462941.0,67212872.35000001
2025-08-01 09:26:40 AM,1013.35,27,27360.45,67240232.80000001
2025-08-01 09:26:57 AM,1015.05,0,0.0,67240232.80000001
2025-08-01 09:27:01 AM,1015.05,6,6090.299999999999,67246323.10000001
2025-08-01 09:27:23 AM,1015.05,1,1015.05,67247338.15
2025-08-01 09:27:30 AM,1014.3,2,2028.6,67249366.75
2025-08-01 09:27:35 AM,1015.05,0,0.0,67249366.75
2025-08-01 09:27:38 AM,1015.05,6,6090.299999999999,67255457.05
2025-08-01 09:27:39 AM,1015.05,275,279138.75,67534595.8
2025-08-01 09:27:45 AM,1014.3,8,8114.4,67542710.2
2025-08-01 09:27:50 AM,1014.5,0,0.0,67542710.2
2025-08-01 09:27:51 AM,1014.3,0,0.0,67542710.2
2025-08-01 09:27:53 AM,1014.45,28,28404.600000000002,67571114.8
2025-08-01 09:28:14 AM,1014.4,0,0.0,67571114.8
2025-08-01 09:28:14 AM,1014.45,0,0.0,67571114.8
2025-08-01 09:28:16 AM,1014.45,12,12173.400000000001,67583288.2
2025-08-01 09:28:24 AM,1014.0,1,1014.0,67584302.2
2025-08-01 09:28:32 AM,1014.0,1,1014.0,67585316.2
2025-08-01 09:28:36 AM,1014.45,0,0.0,67585316.2
2025-08-01 09:28:39 AM,1013.35,51,51680.85,67636997.05
2025-08-01 09:28:42 AM,1014.45,0,0.0,67636997.05
2025-08-01 09:28:46 AM,1015.45,0,0.0,67636997.05
2025-08-01 09:28:47 AM,1015.45,263,267063.35000000003,67904060.39999999
2025-08-01 09:28:47 AM,1015.85,0,0.0,67904060.39999999
2025-08-01 09:28:48 AM,1015.85,199,202154.15,68106214.55
2025-08-01 09:29:10 AM,1016.4,5,5082.0,68111296.55
2025-08-01 09:29:15 AM,1016.75,0,0.0,68111296.55
2025-08-01 09:29:17 AM,1016.75,12,12201.0,68123497.55
2025-08-01 09:29:25 AM,1016.8,151,153536.8,68277034.35
2025-08-01 09:29:30 AM,1017.35,0,0.0,68277034.35
2025-08-01 09:29:33 AM,1017.35,30,30520.5,68307554.85
2025-08-01 09:29:40 AM,1016.8,1,1016.8,68308571.64999999
2025-08-01 09:29:47 AM,1016.8,40,40672.0,68349243.64999999
2025-08-01 09:29:55 AM,1016.15,109,110760.34999999999,68460003.99999999
2025-08-01 09:30:01 AM,1017.0,0,0.0,68460003.99999999
2025-08-01 09:30:02 AM,1016.2,102,103652.40000000001,68563656.39999999
2025-08-01 09:30:08 AM,1016.5,0,0.0,68563656.39999999
2025-08-01 09:30:10 AM,1016.5,3,3049.5,68566705.89999999
2025-08-01 09:30:15 AM,1014.75,0,0.0,68566705.89999999
2025-08-01 09:30:18 AM,1014.75,95,96401.25,68663107.14999999
2025-08-01 09:30:32 AM,1013.0,456,461928.0,69125035.14999999
2025-08-01 09:30:36 AM,1014.3,0,0.0,69125035.14999999
2025-08-01 09:30:40 AM,1014.3,10,10143.0,69135178.14999999
2025-08-01 09:30:43 AM,1014.25,0,0.0,69135178.14999999
2025-08-01 09:30:47 AM,1014.25,1,1014.25,69136192.39999999
2025-08-01 09:31:05 AM,1014.05,0,0.0,69136192.39999999
2025-08-01 09:31:07 AM,1013.0,0,0.0,69136192.39999999
2025-08-01 09:31:09 AM,1013.0,54,54702.0,69190894.39999999
2025-08-01 09:31:11 AM,1013.3,0,0.0,69190894.39999999
2025-08-01 09:31:17 AM,1013.6,0,0.0,69190894.39999999
2025-08-01 09:31:17 AM,1013.6,81,82101.6,69272995.99999999
2025-08-01 09:31:37 AM,1013.75,0,0.0,69272995.99999999
2025-08-01 09:31:38 AM,1013.75,10,10137.5,69283133.49999999
2025-08-01 09:31:43 AM,1013.15,0,0.0,69283133.49999999
2025-08-01 09:31:45 AM,1013.15,2,2026.3,69285159.79999998
2025-08-01 09:32:06 AM,1012.3,220,222706.0,69507865.79999998
2025-08-01 09:32:09 AM,1012.5,0,0.0,69507865.79999998
2025-08-01 09:32:13 AM,1012.5,12,12150.0,69520015.79999998
2025-08-01 09:32:20 AM,1013.75,3,3041.25,69523057.04999998
2025-08-01 09:32:21 AM,1012.0,0,0.0,69523057.04999998
2025-08-01 09:32:27 AM,1012.0,462,467544.0,69990601.04999998
2025-08-01 09:32:33 AM,1014.25,0,0.0,69990601.04999998
2025-08-01 09:32:34 AM,1014.25,288,292104.0,70282705.04999998
2025-08-01 09:32:39 AM,1015.45,0,0.0,70282705.04999998
2025-08-01 09:32:41 AM,1015.45,1,1015.45,70283720.49999999
2025-08-01 09:32:55 AM,1015.75,54,54850.5,70338570.99999999
2025-08-01 09:33:02 AM,1015.05,10,10150.5,70348721.49999999
2025-08-01 09:33:09 AM,1012.05,0,0.0,70348721.49999999
2025-08-01 09:33:09 AM,1012.05,500,506025.0,70854746.49999999
2025-08-01 09:33:14 AM,1013.6,0,0.0,70854746.49999999
2025-08-01 09:33:16 AM,1013.6,217,219951.2,71074697.69999999
2025-08-01 09:33:29 AM,1014.85,0,0.0,71074697.69999999
2025-08-01 09:33:30 AM,1014.85,45,45668.25,71120365.94999999
2025-08-01 09:33:51 AM,1014.85,1,1014.85,71121380.79999998
2025-08-01 09:33:54 AM,1014.9,0,0.0,71121380.79999998
2025-08-01 09:33:57 AM,1014.9,78,79162.2,71200542.99999999
2025-08-01 09:34:04 AM,1014.35,13,13186.550000000001,71213729.54999998
2025-08-01 09:34:09 AM,1014.75,0,0.0,71213729.54999998
2025-08-01 09:34:12 AM,1014.75,21,21309.75,71235039.29999998
2025-08-01 09:34:52 AM,1014.3,0,0.0,71235039.29999998
2025-08-01 09:34:53 AM,1014.3,25,25357.5,71260396.79999998
2025-08-01 09:34:56 AM,1013.6,0,0.0,71260396.79999998
2025-08-01 09:35:00 AM,1013.6,10,10136.0,71270532.79999998
2025-08-01 09:35:01 AM,1013.45,16,16215.2,71286747.99999999
2025-08-01 09:35:04 AM,1013.55,0,0.0,71286747.99999999
2025-08-01 09:35:07 AM,1013.55,1,1013.55,71287761.54999998
2025-08-01 09:35:09 AM,1013.8,0,0.0,71287761.54999998
2025-08-01 09:35:14 AM,1013.8,1,1013.8,71288775.34999998
2025-08-01 09:35:24 AM,1014.15,0,0.0,71288775.34999998
2025-08-01 09:35:28 AM,1014.15,200,202830.0,71491605.34999998
2025-08-01 09:35:39 AM,1014.45,0,0.0,71491605.34999998
2025-08-01 09:35:42 AM,1014.45,100,101445.0,71593050.34999998
2025-08-01 09:35:49 AM,1013.75,0,0.0,71593050.34999998
2025-08-01 09:35:54 AM,1012.45,0,0.0,71593050.34999998
2025-08-01 09:35:55 AM,1012.45,34,34423.3,71627473.64999998
2025-08-01 09:35:59 AM,1013.75,0,0.0,71627473.64999998
2025-08-01 09:36:02 AM,1012.5,1088,1101600.0,72729073.64999998
2025-08-01 09:36:03 AM,1012.75,0,0.0,72729073.64999998
2025-08-01 09:36:07 AM,1012.8,0,0.0,72729073.64999998
2025-08-01 09:36:09 AM,1013.4,39,39522.6,72768596.24999997
2025-08-01 09:36:16 AM,1013.4,1,1013.4,72769609.64999998
2025-08-01 09:36:22 AM,1013.65,2,2027.3,72771636.94999997
2025-08-01 09:36:35 AM,1013.65,3,3040.95,72774677.89999998
2025-08-01 09:37:03 AM,1013.6,0,0.0,72774677.89999998
2025-08-01 09:37:08 AM,1013.0,0,0.0,72774677.89999998
2025-08-01 09:37:08 AM,1013.0,36,36468.0,72811145.89999998
2025-08-01 09:37:09 AM,1012.9,77,77993.3,72889139.19999997
2025-08-01 09:37:16 AM,1013.2,3,3039.6000000000004,72892178.79999997
2025-08-01 09:37:16 AM,1013.2,19,19250.8,72911429.59999996
2025-08-01 09:37:23 AM,1013.4,0,0.0,72911429.59999996
2025-08-01 09:37:27 AM,1013.3,0,0.0,72911429.59999996
2025-08-01 09:37:29 AM,1013.3,7,7093.099999999999,72918522.69999996
2025-08-01 09:37:30 AM,1013.3,11,11146.3,72929668.99999996
2025-08-01 09:37:43 AM,1013.3,200,202660.0,73132328.99999996
2025-08-01 09:37:49 AM,1013.05,0,0.0,73132328.99999996
2025-08-01 09:37:50 AM,1013.05,173,175257.65,73307586.64999996
2025-08-01 09:37:51 AM,1012.25,0,0.0,73307586.64999996
2025-08-01 09:37:53 AM,1013.0,0,0.0,73307586.64999996
2025-08-01 09:37:56 AM,1013.0,30,30390.0,73337976.64999996
2025-08-01 09:37:59 AM,1013.15,0,0.0,73337976.64999996
2025-08-01 09:38:03 AM,1013.15,10,10131.5,73348108.14999996
2025-08-01 09:38:17 AM,1013.15,2,2026.3,73350134.44999996
2025-08-01 09:38:30 AM,1013.15,10,10131.5,73360265.94999996
2025-08-01 09:38:34 AM,1012.6,0,0.0,73360265.94999996
2025-08-01 09:38:37 AM,1012.6,126,127587.6,73487853.54999995
2025-08-01 09:38:39 AM,1013.15,0,0.0,73487853.54999995
2025-08-01 09:38:44 AM,1013.15,36,36473.4,73524326.94999996
2025-08-01 09:38:55 AM,1013.3,0,0.0,73524326.94999996
2025-08-01 09:38:57 AM,1013.3,1,1013.3,73525340.24999996
2025-08-01 09:39:17 AM,1013.3,10,10133.0,73535473.24999996
2025-08-01 09:39:24 AM,1013.3,40,40532.0,73576005.24999996
2025-08-01 09:39:30 AM,1013.15,61,61802.15,73637807.39999996
2025-08-01 09:39:32 AM,1012.3,0,0.0,73637807.39999996
2025-08-01 09:39:37 AM,1012.3,7,7086.099999999999,73644893.49999996
2025-08-01 09:39:40 AM,1013.1,0,0.0,73644893.49999996
2025-08-01 09:39:43 AM,1013.15,18,18236.7,73663130.19999996
2025-08-01 09:39:48 AM,1012.05,0,0.0,73663130.19999996
2025-08-01 09:39:50 AM,1012.85,81,82040.85,73745171.04999995
2025-08-01 09:39:52 AM,1013.55,0,0.0,73745171.04999995
2025-08-01 09:39:57 AM,1013.55,2093,2121360.15,75866531.19999996
2025-08-01 09:40:08 AM,1014.2,0,0.0,75866531.19999996
2025-08-01 09:40:10 AM,1014.2,2,2028.4,75868559.59999996
2025-08-01 09:40:10 AM,1015.35,500,507675.0,76376234.59999996
2025-08-01 09:40:18 AM,1015.2,0,0.0,76376234.59999996
2025-08-01 09:40:23 AM,1015.2,1,1015.2,76377249.79999997
2025-08-01 09:40:26 AM,1015.3,0,0.0,76377249.79999997
2025-08-01 09:40:29 AM,1015.3,1,1015.3,76378265.09999996
2025-08-01 09:40:35 AM,1015.2,0,0.0,76378265.09999996
2025-08-01 09:40:36 AM,1015.2,11,11167.2,76389432.29999997
2025-08-01 09:40:47 AM,1015.75,0,0.0,76389432.29999997
2025-08-01 09:40:49 AM,1015.75,150,152362.5,76541794.79999997
2025-08-01 09:40:56 AM,1014.75,18,18265.5,76560060.29999997
2025-08-01 09:41:03 AM,1014.9,2,2029.8,76562090.09999996
2025-08-01 09:41:19 AM,1016.2,0,0.0,76562090.09999996
2025-08-01 09:41:22 AM,1016.2,201,204256.2,76766346.29999997
2025-08-01 09:41:31 AM,1015.45,0,0.0,76766346.29999997
2025-08-01 09:41:35 AM,1015.45,3,3046.3500000000004,76769392.64999996
2025-08-01 09:41:39 AM,1014.95,0,0.0,76769392.64999996
2025-08-01 09:41:42 AM,1014.95,54,54807.3,76824199.94999996
2025-08-01 09:41:43 AM,1015.75,40,40630.0,76864829.94999996
2025-08-01 09:41:47 AM,1015.15,0,0.0,76864829.94999996
2025-08-01 09:41:49 AM,1015.15,1,1015.15,76865845.09999996
2025-08-01 09:42:08 AM,1015.05,100,101505.0,76967350.09999996
2025-08-01 09:42:21 AM,1015.05,2,2030.1,76969380.19999996
2025-08-01 09:42:29 AM,1015.05,1,1015.05,76970395.24999996
2025-08-01 09:42:47 AM,1015.05,50,50752.5,77021147.74999996
2025-08-01 09:42:54 AM,1014.2,0,0.0,77021147.74999996
2025-08-01 09:42:55 AM,1014.2,4,4056.8,77025204.54999995
2025-08-01 09:42:58 AM,1014.6,0,0.0,77025204.54999995
2025-08-01 09:43:00 AM,1013.55,415,420623.25,77445827.79999995
2025-08-01 09:43:01 AM,1014.55,11,11160.05,77456987.84999995
2025-08-01 09:43:20 AM,1014.45,51,51736.950000000004,77508724.79999995
2025-08-01 09:43:22 AM,1013.55,0,0.0,77508724.79999995
2025-08-01 09:43:26 AM,1014.75,0,0.0,77508724.79999995
2025-08-01 09:43:27 AM,1014.75,91,92342.25,77601067.04999995
2025-08-01 09:43:40 AM,1014.7,3,3044.1000000000004,77604111.14999995
2025-08-01 09:44:06 AM,1014.7,52,52764.4,77656875.54999995
2025-08-01 09:44:36 AM,1014.6,0,0.0,77656875.54999995
2025-08-01 09:44:39 AM,1014.6,20,20292.0,77677167.54999995
2025-08-01 09:44:42 AM,1013.7,0,0.0,77677167.54999995
2025-08-01 09:44:45 AM,1013.7,5,5068.5,77682236.04999995
2025-08-01 09:44:59 AM,1013.7,3,3041.1000000000004,77685277.14999995
2025-08-01 09:45:04 AM,1013.55,0,0.0,77685277.14999995
2025-08-01 09:45:05 AM,1013.55,61,61826.549999999996,77747103.69999994
2025-08-01 09:45:07 AM,1013.6,0,0.0,77747103.69999994
2025-08-01 09:45:12 AM,1013.6,241,244277.6,77991381.29999994
2025-08-01 09:45:18 AM,1013.95,0,0.0,77991381.29999994
2025-08-01 09:45:18 AM,1013.95,73,74018.35,78065399.64999993
2025-08-01 09:45:26 AM,1014.65,1,1014.65,78066414.29999994
2025-08-01 09:45:33 AM,1014.65,1,1014.65,78067428.94999994
2025-08-01 09:45:37 AM,1014.5,2,2029.0,78069457.94999994
2025-08-01 09:45:44 AM,1014.5,1,1014.5,78070472.44999994
2025-08-01 09:45:51 AM,1014.5,5,5072.5,78075544.94999994
2025-08-01 09:46:17 AM,1013.55,25,25338.75,78100883.69999994
2025-08-01 09:46:23 AM,1013.55,268,271631.39999999997,78372515.09999995
2025-08-01 09:46:28 AM,1014.45,0,0.0,78372515.09999995
2025-08-01 09:46:29 AM,1014.45,5,5072.25,78377587.34999995
2025-08-01 09:46:32 AM,1014.4,0,0.0,78377587.34999995
2025-08-01 09:46:36 AM,1014.4,1,1014.4,78378601.74999996
2025-08-01 09:48:05 AM,1013.65,6,6081.9,78384683.64999996
2025-08-01 09:48:14 AM,1013.6,0,0.0,78384683.64999996
2025-08-01 09:48:14 AM,1013.6,26,26353.600000000002,78411037.24999996
2025-08-01 09:48:37 AM,1014.1,1,1014.1,78412051.34999995
2025-08-01 09:48:53 AM,1013.6,6,6081.6,78418132.94999994
2025-08-01 09:49:11 AM,1014.1,50,50705.0,78468837.94999994
2025-08-01 09:49:14 AM,1014.15,0,0.0,78468837.94999994
2025-08-01 09:49:15 AM,1014.15,1,1014.15,78469852.09999995
2025-08-01 09:49:21 AM,1014.1,0,0.0,78469852.09999995
2025-08-01 09:49:21 AM,1014.5,50,50725.0,78520577.09999995
2025-08-01 09:49:39 AM,1014.65,0,0.0,78520577.09999995
2025-08-01 09:49:40 AM,1014.65,2,2029.3,78522606.39999995
2025-08-01 09:49:49 AM,1014.65,5,5073.25,78527679.64999995
2025-08-01 09:49:53 AM,1014.7,110,111617.0,78639296.64999995
2025-08-01 09:50:02 AM,1015.05,0,0.0,78639296.64999995
2025-08-01 09:50:02 AM,1015.05,4863,4936188.149999999,83575484.79999995
2025-08-01 09:50:35 AM,1016.9,0,0.0,83575484.79999995
2025-08-01 09:50:37 AM,1016.9,1,1016.9,83576501.69999996
2025-08-01 09:50:44 AM,1016.7,0,0.0,83576501.69999996
2025-08-01 09:50:46 AM,1016.65,0,0.0,83576501.69999996
2025-08-01 09:50:46 AM,1016.65,6,6099.9,83582601.59999996
2025-08-01 09:51:17 AM,1019.55,0,0.0,83582601.59999996
2025-08-01 09:51:22 AM,1019.55,855,871715.25,84454316.84999996
2025-08-01 09:51:24 AM,1020.9,102,104131.8,84558448.64999996
2025-08-01 09:51:25 AM,1018.95,0,0.0,84558448.64999996
2025-08-01 09:51:28 AM,1018.95,186,189524.7,84747973.34999996
2025-08-01 09:51:31 AM,1019.75,0,0.0,84747973.34999996
2025-08-01 09:51:34 AM,1019.75,50,50987.5,84798960.84999996
2025-08-01 09:51:43 AM,1019.75,44,44869.0,84843829.84999996
2025-08-01 09:51:45 AM,1018.4,0,0.0,84843829.84999996
2025-08-01 09:51:47 AM,1018.4,55,56012.0,84899841.84999996
2025-08-01 09:51:48 AM,1018.7,0,0.0,84899841.84999996
2025-08-01 09:51:49 AM,1017.1,217,220710.7,85120552.54999997
2025-08-01 09:51:53 AM,1018.2,0,0.0,85120552.54999997
2025-08-01 09:51:53 AM,1018.2,8,8145.6,85128698.14999996
2025-08-01 09:51:55 AM,1017.1,140,142394.0,85271092.14999996
2025-08-01 09:51:57 AM,1016.9,0,0.0,85271092.14999996
2025-08-01 09:51:59 AM,1016.9,256,260326.4,85531418.54999997
2025-08-01 09:52:01 AM,1016.9,1,1016.9,85532435.44999997
2025-08-01 09:52:03 AM,1018.4,0,0.0,85532435.44999997
2025-08-01 09:52:05 AM,1018.45,100,101845.0,85634280.44999997
2025-08-01 09:52:13 AM,1018.15,0,0.0,85634280.44999997
2025-08-01 09:52:14 AM,1018.15,1,1018.15,85635298.59999998
2025-08-01 09:52:25 AM,1017.25,0,0.0,85635298.59999998
2025-08-01 09:52:26 AM,1017.25,1,1017.25,85636315.84999998
2025-08-01 09:53:10 AM,1018.0,0,0.0,85636315.84999998
2025-08-01 09:53:12 AM,1018.0,18,18324.0,85654639.84999998
2025-08-01 09:53:23 AM,1017.05,0,0.0,85654639.84999998
2025-08-01 09:53:25 AM,1017.05,82,83398.09999999999,85738037.94999997
2025-08-01 09:53:51 AM,1018.05,8,8144.4,85746182.34999998
2025-08-01 09:53:53 AM,1016.9,0,0.0,85746182.34999998
2025-08-01 09:53:56 AM,1016.9,246,250157.4,85996339.74999999
2025-08-01 09:54:05 AM,1015.9,0,0.0,85996339.74999999
2025-08-01 09:54:08 AM,1015.9,1,1015.9,85997355.64999999
2025-08-01 09:54:36 AM,1015.2,0,0.0,85997355.64999999
2025-08-01 09:54:39 AM,1015.2,2,2030.4,85999386.05
2025-08-01 09:55:03 AM,1016.05,0,0.0,85999386.05
2025-08-01 09:55:08 AM,1016.05,1,1016.05,86000402.1
2025-08-01 09:55:49 AM,1015.0,0,0.0,86000402.1
2025-08-01 09:55:50 AM,1015.0,8,8120.0,86008522.1
2025-08-01 09:56:03 AM,1015.0,44,44660.0,86053182.1
2025-08-01 09:56:05 AM,1015.45,0,0.0,86053182.1
2025-08-01 09:56:09 AM,1015.45,166,168564.7,86221746.8
2025-08-01 09:56:14 AM,1014.85,0,0.0,86221746.8
2025-08-01 09:56:15 AM,1014.85,3,3044.55,86224791.35
2025-08-01 09:56:26 AM,1015.8,0,0.0,86224791.35
2025-08-01 09:56:27 AM,1015.8,1,1015.8,86225807.14999999
2025-08-01 09:56:44 AM,1014.95,7,7104.650000000001,86232911.8
2025-08-01 09:56:45 AM,1015.85,2,2031.7,86234943.5
2025-08-01 09:56:51 AM,1015.85,2,2031.7,86236975.2
2025-08-01 09:56:57 AM,1015.85,5,5079.25,86242054.45
2025-08-01 09:57:31 AM,1015.8,30,30474.0,86272528.45
2025-08-01 09:57:37 AM,1015.05,21,21316.05,86293844.5
2025-08-01 09:58:13 AM,1013.85,0,0.0,86293844.5
2025-08-01 09:58:14 AM,1013.85,508,515035.8,86808880.3
2025-08-01 09:58:35 AM,1013.3,50,50665.0,86859545.3
2025-08-01 09:58:56 AM,1014.1,655,664235.5,87523780.8
2025-08-01 09:59:11 AM,1014.0,3,3042.0,87526822.8
2025-08-01 09:59:21 AM,1014.0,4,4056.0,87530878.8
2025-08-01 09:59:28 AM,1014.0,3,3042.0,87533920.8
2025-08-01 09:59:31 AM,1013.0,0,0.0,87533920.8
2025-08-01 09:59:34 AM,1013.0,50,50650.0,87584570.8
2025-08-01 10:00:02 AM,1013.1,0,0.0,87584570.8
2025-08-01 10:00:07 AM,1014.6,68,68992.8,87653563.6
2025-08-01 10:00:24 AM,1014.6,26,26379.600000000002,87679943.19999999
2025-08-01 10:00:43 AM,1014.6,1,1014.6,87680957.79999998
2025-08-01 10:00:49 AM,1013.45,0,0.0,87680957.79999998
2025-08-01 10:00:49 AM,1013.5,15,15202.5,87696160.29999998
2025-08-01 10:01:11 AM,1014.6,4,4058.4,87700218.69999999
2025-08-01 10:01:42 AM,1014.6,28,28408.8,87728627.49999999
2025-08-01 10:02:13 AM,1015.75,0,0.0,87728627.49999999
2025-08-01 10:02:13 AM,1015.75,1,1015.75,87729643.24999999
2025-08-01 10:02:20 AM,1015.7,1,1015.7,87730658.94999999
2025-08-01 10:02:34 AM,1015.15,1,1015.15,87731674.1
2025-08-01 10:02:39 AM,1015.75,0,0.0,87731674.1
2025-08-01 10:02:39 AM,1015.75,2,2031.5,87733705.6
2025-08-01 10:02:45 AM,1015.75,19,19299.25,87753004.85
2025-08-01 10:02:58 AM,1015.75,2,2031.5,87755036.35
2025-08-01 10:03:05 AM,1015.0,0,0.0,87755036.35
2025-08-01 10:03:06 AM,1015.0,15,15225.0,87770261.35
2025-08-01 10:03:29 AM,1014.3,0,0.0,87770261.35
2025-08-01 10:03:30 AM,1014.3,951,964599.2999999999,88734860.64999999
2025-08-01 10:04:03 AM,1014.1,2,2028.2,88736888.85
2025-08-01 10:04:20 AM,1012.5,2527,2558587.5,91295476.35
2025-08-01 10:04:26 AM,1008.45,522,526410.9,91821887.25
2025-08-01 10:04:35 AM,1008.8,1,1008.8,91822896.05
2025-08-01 10:04:38 AM,1008.95,0,0.0,91822896.05
2025-08-01 10:04:39 AM,1008.95,5,5044.75,91827940.8
2025-08-01 10:04:41 AM,1009.0,73,73657.0,91901597.8
2025-08-01 10:04:45 AM,1008.2,224,225836.80000000002,92127434.6
2025-08-01 10:04:51 AM,1008.55,0,0.0,92127434.6
2025-08-01 10:04:51 AM,1007.25,1114,1122076.5,93249511.1
2025-08-01 10:04:53 AM,1007.4,1,1007.4,93250518.5
2025-08-01 10:04:55 AM,1008.1,0,0.0,93250518.5
2025-08-01 10:04:57 AM,1008.1,1,1008.1,93251526.6
2025-08-01 10:05:08 AM,1007.5,0,0.0,93251526.6
2025-08-01 10:05:08 AM,1008.3,0,0.0,93251526.6
2025-08-01 10:05:10 AM,1008.6,15,15129.0,93266655.6
2025-08-01 10:05:18 AM,1008.0,43,43344.0,93309999.6
2025-08-01 10:05:22 AM,1007.5,0,0.0,93309999.6
2025-08-01 10:05:22 AM,1007.5,12,12090.0,93322089.6
2025-08-01 10:05:33 AM,1007.95,0,0.0,93322089.6
2025-08-01 10:05:33 AM,1006.95,0,0.0,93322089.6
2025-08-01 10:05:35 AM,1006.95,347,349411.65,93671501.25
2025-08-01 10:05:37 AM,1006.95,64,64444.8,93735946.05
2025-08-01 10:05:41 AM,1006.95,8,8055.6,93744001.64999999
2025-08-01 10:06:07 AM,1006.4,0,0.0,93744001.64999999
2025-08-01 10:06:07 AM,1006.4,751,755806.4,94499808.05
2025-08-01 10:06:16 AM,1006.0,388,390328.0,94890136.05
2025-08-01 10:06:40 AM,1006.0,1018,1024108.0,95914244.05
2025-08-01 10:06:48 AM,1004.95,96,96475.20000000001,96010719.25
2025-08-01 10:07:11 AM,1004.95,3,3014.8500000000004,96013734.1
2025-08-01 10:07:24 AM,1003.85,10,10038.5,96023772.6
2025-08-01 10:07:30 AM,1003.85,6,6023.1,96029795.69999999
2025-08-01 10:07:38 AM,1004.25,35,35148.75,96064944.44999999
2025-08-01 10:08:08 AM,1002.2,1397,1400073.4000000001,97465017.85
2025-08-01 10:08:11 AM,1003.05,0,0.0,97465017.85
2025-08-01 10:08:13 AM,1003.05,10,10030.5,97475048.35
2025-08-01 10:08:29 AM,1002.9,0,0.0,97475048.35
2025-08-01 10:08:31 AM,1002.1,61,61128.1,97536176.44999999
2025-08-01 10:08:39 AM,1002.05,137,137280.85,97673457.29999998
2025-08-01 10:08:43 AM,1002.9,24,24069.6,97697526.89999998
2025-08-01 10:08:45 AM,1002.05,20,20041.0,97717567.89999998
2025-08-01 10:08:49 AM,1002.05,51,51104.549999999996,97768672.44999997
2025-08-01 10:09:01 AM,1002.05,145,145297.25,97913969.69999997
2025-08-01 10:09:03 AM,1002.05,128,128262.4,98042232.09999998
2025-08-01 10:09:19 AM,1002.1,30,30063.0,98072295.09999998
2025-08-01 10:09:25 AM,1002.05,300,300615.0,98372910.09999998
2025-08-01 10:09:38 AM,1002.9,0,0.0,98372910.09999998
2025-08-01 10:09:38 AM,1002.9,34,34098.6,98407008.69999997
2025-08-01 10:09:42 AM,1003.55,0,0.0,98407008.69999997
2025-08-01 10:09:42 AM,1002.9,54,54156.6,98461165.29999997
2025-08-01 10:09:44 AM,1003.65,0,0.0,98461165.29999997
2025-08-01 10:09:44 AM,1003.65,1,1003.65,98462168.94999997
2025-08-01 10:10:05 AM,1002.9,55,55159.5,98517328.44999997
2025-08-01 10:10:08 AM,1002.1,0,0.0,98517328.44999997
2025-08-01 10:10:09 AM,1002.05,0,0.0,98517328.44999997
2025-08-01 10:10:11 AM,1002.05,205,205420.25,98722748.69999997
2025-08-01 10:10:28 AM,1002.0,1168,1170336.0,99893084.69999997
2025-08-01 10:10:36 AM,1002.25,2,2004.5,99895089.19999997
2025-08-01 10:10:40 AM,1001.05,10,10010.5,99905099.69999997
2025-08-01 10:10:53 AM,1002.2,51,51112.200000000004,99956211.89999998
2025-08-01 10:10:58 AM,1002.0,0,0.0,99956211.89999998
2025-08-01 10:10:58 AM,1002.0,3,3006.0,99959217.89999998
2025-08-01 10:11:00 AM,1002.0,1,1002.0,99960219.89999998
2025-08-01 10:11:39 AM,1001.95,43,43083.85,100003303.74999997
2025-08-01 10:12:20 AM,1001.85,0,0.0,100003303.74999997
2025-08-01 10:12:20 AM,1001.85,4,4007.4,100007311.14999998
2025-08-01 10:13:00 AM,1001.9,2,2003.8,100009314.94999997
2025-08-01 10:13:38 AM,999.1,0,0.0,100009314.94999997
2025-08-01 10:13:41 AM,999.4,0,0.0,100009314.94999997
2025-08-01 10:13:42 AM,999.4,6302,6298218.8,106307533.74999997
2025-08-01 10:13:43 AM,998.4,4,3993.6,106311527.34999996
2025-08-01 10:13:47 AM,998.2,0,0.0,106311527.34999996
2025-08-01 10:13:48 AM,998.2,18,17967.600000000002,106329494.94999996
2025-08-01 10:13:50 AM,997.65,0,0.0,106329494.94999996
2025-08-01 10:13:53 AM,999.1,0,0.0,106329494.94999996
2025-08-01 10:13:54 AM,999.1,329,328703.9,106658198.84999996
2025-08-01 10:13:59 AM,998.0,0,0.0,106658198.84999996
2025-08-01 10:14:00 AM,998.0,50,49900.0,106708098.84999996
2025-08-01 10:14:05 AM,999.1,0,0.0,106708098.84999996
2025-08-01 10:14:05 AM,998.8,210,209748.0,106917846.84999996
2025-08-01 10:14:08 AM,998.7,0,0.0,106917846.84999996
2025-08-01 10:14:11 AM,999.7,0,0.0,106917846.84999996
2025-08-01 10:14:11 AM,999.7,11,10996.7,106928843.54999997
2025-08-01 10:14:17 AM,999.9,0,0.0,106928843.54999997
2025-08-01 10:14:17 AM,999.9,6,5999.4,106934842.94999997
2025-08-01 10:14:20 AM,1000.65,0,0.0,106934842.94999997
2025-08-01 10:14:23 AM,1000.15,0,0.0,106934842.94999997
2025-08-01 10:14:23 AM,1000.15,75,75011.25,107009854.19999997
2025-08-01 10:14:28 AM,1001.05,2,2002.1,107011856.29999997
2025-08-01 10:14:29 AM,1001.15,0,0.0,107011856.29999997
2025-08-01 10:14:29 AM,1001.15,50,50057.5,107061913.79999997
2025-08-01 10:14:40 AM,1000.25,945,945236.25,108007150.04999997
2025-08-01 10:14:44 AM,998.75,0,0.0,108007150.04999997
2025-08-01 10:14:46 AM,998.75,1,998.75,108008148.79999997
2025-08-01 10:15:01 AM,999.45,0,0.0,108008148.79999997
2025-08-01 10:15:03 AM,998.5,0,0.0,108008148.79999997
2025-08-01 10:15:03 AM,998.5,39,38941.5,108047090.29999997
2025-08-01 10:15:07 AM,999.45,0,0.0,108047090.29999997
2025-08-01 10:15:09 AM,999.45,8,7995.6,108055085.89999996
2025-08-01 10:15:23 AM,997.0,0,0.0,108055085.89999996
2025-08-01 10:15:27 AM,997.0,600,598200.0,108653285.89999996
2025-08-01 10:15:31 AM,998.0,0,0.0,108653285.89999996
2025-08-01 10:15:33 AM,998.0,5,4990.0,108658275.89999996
2025-08-01 10:15:35 AM,996.9,0,0.0,108658275.89999996
2025-08-01 10:15:39 AM,997.0,120,119640.0,108777915.89999996
2025-08-01 10:15:43 AM,997.05,0,0.0,108777915.89999996
2025-08-01 10:15:45 AM,997.05,20,19941.0,108797856.89999996
2025-08-01 10:15:55 AM,997.8,0,0.0,108797856.89999996
2025-08-01 10:15:57 AM,997.8,55,54879.0,108852735.89999996
2025-08-01 10:15:58 AM,997.7,0,0.0,108852735.89999996
2025-08-01 10:16:03 AM,997.7,40,39908.0,108892643.89999996
2025-08-01 10:16:07 AM,998.0,0,0.0,108892643.89999996
2025-08-01 10:16:08 AM,998.0,19,18962.0,108911605.89999996
2025-08-01 10:16:13 AM,998.4,0,0.0,108911605.89999996
2025-08-01 10:16:14 AM,998.4,1058,1056307.2,109967913.09999996
2025-08-01 10:16:20 AM,999.25,3,2997.75,109970910.84999996
2025-08-01 10:16:38 AM,999.25,11,10991.75,109981902.59999996
2025-08-01 10:16:43 AM,999.25,2,1998.5,109983901.09999996
2025-08-01 10:16:49 AM,999.35,0,0.0,109983901.09999996
2025-08-01 10:16:49 AM,999.35,15,14990.25,109998891.34999996
2025-08-01 10:16:54 AM,999.35,13,12991.550000000001,110011882.89999996
2025-08-01 10:16:58 AM,999.0,0,0.0,110011882.89999996
2025-08-01 10:17:00 AM,999.0,120,119880.0,110131762.89999996
2025-08-01 10:17:11 AM,998.05,0,0.0,110131762.89999996
2025-08-01 10:17:11 AM,998.05,1,998.05,110132760.94999996
2025-08-01 10:17:28 AM,998.0,0,0.0,110132760.94999996
2025-08-01 10:17:29 AM,998.0,25,24950.0,110157710.94999996
2025-08-01 10:17:52 AM,997.5,0,0.0,110157710.94999996
2025-08-01 10:17:52 AM,997.5,100,99750.0,110257460.94999996
2025-08-01 10:18:17 AM,998.0,0,0.0,110257460.94999996
2025-08-01 10:18:21 AM,998.0,1,998.0,110258458.94999996
2025-08-01 10:18:32 AM,998.0,2,1996.0,110260454.94999996
2025-08-01 10:18:50 AM,998.0,5,4990.0,110265444.94999996
2025-08-01 10:19:06 AM,997.2,0,0.0,110265444.94999996
2025-08-01 10:19:07 AM,997.2,100,99720.0,110365164.94999996
2025-08-01 10:19:12 AM,997.25,0,0.0,110365164.94999996
2025-08-01 10:19:13 AM,997.25,1,997.25,110366162.19999996
2025-08-01 10:19:51 AM,997.2,0,0.0,110366162.19999996
2025-08-01 10:19:53 AM,997.2,50,49860.0,110416022.19999996
2025-08-01 10:19:58 AM,997.2,3,2991.6000000000004,110419013.79999995
2025-08-01 10:20:26 AM,997.2,9,8974.800000000001,110427988.59999995
2025-08-01 10:20:30 AM,998.35,0,0.0,110427988.59999995
2025-08-01 10:20:32 AM,998.35,522,521138.7,110949127.29999995
2025-08-01 10:20:44 AM,999.6,0,0.0,110949127.29999995
2025-08-01 10:20:45 AM,999.6,51,50979.6,111000106.89999995
2025-08-01 10:20:52 AM,999.5,50,49975.0,111050081.89999995
2025-08-01 10:21:29 AM,999.5,100,99950.0,111150031.89999995
2025-08-01 10:21:40 AM,999.5,35,34982.5,111185014.39999995
2025-08-01 10:22:03 AM,999.6,200,199920.0,111384934.39999995
2025-08-01 10:22:23 AM,999.5,0,0.0,111384934.39999995
2025-08-01 10:22:23 AM,999.5,56,55972.0,111440906.39999995
2025-08-01 10:22:26 AM,998.0,0,0.0,111440906.39999995
2025-08-01 10:22:27 AM,998.0,364,363272.0,111804178.39999995
2025-08-01 10:22:49 AM,998.5,8,7988.0,111812166.39999995
2025-08-01 10:23:13 AM,998.35,0,0.0,111812166.39999995
2025-08-01 10:23:14 AM,998.35,4,3993.4,111816159.79999995
2025-08-01 10:23:22 AM,998.35,70,69884.5,111886044.29999995
2025-08-01 10:24:31 AM,997.7,0,0.0,111886044.29999995
2025-08-01 10:24:32 AM,997.7,5,4988.5,111891032.79999995
2025-08-01 10:25:26 AM,998.0,0,0.0,111891032.79999995
2025-08-01 10:25:26 AM,998.0,1,998.0,111892030.79999995
2025-08-01 10:25:29 AM,998.0,1,998.0,111893028.79999995
2025-08-01 10:26:02 AM,998.0,2,1996.0,111895024.79999995
2025-08-01 10:26:30 AM,998.0,16,15968.0,111910992.79999995
2025-08-01 10:26:42 AM,998.0,190,189620.0,112100612.79999995
2025-08-01 10:26:50 AM,998.6,3,2995.8,112103608.59999995
2025-08-01 10:26:55 AM,998.0,20,19960.0,112123568.59999995
2025-08-01 10:27:04 AM,998.0,10,9980.0,112133548.59999995
2025-08-01 10:27:40 AM,998.0,1,998.0,112134546.59999995
2025-08-01 10:27:56 AM,998.35,0,0.0,112134546.59999995
2025-08-01 10:27:57 AM,998.35,100,99835.0,112234381.59999995
2025-08-01 10:27:59 AM,997.5,25,24937.5,112259319.09999995
2025-08-01 10:28:35 AM,997.5,90,89775.0,112349094.09999995
2025-08-01 10:29:02 AM,997.2,0,0.0,112349094.09999995
2025-08-01 10:29:02 AM,997.2,74,73792.8,112422886.89999995
2025-08-01 10:29:30 AM,997.2,146,145591.2,112568478.09999995
2025-08-01 10:29:44 AM,997.2,90,89748.0,112658226.09999995
2025-08-01 10:29:47 AM,996.65,1108,1104288.2,113762514.29999995
2025-08-01 10:30:01 AM,994.95,491,488520.45,114251034.74999996
2025-08-01 10:30:06 AM,995.55,0,0.0,114251034.74999996
2025-08-01 10:30:07 AM,995.55,10,9955.5,114260990.24999996
2025-08-01 10:30:10 AM,994.3,16,15908.8,114276899.04999995
2025-08-01 10:30:13 AM,994.2,0,0.0,114276899.04999995
2025-08-01 10:30:13 AM,994.2,100,99420.0,114376319.04999995
2025-08-01 10:30:15 AM,994.2,1,994.2,114377313.24999996
2025-08-01 10:30:16 AM,994.0,0,0.0,114377313.24999996
2025-08-01 10:30:18 AM,994.2,26,25849.2,114403162.44999996
2025-08-01 10:30:24 AM,995.1,1,995.1,114404157.54999995
2025-08-01 10:30:44 AM,995.1,5,4975.5,114409133.04999995
2025-08-01 10:30:52 AM,995.1,2,1990.2,114411123.24999996
2025-08-01 10:30:55 AM,995.05,1,995.05,114412118.29999995
2025-08-01 10:31:10 AM,994.8,1,994.8,114413113.09999995
2025-08-01 10:31:13 AM,994.8,4,3979.2,114417092.29999995
2025-08-01 10:31:27 AM,994.8,10,9948.0,114427040.29999995
2025-08-01 10:31:37 AM,994.0,0,0.0,114427040.29999995
2025-08-01 10:31:38 AM,994.0,9,8946.0,114435986.29999995
2025-08-01 10:31:41 AM,994.0,25,24850.0,114460836.29999995
2025-08-01 10:31:42 AM,994.8,0,0.0,114460836.29999995
2025-08-01 10:31:43 AM,994.8,20,19896.0,114480732.29999995
2025-08-01 10:31:52 AM,994.8,10,9948.0,114490680.29999995
2025-08-01 10:32:05 AM,994.8,312,310377.6,114801057.89999995
2025-08-01 10:32:31 AM,996.0,10,9960.0,114811017.89999995
2025-08-01 10:32:52 AM,995.0,74,73630.0,114884647.89999995
2025-08-01 10:33:36 AM,995.85,0,0.0,114884647.89999995
2025-08-01 10:33:37 AM,995.85,16,15933.6,114900581.49999994
2025-08-01 10:33:52 AM,995.8,0,0.0,114900581.49999994
2025-08-01 10:33:54 AM,995.8,236,235008.8,115135590.29999994
2025-08-01 10:34:07 AM,995.8,104,103563.2,115239153.49999994
2025-08-01 10:34:13 AM,995.0,1,995.0,115240148.49999994
2025-08-01 10:34:39 AM,995.6,0,0.0,115240148.49999994
2025-08-01 10:34:39 AM,995.6,26,25885.600000000002,115266034.09999993
2025-08-01 10:34:47 AM,995.6,1,995.6,115267029.69999993
2025-08-01 10:35:27 AM,996.0,22,21912.0,115288941.69999993
2025-08-01 10:35:47 AM,996.6,27,26908.2,115315849.89999993
2025-08-01 10:36:19 AM,998.05,0,0.0,115315849.89999993
2025-08-01 10:36:21 AM,998.05,100,99805.0,115415654.89999993
2025-08-01 10:36:42 AM,997.7,0,0.0,115415654.89999993
2025-08-01 10:36:43 AM,997.7,103,102763.1,115518417.99999993
2025-08-01 10:37:18 AM,997.7,3,2993.1000000000004,115521411.09999992
2025-08-01 10:37:26 AM,997.9,171,170640.9,115692051.99999993
2025-08-01 10:39:17 AM,997.2,0,0.0,115692051.99999993
2025-08-01 10:39:19 AM,997.2,31,30913.2,115722965.19999993
2025-08-01 10:39:23 AM,996.6,0,0.0,115722965.19999993
2025-08-01 10:39:24 AM,996.6,1,996.6,115723961.79999992
2025-08-01 10:39:47 AM,995.35,227,225944.45,115949906.24999993
2025-08-01 10:39:48 AM,996.5,0,0.0,115949906.24999993
2025-08-01 10:39:50 AM,996.5,20,19930.0,115969836.24999993
2025-08-01 10:40:11 AM,996.0,3,2988.0,115972824.24999993
2025-08-01 10:40:17 AM,995.15,0,0.0,115972824.24999993
2025-08-01 10:40:17 AM,995.15,2,1990.3,115974814.54999992
2025-08-01 10:40:56 AM,995.25,0,0.0,115974814.54999992
2025-08-01 10:40:56 AM,995.25,300,298575.0,116273389.54999992
2025-08-01 10:41:01 AM,996.35,0,0.0,116273389.54999992
2025-08-01 10:41:01 AM,996.35,5,4981.75,116278371.29999992
2025-08-01 10:41:31 AM,996.65,0,0.0,116278371.29999992
2025-08-01 10:41:32 AM,996.65,90,89698.5,116368069.79999992
2025-08-01 10:41:36 AM,997.25,90,89752.5,116457822.29999992
2025-08-01 10:41:45 AM,997.2,0,0.0,116457822.29999992
2025-08-01 10:41:47 AM,997.55,0,0.0,116457822.29999992
2025-08-01 10:41:47 AM,997.55,91,90777.05,116548599.34999992
2025-08-01 10:41:49 AM,997.85,0,0.0,116548599.34999992
2025-08-01 10:41:49 AM,1000.1,0,0.0,116548599.34999992
2025-08-01 10:41:51 AM,1001.65,0,0.0,116548599.34999992
2025-08-01 10:41:52 AM,1001.65,488,488805.2,117037404.54999992
2025-08-01 10:41:53 AM,1000.35,0,0.0,117037404.54999992
2025-08-01 10:41:53 AM,1000.35,29,29010.15,117066414.69999993
2025-08-01 10:42:08 AM,1001.45,5,5007.25,117071421.94999993
2025-08-01 10:42:27 AM,1002.2,0,0.0,117071421.94999993
2025-08-01 10:42:27 AM,1002.2,90,90198.0,117161619.94999993
2025-08-01 10:42:29 AM,1003.9,0,0.0,117161619.94999993
2025-08-01 10:42:31 AM,1003.9,305,306189.5,117467809.44999993
2025-08-01 10:42:35 AM,1004.95,0,0.0,117467809.44999993
2025-08-01 10:42:36 AM,1004.95,1,1004.95,117468814.39999993
2025-08-01 10:43:10 AM,1003.9,2,2007.8,117470822.19999993
2025-08-01 10:43:44 AM,1005.1,0,0.0,117470822.19999993
2025-08-01 10:43:44 AM,1005.1,70,70357.0,117541179.19999993
2025-08-01 10:43:59 AM,1005.25,1,1005.25,117542184.44999993
2025-08-01 10:44:22 AM,1005.8,0,0.0,117542184.44999993
2025-08-01 10:44:24 AM,1005.8,32,32185.6,117574370.04999992
2025-08-01 10:44:29 AM,1006.0,0,0.0,117574370.04999992
2025-08-01 10:44:29 AM,1006.0,153,153918.0,117728288.04999992
2025-08-01 10:44:37 AM,1005.55,0,0.0,117728288.04999992
2025-08-01 10:44:37 AM,1005.55,50,50277.5,117778565.54999992
2025-08-01 10:44:48 AM,1005.0,0,0.0,117778565.54999992
2025-08-01 10:44:48 AM,1005.0,28,28140.0,117806705.54999992
2025-08-01 10:45:05 AM,1006.65,0,0.0,117806705.54999992
2025-08-01 10:45:07 AM,1006.65,107,107711.55,117914417.09999992
2025-08-01 10:45:21 AM,1008.05,0,0.0,117914417.09999992
2025-08-01 10:45:21 AM,1008.05,1,1008.05,117915425.14999992
2025-08-01 10:45:23 AM,1008.25,0,0.0,117915425.14999992
2025-08-01 10:45:24 AM,1008.4,36,36302.4,117951727.54999992
2025-08-01 10:45:32 AM,1008.0,0,0.0,117951727.54999992
2025-08-01 10:45:34 AM,1006.55,0,0.0,117951727.54999992
2025-08-01 10:45:34 AM,1006.55,1250,1258187.5,119209915.04999992
2025-08-01 10:45:44 AM,1006.8,0,0.0,119209915.04999992
2025-08-01 10:45:45 AM,1006.8,1,1006.8,119210921.84999992
2025-08-01 10:45:49 AM,1007.2,0,0.0,119210921.84999992
2025-08-01 10:45:51 AM,1007.2,61,61439.200000000004,119272361.04999992
2025-08-01 10:46:04 AM,1007.2,50,50360.0,119322721.04999992
2025-08-01 10:46:04 AM,1007.1,0,0.0,119322721.04999992
2025-08-01 10:46:07 AM,1007.1,1,1007.1,119323728.14999992
2025-08-01 10:46:17 AM,1007.15,0,0.0,119323728.14999992
2025-08-01 10:46:19 AM,1005.35,0,0.0,119323728.14999992
2025-08-01 10:46:19 AM,1005.35,134,134716.9,119458445.04999992
2025-08-01 10:47:48 AM,1007.0,0,0.0,119458445.04999992
2025-08-01 10:47:49 AM,1007.0,126,126882.0,119585327.04999992
2025-08-01 10:48:53 AM,1006.25,0,0.0,119585327.04999992
2025-08-01 10:48:53 AM,1006.25,1,1006.25,119586333.29999992
2025-08-01 10:49:30 AM,1006.7,0,0.0,119586333.29999992
2025-08-01 10:49:31 AM,1006.7,10,10067.0,119596400.29999992
2025-08-01 10:49:42 AM,1006.95,8,8055.6,119604455.89999992
2025-08-01 10:49:47 AM,1005.6,0,0.0,119604455.89999992
2025-08-01 10:49:51 AM,1005.6,10,10056.0,119614511.89999992
2025-08-01 10:49:56 AM,1005.6,20,20112.0,119634623.89999992
2025-08-01 10:50:24 AM,1005.6,10,10056.0,119644679.89999992
2025-08-01 10:50:30 AM,1007.1,0,0.0,119644679.89999992
2025-08-01 10:50:30 AM,1007.1,253,254796.30000000002,119899476.19999991
2025-08-01 10:50:32 AM,1007.9,0,0.0,119899476.19999991
2025-08-01 10:50:35 AM,1007.9,44,44347.6,119943823.79999991
2025-08-01 10:50:37 AM,1008.45,0,0.0,119943823.79999991
2025-08-01 10:50:41 AM,1008.45,8,8067.6,119951891.3999999
2025-08-01 10:50:43 AM,1008.5,0,0.0,119951891.3999999
2025-08-01 10:50:46 AM,1008.5,4,4034.0,119955925.3999999
2025-08-01 10:50:56 AM,1011.5,0,0.0,119955925.3999999
2025-08-01 10:50:58 AM,1011.5,550,556325.0,120512250.3999999
2025-08-01 10:51:12 AM,1010.5,0,0.0,120512250.3999999
2025-08-01 10:51:15 AM,1010.5,56,56588.0,120568838.3999999
2025-08-01 10:51:42 AM,1010.7,0,0.0,120568838.3999999
2025-08-01 10:51:42 AM,1010.7,1,1010.7,120569849.0999999
2025-08-01 10:51:54 AM,1010.0,0,0.0,120569849.0999999
2025-08-01 10:51:58 AM,1010.0,47,47470.0,120617319.0999999
2025-08-01 10:52:04 AM,1007.7,351,353702.7,120971021.79999991
2025-08-01 10:52:18 AM,1007.25,0,0.0,120971021.79999991
2025-08-01 10:52:20 AM,1007.25,1,1007.25,120972029.04999991
2025-08-01 10:52:38 AM,1005.45,0,0.0,120972029.04999991
2025-08-01 10:52:40 AM,1006.95,0,0.0,120972029.04999991
2025-08-01 10:52:41 AM,1005.95,111,111660.45000000001,121083689.49999991
2025-08-01 10:52:46 AM,1006.85,0,0.0,121083689.49999991
2025-08-01 10:52:47 AM,1006.85,2,2013.7,121085703.19999991
2025-08-01 10:52:53 AM,1005.6,20,20112.0,121105815.19999991
2025-08-01 10:53:24 AM,1007.0,0,0.0,121105815.19999991
2025-08-01 10:53:24 AM,1007.0,50,50350.0,121156165.19999991
2025-08-01 10:53:28 AM,1007.2,0,0.0,121156165.19999991
2025-08-01 10:53:29 AM,1007.2,24,24172.800000000003,121180337.99999991
2025-08-01 10:53:50 AM,1007.2,3,3021.6000000000004,121183359.5999999
2025-08-01 10:54:38 AM,1006.0,0,0.0,121183359.5999999
2025-08-01 10:54:39 AM,1006.0,1,1006.0,121184365.5999999
2025-08-01 10:54:39 AM,1005.25,100,100525.0,121284890.5999999
2025-08-01 10:54:44 AM,1007.0,33,33231.0,121318121.5999999
2025-08-01 10:55:08 AM,1007.2,0,0.0,121318121.5999999
2025-08-01 10:55:10 AM,1007.2,10,10072.0,121328193.5999999
2025-08-01 10:55:21 AM,1007.2,2,2014.4,121330207.99999991
2025-08-01 10:55:26 AM,1007.2,1,1007.2,121331215.19999991
2025-08-01 10:55:32 AM,1007.2,3,3021.6000000000004,121334236.79999991
2025-08-01 10:55:38 AM,1007.8,0,0.0,121334236.79999991
2025-08-01 10:55:38 AM,1007.8,100,100780.0,121435016.79999991
2025-08-01 10:55:46 AM,1007.9,0,0.0,121435016.79999991
2025-08-01 10:55:48 AM,1007.9,2,2015.8,121437032.5999999
2025-08-01 10:56:35 AM,1007.95,3,3023.8500000000004,121440056.4499999
2025-08-01 10:57:07 AM,1007.85,4,4031.4,121444087.8499999
2025-08-01 10:57:17 AM,1007.85,1,1007.85,121445095.6999999
2025-08-01 10:57:22 AM,1007.95,0,0.0,121445095.6999999
2025-08-01 10:57:23 AM,1007.95,50,50397.5,121495493.1999999
2025-08-01 10:57:50 AM,1007.95,1,1007.95,121496501.1499999
2025-08-01 10:57:55 AM,1007.95,9,9071.550000000001,121505572.6999999
2025-08-01 10:58:05 AM,1007.95,11,11087.45,121516660.1499999
2025-08-01 10:58:54 AM,1007.95,1,1007.95,121517668.0999999
2025-08-01 10:59:10 AM,1007.95,1,1007.95,121518676.04999991
2025-08-01 10:59:20 AM,1007.95,7,7055.650000000001,121525731.69999991
2025-08-01 10:59:52 AM,1007.95,2,2015.9,121527747.59999992
2025-08-01 11:00:26 AM,1006.6,50,50330.0,121578077.59999992
2025-08-01 11:00:28 AM,1007.85,0,0.0,121578077.59999992
2025-08-01 11:00:31 AM,1006.95,0,0.0,121578077.59999992
2025-08-01 11:00:31 AM,1006.95,20,20139.0,121598216.59999992
2025-08-01 11:01:01 AM,1006.9,0,0.0,121598216.59999992
2025-08-01 11:01:02 AM,1006.9,30,30207.0,121628423.59999992
2025-08-01 11:01:31 AM,1007.35,0,0.0,121628423.59999992
2025-08-01 11:01:34 AM,1007.35,51,51374.85,121679798.44999991
2025-08-01 11:01:57 AM,1008.55,0,0.0,121679798.44999991
2025-08-01 11:02:00 AM,1008.55,1,1008.55,121680806.99999991
2025-08-01 11:02:50 AM,1007.6,6,6045.6,121686852.5999999
2025-08-01 11:03:31 AM,1007.3,0,0.0,121686852.5999999
2025-08-01 11:03:32 AM,1007.3,25,25182.5,121712035.0999999
2025-08-01 11:03:51 AM,1006.85,0,0.0,121712035.0999999
2025-08-01 11:03:52 AM,1006.85,3,3020.55,121715055.6499999
2025-08-01 11:04:28 AM,1006.85,4,4027.4,121719083.04999991
2025-08-01 11:05:10 AM,1006.85,16,16109.6,121735192.6499999
2025-08-01 11:05:14 AM,1007.4,0,0.0,121735192.6499999
2025-08-01 11:05:16 AM,1007.4,197,198457.8,121933650.4499999
2025-08-01 11:05:19 AM,1007.6,0,0.0,121933650.4499999
2025-08-01 11:05:21 AM,1007.6,27,27205.2,121960855.6499999
2025-08-01 11:05:36 AM,1007.65,0,0.0,121960855.6499999
2025-08-01 11:05:37 AM,1007.65,5,5038.25,121965893.8999999
2025-08-01 11:05:49 AM,1009.0,291,293619.0,122259512.8999999
2025-08-01 11:08:27 AM,1006.85,0,0.0,122259512.8999999
2025-08-01 11:08:27 AM,1006.85,63,63431.55,122322944.4499999
2025-08-01 11:08:48 AM,1006.85,380,382603.0,122705547.4499999
2025-08-01 11:09:05 AM,1005.45,5,5027.25,122710574.6999999
2025-08-01 11:09:22 AM,1005.75,0,0.0,122710574.6999999
2025-08-01 11:09:22 AM,1005.75,1,1005.75,122711580.4499999
2025-08-01 11:09:42 AM,1005.95,0,0.0,122711580.4499999
2025-08-01 11:09:44 AM,1005.95,4,4023.8,122715604.2499999
2025-08-01 11:10:32 AM,1004.5,0,0.0,122715604.2499999
2025-08-01 11:10:32 AM,1004.5,85,85382.5,122800986.7499999
2025-08-01 11:12:26 AM,1005.3,0,0.0,122800986.7499999
2025-08-01 11:12:26 AM,1005.3,4,4021.2,122805007.9499999
2025-08-01 11:12:42 AM,1006.0,0,0.0,122805007.9499999
2025-08-01 11:12:42 AM,1006.0,102,102612.0,122907619.9499999
2025-08-01 11:13:09 AM,1006.15,1,1006.15,122908626.0999999
2025-08-01 11:13:35 AM,1006.05,2,2012.1,122910638.1999999
2025-08-01 11:14:55 AM,1006.8,0,0.0,122910638.1999999
2025-08-01 11:14:56 AM,1006.8,2,2013.6,122912651.7999999
2025-08-01 11:16:19 AM,1005.05,0,0.0,122912651.7999999
2025-08-01 11:16:21 AM,1005.05,100,100505.0,123013156.7999999
2025-08-01 11:16:22 AM,1006.75,25,25168.75,123038325.5499999
2025-08-01 11:17:24 AM,1006.55,20,20131.0,123058456.5499999
2025-08-01 11:17:37 AM,1006.55,2,2013.1,123060469.64999989
2025-08-01 11:18:01 AM,1006.55,20,20131.0,123080600.64999989
2025-08-01 11:19:10 AM,1006.55,1,1006.55,123081607.19999988
2025-08-01 11:19:14 AM,1005.95,0,0.0,123081607.19999988
2025-08-01 11:19:15 AM,1005.95,169,170005.55000000002,123251612.74999988
2025-08-01 11:20:04 AM,1005.95,6,6035.700000000001,123257648.44999988
2025-08-01 11:20:28 AM,1006.85,0,0.0,123257648.44999988
2025-08-01 11:20:30 AM,1006.85,10,10068.5,123267716.94999988
2025-08-01 11:20:43 AM,1005.95,0,0.0,123267716.94999988
2025-08-01 11:20:46 AM,1005.95,215,216279.25,123483996.19999988
2025-08-01 11:20:48 AM,1006.65,0,0.0,123483996.19999988
2025-08-01 11:20:51 AM,1006.65,2,2013.3,123486009.49999988
2025-08-01 11:22:42 AM,1006.8,0,0.0,123486009.49999988
2025-08-01 11:22:47 AM,1006.8,5,5034.0,123491043.49999988
2025-08-01 11:22:54 AM,1006.9,0,0.0,123491043.49999988
2025-08-01 11:22:57 AM,1006.9,1,1006.9,123492050.39999989
2025-08-01 11:24:00 AM,1006.85,0,0.0,123492050.39999989
2025-08-01 11:24:03 AM,1006.85,1027,1034034.9500000001,124526085.34999989
2025-08-01 11:24:22 AM,1008.0,0,0.0,124526085.34999989
2025-08-01 11:24:25 AM,1008.0,2,2016.0,124528101.34999989
2025-08-01 11:25:24 AM,1009.0,0,0.0,124528101.34999989
2025-08-01 11:25:28 AM,1009.0,1,1009.0,124529110.34999989
2025-08-01 11:25:54 AM,1009.0,2,2018.0,124531128.34999989
2025-08-01 11:26:04 AM,1008.35,2,2016.7,124533145.0499999
2025-08-01 11:26:22 AM,1008.85,0,0.0,124533145.0499999
2025-08-01 11:26:23 AM,1009.0,0,0.0,124533145.0499999
2025-08-01 11:26:25 AM,1009.0,33,33297.0,124566442.0499999
2025-08-01 11:26:25 AM,1008.85,0,0.0,124566442.0499999
2025-08-01 11:26:26 AM,1008.85,2,2017.7,124568459.7499999
2025-08-01 11:26:31 AM,1009.6,0,0.0,124568459.7499999
2025-08-01 11:26:31 AM,1009.6,200,201920.0,124770379.7499999
2025-08-01 11:26:37 AM,1009.3,0,0.0,124770379.7499999
2025-08-01 11:26:40 AM,1009.3,1,1009.3,124771389.0499999
2025-08-01 11:27:09 AM,1009.1,0,0.0,124771389.0499999
2025-08-01 11:27:10 AM,1009.1,3,3027.3,124774416.34999989
2025-08-01 11:27:26 AM,1007.7,50,50385.0,124824801.34999989
2025-08-01 11:27:27 AM,1007.7,10,10077.0,124834878.34999989
2025-08-01 11:27:29 AM,1008.75,0,0.0,124834878.34999989
2025-08-01 11:27:31 AM,1008.75,3,3026.25,124837904.59999989
2025-08-01 11:28:07 AM,1008.75,2,2017.5,124839922.09999989
2025-08-01 11:28:34 AM,1009.4,0,0.0,124839922.09999989
2025-08-01 11:28:35 AM,1009.4,150,151410.0,124991332.09999989
2025-08-01 11:29:27 AM,1008.0,0,0.0,124991332.09999989
2025-08-01 11:29:27 AM,1008.0,5,5040.0,124996372.09999989
2025-08-01 11:30:19 AM,1009.0,0,0.0,124996372.09999989
2025-08-01 11:30:22 AM,1009.0,18,18162.0,125014534.09999989
2025-08-01 11:30:53 AM,1009.0,1,1009.0,125015543.09999989
2025-08-01 11:30:57 AM,1007.3,0,0.0,125015543.09999989
2025-08-01 11:30:59 AM,1007.3,339,341474.7,125357017.7999999
2025-08-01 11:34:37 AM,1006.4,0,0.0,125357017.7999999
2025-08-01 11:34:41 AM,1006.4,5,5032.0,125362049.7999999
2025-08-01 11:34:52 AM,1005.5,100,100550.0,125462599.7999999
2025-08-01 11:36:16 AM,1006.2,0,0.0,125462599.7999999
2025-08-01 11:36:20 AM,1006.2,1,1006.2,125463605.9999999
2025-08-01 11:36:59 AM,1005.25,0,0.0,125463605.9999999
2025-08-01 11:37:02 AM,1005.25,106,106556.5,125570162.4999999
2025-08-01 11:38:16 AM,1004.3,0,0.0,125570162.4999999
2025-08-01 11:38:19 AM,1004.3,106,106455.79999999999,125676618.2999999
2025-08-01 11:38:28 AM,1005.4,0,0.0,125676618.2999999
2025-08-01 11:38:29 AM,1005.4,11,11059.4,125687677.6999999
2025-08-01 11:38:39 AM,1004.25,1,1004.25,125688681.9499999
2025-08-01 11:39:34 AM,1003.75,0,0.0,125688681.9499999
2025-08-01 11:39:35 AM,1003.75,128,128480.0,125817161.9499999
2025-08-01 11:40:18 AM,1003.45,0,0.0,125817161.9499999
2025-08-01 11:40:19 AM,1003.45,5,5017.25,125822179.1999999
2025-08-01 11:40:27 AM,1001.9,0,0.0,125822179.1999999
2025-08-01 11:40:27 AM,1001.9,23,23043.7,125845222.8999999
2025-08-01 11:40:47 AM,1000.35,0,0.0,125845222.8999999
2025-08-01 11:40:48 AM,1000.35,103,103036.05,125948258.9499999
2025-08-01 11:41:17 AM,1000.3,0,0.0,125948258.9499999
2025-08-01 11:41:18 AM,1000.3,100,100030.0,126048288.9499999
2025-08-01 11:41:21 AM,1001.2,0,0.0,126048288.9499999
2025-08-01 11:41:23 AM,1001.2,5,5006.0,126053294.9499999
2025-08-01 11:41:53 AM,1000.0,0,0.0,126053294.9499999
2025-08-01 11:41:54 AM,1000.0,43,43000.0,126096294.9499999
2025-08-01 11:41:59 AM,1000.0,1,1000.0,126097294.9499999
2025-08-01 11:42:04 AM,1000.0,6,6000.0,126103294.9499999
2025-08-01 11:42:57 AM,1000.7,1,1000.7,126104295.6499999
2025-08-01 11:43:05 AM,1000.0,0,0.0,126104295.6499999
2025-08-01 11:43:06 AM,1000.0,10,10000.0,126114295.6499999
2025-08-01 11:43:15 AM,999.7,0,0.0,126114295.6499999
2025-08-01 11:43:17 AM,999.7,86,85974.2,126200269.8499999
2025-08-01 11:43:41 AM,998.75,0,0.0,126200269.8499999
2025-08-01 11:43:43 AM,998.75,7,6991.25,126207261.0999999
2025-08-01 11:43:49 AM,998.75,24,23970.0,126231231.0999999
2025-08-01 11:43:59 AM,998.75,4,3995.0,126235226.0999999
2025-08-01 11:46:21 AM,999.25,1,999.25,126236225.3499999
2025-08-01 11:46:36 AM,998.75,0,0.0,126236225.3499999
2025-08-01 11:46:37 AM,998.75,1,998.75,126237224.0999999
2025-08-01 11:46:42 AM,998.75,50,49937.5,126287161.5999999
2025-08-01 11:46:48 AM,998.75,25,24968.75,126312130.3499999
2025-08-01 11:47:03 AM,999.25,0,0.0,126312130.3499999
2025-08-01 11:47:03 AM,999.25,7,6994.75,126319125.0999999
2025-08-01 11:47:21 AM,998.75,0,0.0,126319125.0999999
2025-08-01 11:47:24 AM,998.75,11,10986.25,126330111.3499999
2025-08-01 11:48:16 AM,999.25,0,0.0,126330111.3499999
2025-08-01 11:48:20 AM,999.25,5,4996.25,126335107.5999999
2025-08-01 11:48:37 AM,998.25,0,0.0,126335107.5999999
2025-08-01 11:48:40 AM,998.25,80,79860.0,126414967.5999999
2025-08-01 11:50:23 AM,998.1,0,0.0,126414967.5999999
2025-08-01 11:50:24 AM,998.1,20,19962.0,126434929.5999999
2025-08-01 11:51:05 AM,998.25,0,0.0,126434929.5999999
2025-08-01 11:51:08 AM,998.25,10,9982.5,126444912.0999999
2025-08-01 11:51:23 AM,998.25,23,22959.75,126467871.8499999
2025-08-01 11:51:42 AM,997.75,0,0.0,126467871.8499999
2025-08-01 11:51:42 AM,997.75,1502,1498620.5,127966492.3499999
2025-08-01 11:51:48 AM,996.3,0,0.0,127966492.3499999
2025-08-01 11:51:48 AM,996.3,197,196271.09999999998,128162763.4499999
2025-08-01 11:51:49 AM,995.2,0,0.0,128162763.4499999
2025-08-01 11:51:53 AM,995.2,173,172169.6,128334933.0499999
2025-08-01 11:52:02 AM,995.0,0,0.0,128334933.0499999
2025-08-01 11:52:03 AM,995.0,241,239795.0,128574728.0499999
2025-08-01 11:52:10 AM,994.95,0,0.0,128574728.0499999
2025-08-01 11:52:13 AM,994.95,5,4974.75,128579702.7999999
2025-08-01 11:52:19 AM,994.85,3,2984.55,128582687.34999989
2025-08-01 11:52:21 AM,994.0,0,0.0,128582687.34999989
2025-08-01 11:52:23 AM,994.0,6,5964.0,128588651.34999989
2025-08-01 11:52:33 AM,993.65,108,107314.2,128695965.5499999
2025-08-01 11:53:28 AM,993.85,0,0.0,128695965.5499999
2025-08-01 11:53:29 AM,993.85,1,993.85,128696959.39999989
2025-08-01 11:53:36 AM,993.65,0,0.0,128696959.39999989
2025-08-01 11:53:39 AM,993.65,10,9936.5,128706895.89999989
2025-08-01 11:53:46 AM,993.95,0,0.0,128706895.89999989
2025-08-01 11:53:49 AM,993.95,1275,1267286.25,129974182.14999989
2025-08-01 11:54:12 AM,995.1,0,0.0,129974182.14999989
2025-08-01 11:54:15 AM,995.1,20,19902.0,129994084.14999989
2025-08-01 11:55:52 AM,995.1,5,4975.5,129999059.64999989
2025-08-01 11:56:18 AM,995.65,0,0.0,129999059.64999989
2025-08-01 11:56:21 AM,995.65,15,14934.75,130013994.39999989
2025-08-01 11:56:39 AM,993.0,0,0.0,130013994.39999989
2025-08-01 11:56:41 AM,993.0,932,925476.0,130939470.39999989
2025-08-01 11:56:50 AM,992.9,0,0.0,130939470.39999989
2025-08-01 11:56:51 AM,992.9,10,9929.0,130949399.39999989
2025-08-01 11:57:05 AM,993.4,0,0.0,130949399.39999989
2025-08-01 11:57:06 AM,993.4,45,44703.0,130994102.39999989
2025-08-01 11:57:08 AM,993.0,0,0.0,130994102.39999989
2025-08-01 11:57:11 AM,993.0,3,2979.0,130997081.39999989
2025-08-01 11:57:23 AM,993.2,501,497593.2,131494674.59999989
2025-08-01 11:57:26 AM,993.35,0,0.0,131494674.59999989
2025-08-01 11:57:26 AM,993.35,1,993.35,131495667.94999988
2025-08-01 11:58:15 AM,993.75,0,0.0,131495667.94999988
2025-08-01 11:58:18 AM,993.75,9,8943.75,131504611.69999988
2025-08-01 11:58:25 AM,994.0,1,994.0,131505605.69999988
2025-08-01 11:58:39 AM,993.85,0,0.0,131505605.69999988
2025-08-01 11:58:39 AM,993.85,1,993.85,131506599.54999988
2025-08-01 11:59:47 AM,993.85,3,2981.55,131509581.09999987
2025-08-01 11:59:48 AM,993.95,0,0.0,131509581.09999987
2025-08-01 11:59:49 AM,993.95,30,29818.5,131539399.59999987
2025-08-01 11:59:56 AM,993.85,0,0.0,131539399.59999987
2025-08-01 11:59:57 AM,993.85,1,993.85,131540393.44999987
2025-08-01 12:00:09 PM,994.05,0,0.0,131540393.44999987
2025-08-01 12:00:10 PM,994.05,2,1988.1,131542381.54999986
2025-08-01 12:00:24 PM,994.05,9,8946.449999999999,131551327.99999987
2025-08-01 12:01:02 PM,994.0,0,0.0,131551327.99999987
2025-08-01 12:01:03 PM,994.0,5,4970.0,131556297.99999987
2025-08-01 12:01:08 PM,994.0,10,9940.0,131566237.99999987
2025-08-01 12:01:12 PM,993.85,0,0.0,131566237.99999987
2025-08-01 12:01:13 PM,993.85,1,993.85,131567231.84999986
2025-08-01 12:01:16 PM,993.8,0,0.0,131567231.84999986
2025-08-01 12:01:18 PM,993.8,20,19876.0,131587107.84999986
2025-08-01 12:01:36 PM,993.0,10,9930.0,131597037.84999986
2025-08-01 12:01:43 PM,993.65,10,9936.5,131606974.34999986
2025-08-01 12:02:12 PM,993.6,0,0.0,131606974.34999986
2025-08-01 12:02:12 PM,993.6,2,1987.2,131608961.54999986
2025-08-01 12:02:27 PM,993.0,50,49650.0,131658611.54999986
2025-08-01 12:02:37 PM,993.65,1,993.65,131659605.19999987
2025-08-01 12:03:08 PM,992.5,0,0.0,131659605.19999987
2025-08-01 12:03:10 PM,992.5,19,18857.5,131678462.69999987
2025-08-01 12:03:21 PM,992.0,0,0.0,131678462.69999987
2025-08-01 12:03:22 PM,992.0,1,992.0,131679454.69999987
2025-08-01 12:03:43 PM,992.5,0,0.0,131679454.69999987
2025-08-01 12:03:44 PM,992.0,0,0.0,131679454.69999987
2025-08-01 12:03:45 PM,992.0,8,7936.0,131687390.69999987
2025-08-01 12:04:58 PM,992.5,0,0.0,131687390.69999987
2025-08-01 12:05:00 PM,992.5,5,4962.5,131692353.19999987
2025-08-01 12:05:12 PM,992.5,10,9925.0,131702278.19999987
2025-08-01 12:05:20 PM,992.2,0,0.0,131702278.19999987
2025-08-01 12:05:21 PM,992.2,10,9922.0,131712200.19999987
2025-08-01 12:06:22 PM,992.5,0,0.0,131712200.19999987
2025-08-01 12:06:25 PM,993.5,200,198700.0,131910900.19999987
2025-08-01 12:06:28 PM,993.0,0,0.0,131910900.19999987
2025-08-01 12:06:30 PM,993.0,25,24825.0,131935725.19999987
2025-08-01 12:06:50 PM,993.15,2,1986.3,131937711.49999987
2025-08-01 12:06:52 PM,993.3,0,0.0,131937711.49999987
2025-08-01 12:06:55 PM,993.3,20,19866.0,131957577.49999987
2025-08-01 12:07:10 PM,993.0,1,993.0,131958570.49999987
2025-08-01 12:07:18 PM,993.3,0,0.0,131958570.49999987
2025-08-01 12:07:20 PM,993.3,2,1986.6,131960557.09999986
2025-08-01 12:07:36 PM,993.3,4,3973.2,131964530.29999986
2025-08-01 12:08:06 PM,993.0,0,0.0,131964530.29999986
2025-08-01 12:08:11 PM,993.0,22,21846.0,131986376.29999986
2025-08-01 12:08:21 PM,993.0,1,993.0,131987369.29999986
2025-08-01 12:08:26 PM,992.35,11,10915.85,131998285.14999986
2025-08-01 12:08:44 PM,992.05,0,0.0,131998285.14999986
2025-08-01 12:08:45 PM,992.05,1,992.05,131999277.19999985
2025-08-01 12:09:45 PM,992.05,15,14880.75,132014157.94999985
2025-08-01 12:10:14 PM,992.8,0,0.0,132014157.94999985
2025-08-01 12:10:16 PM,992.8,10,9928.0,132024085.94999985
2025-08-01 12:10:56 PM,993.0,0,0.0,132024085.94999985
2025-08-01 12:11:00 PM,993.0,22,21846.0,132045931.94999985
2025-08-01 12:11:05 PM,993.0,24,23832.0,132069763.94999985
2025-08-01 12:11:42 PM,993.1,0,0.0,132069763.94999985
2025-08-01 12:11:45 PM,993.1,15,14896.5,132084660.44999985
2025-08-01 12:11:58 PM,993.55,0,0.0,132084660.44999985
2025-08-01 12:11:59 PM,993.55,5,4967.75,132089628.19999985
2025-08-01 12:12:14 PM,993.45,1,993.45,132090621.64999986
2025-08-01 12:12:16 PM,994.05,0,0.0,132090621.64999986
2025-08-01 12:12:19 PM,994.05,943,937389.1499999999,133028010.79999986
2025-08-01 12:14:08 PM,995.45,0,0.0,133028010.79999986
2025-08-01 12:14:09 PM,995.45,12,11945.400000000001,133039956.19999987
2025-08-01 12:16:21 PM,995.45,3,2986.3500000000004,133042942.54999986
2025-08-01 12:16:24 PM,994.25,0,0.0,133042942.54999986
2025-08-01 12:16:25 PM,994.25,16,15908.0,133058850.54999986
2025-08-01 12:16:35 PM,994.25,24,23862.0,133082712.54999986
2025-08-01 12:16:50 PM,994.25,12,11931.0,133094643.54999986
2025-08-01 12:16:55 PM,995.15,3,2985.45,133097628.99999987
2025-08-01 12:16:58 PM,995.2,0,0.0,133097628.99999987
2025-08-01 12:16:59 PM,995.2,20,19904.0,133117532.99999987
2025-08-01 12:17:18 PM,995.25,0,0.0,133117532.99999987
2025-08-01 12:17:19 PM,995.25,3,2985.75,133120518.74999987
2025-08-01 12:18:16 PM,994.2,0,0.0,133120518.74999987
2025-08-01 12:18:17 PM,994.2,204,202816.80000000002,133323335.54999986
2025-08-01 12:18:22 PM,993.0,258,256194.0,133579529.54999986
2025-08-01 12:18:26 PM,992.0,0,0.0,133579529.54999986
2025-08-01 12:18:27 PM,992.0,11,10912.0,133590441.54999986
2025-08-01 12:18:36 PM,991.8,0,0.0,133590441.54999986
2025-08-01 12:18:36 PM,991.8,1,991.8,133591433.34999986
2025-08-01 12:18:44 PM,991.2,0,0.0,133591433.34999986
2025-08-01 12:18:47 PM,991.2,1,991.2,133592424.54999986
2025-08-01 12:18:48 PM,991.6,0,0.0,133592424.54999986
2025-08-01 12:18:52 PM,990.75,617,611292.75,134203717.29999986
2025-08-01 12:19:36 PM,989.9,0,0.0,134203717.29999986
2025-08-01 12:19:38 PM,989.9,263,260343.69999999998,134464060.99999985
2025-08-01 12:19:39 PM,989.6,0,0.0,134464060.99999985
2025-08-01 12:19:43 PM,989.05,4,3956.2,134468017.19999984
2025-08-01 12:19:44 PM,987.6,0,0.0,134468017.19999984
2025-08-01 12:19:48 PM,987.6,302,298255.2,134766272.39999983
2025-08-01 12:19:52 PM,987.65,0,0.0,134766272.39999983
2025-08-01 12:19:52 PM,987.65,1,987.65,134767260.04999983
2025-08-01 12:20:00 PM,987.5,0,0.0,134767260.04999983
2025-08-01 12:20:03 PM,987.6,2,1975.2,134769235.24999982
2025-08-01 12:20:13 PM,988.7,0,0.0,134769235.24999982
2025-08-01 12:20:14 PM,988.7,1,988.7,134770223.9499998
2025-08-01 12:20:45 PM,988.8,24,23731.199999999997,134793955.1499998
2025-08-01 12:20:46 PM,989.0,0,0.0,134793955.1499998
2025-08-01 12:20:50 PM,989.0,55,54395.0,134848350.1499998
2025-08-01 12:21:05 PM,988.75,0,0.0,134848350.1499998
2025-08-01 12:21:06 PM,988.75,17,16808.75,134865158.8999998
2025-08-01 12:21:49 PM,989.4,100,98940.0,134964098.8999998
2025-08-01 12:22:17 PM,989.5,0,0.0,134964098.8999998
2025-08-01 12:22:19 PM,989.5,5,4947.5,134969046.3999998
2025-08-01 12:22:23 PM,989.8,0,0.0,134969046.3999998
2025-08-01 12:22:24 PM,989.8,1,989.8,134970036.1999998
2025-08-01 12:22:41 PM,989.9,2,1979.8,134972015.99999982
2025-08-01 12:22:45 PM,989.9,3,2969.7,134974985.6999998
2025-08-01 12:23:00 PM,989.85,0,0.0,134974985.6999998
2025-08-01 12:23:00 PM,989.85,1,989.85,134975975.5499998
2025-08-01 12:23:33 PM,990.4,0,0.0,134975975.5499998
2025-08-01 12:23:34 PM,990.4,2,1980.8,134977956.34999982
2025-08-01 12:23:39 PM,991.0,0,0.0,134977956.34999982
2025-08-01 12:23:39 PM,991.0,3,2973.0,134980929.34999982
2025-08-01 12:23:47 PM,989.9,0,0.0,134980929.34999982
2025-08-01 12:23:49 PM,989.9,7,6929.3,134987858.64999983
2025-08-01 12:23:49 PM,990.85,0,0.0,134987858.64999983
2025-08-01 12:23:54 PM,990.85,10,9908.5,134997767.14999983
2025-08-01 12:24:13 PM,991.55,0,0.0,134997767.14999983
2025-08-01 12:24:14 PM,991.55,8,7932.4,135005699.54999983
2025-08-01 12:24:34 PM,991.55,10,9915.5,135015615.04999983
2025-08-01 12:24:43 PM,991.55,1,991.55,135016606.59999985
2025-08-01 12:25:03 PM,991.55,12,11898.599999999999,135028505.19999984
2025-08-01 12:25:07 PM,991.8,0,0.0,135028505.19999984
2025-08-01 12:25:08 PM,991.8,6,5950.799999999999,135034455.99999985
2025-08-01 12:25:17 PM,991.35,0,0.0,135034455.99999985
2025-08-01 12:25:19 PM,991.35,493,488735.55,135523191.54999986
2025-08-01 12:25:43 PM,991.4,0,0.0,135523191.54999986
2025-08-01 12:25:43 PM,991.4,6,5948.4,135529139.94999987
2025-08-01 12:26:24 PM,991.4,3,2974.2,135532114.14999986
2025-08-01 12:27:44 PM,991.4,5,4957.0,135537071.14999986
2025-08-01 12:28:29 PM,990.85,59,58460.15,135595531.29999986
2025-08-01 12:29:22 PM,990.45,0,0.0,135595531.29999986
2025-08-01 12:29:23 PM,990.45,23,22780.350000000002,135618311.64999986
2025-08-01 12:30:17 PM,990.85,0,0.0,135618311.64999986
2025-08-01 12:30:18 PM,990.85,5,4954.25,135623265.89999986
2025-08-01 12:30:34 PM,990.85,6,5945.1,135629210.99999985
2025-08-01 12:30:55 PM,990.85,1,990.85,135630201.84999985
2025-08-01 12:31:18 PM,990.55,0,0.0,135630201.84999985
2025-08-01 12:31:20 PM,990.55,6,5943.299999999999,135636145.14999986
2025-08-01 12:32:00 PM,990.95,0,0.0,135636145.14999986
2025-08-01 12:32:03 PM,990.95,30,29728.5,135665873.64999986
2025-08-01 12:32:44 PM,990.95,1,990.95,135666864.59999985
2025-08-01 12:32:49 PM,990.95,8,7927.6,135674792.19999984
2025-08-01 12:33:04 PM,991.0,370,366670.0,136041462.19999984
2025-08-01 12:33:12 PM,990.6,0,0.0,136041462.19999984
2025-08-01 12:33:14 PM,991.45,0,0.0,136041462.19999984
2025-08-01 12:33:14 PM,991.45,81,80307.45,136121769.64999983
2025-08-01 12:34:18 PM,991.2,0,0.0,136121769.64999983
2025-08-01 12:34:20 PM,991.0,255,252705.0,136374474.64999983
2025-08-01 12:35:24 PM,990.55,0,0.0,136374474.64999983
2025-08-01 12:35:26 PM,990.55,11,10896.05,136385370.69999984
2025-08-01 12:35:36 PM,990.45,129,127768.05,136513138.74999985
2025-08-01 12:36:14 PM,990.5,0,0.0,136513138.74999985
2025-08-01 12:36:18 PM,990.5,1,990.5,136514129.24999985
2025-08-01 12:36:37 PM,990.85,0,0.0,136514129.24999985
2025-08-01 12:36:39 PM,990.85,2,1981.7,136516110.94999984
2025-08-01 12:37:11 PM,989.85,0,0.0,136516110.94999984
2025-08-01 12:37:14 PM,989.85,23,22766.55,136538877.49999985
2025-08-01 12:38:22 PM,989.75,0,0.0,136538877.49999985
2025-08-01 12:38:24 PM,989.75,150,148462.5,136687339.99999985
2025-08-01 12:38:40 PM,989.6,0,0.0,136687339.99999985
2025-08-01 12:38:40 PM,989.6,5,4948.0,136692287.99999985
2025-08-01 12:38:58 PM,989.6,125,123700.0,136815987.99999985
2025-08-01 12:40:04 PM,990.15,0,0.0,136815987.99999985
2025-08-01 12:40:08 PM,990.15,1,990.15,136816978.14999986
2025-08-01 12:40:46 PM,989.5,0,0.0,136816978.14999986
2025-08-01 12:40:50 PM,989.5,594,587763.0,137404741.14999986
2025-08-01 12:41:26 PM,989.5,100,98950.0,137503691.14999986
2025-08-01 12:43:17 PM,989.1,50,49455.0,137553146.14999986
2025-08-01 12:43:26 PM,989.1,37,36596.700000000004,137589742.84999985
2025-08-01 12:45:24 PM,989.1,6,5934.6,137595677.44999984
2025-08-01 12:46:12 PM,989.8,0,0.0,137595677.44999984
2025-08-01 12:46:14 PM,989.8,14,13857.199999999999,137609534.64999983
2025-08-01 12:47:30 PM,989.8,15,14847.0,137624381.64999983
2025-08-01 12:47:52 PM,989.9,0,0.0,137624381.64999983
2025-08-01 12:47:55 PM,989.9,23,22767.7,137647149.34999982
2025-08-01 12:48:16 PM,990.0,45,44550.0,137691699.34999982
2025-08-01 12:48:20 PM,990.0,3,2970.0,137694669.34999982
2025-08-01 12:48:21 PM,989.8,5,4949.0,137699618.34999982
2025-08-01 12:48:26 PM,989.1,331,327392.10000000003,138027010.4499998
2025-08-01 12:48:30 PM,988.0,0,0.0,138027010.4499998
2025-08-01 12:48:31 PM,988.0,616,608608.0,138635618.4499998
2025-08-01 12:49:04 PM,987.9,0,0.0,138635618.4499998
2025-08-01 12:49:05 PM,987.9,2,1975.8,138637594.24999982
2025-08-01 12:50:56 PM,988.0,0,0.0,138637594.24999982
2025-08-01 12:50:58 PM,988.0,17,16796.0,138654390.24999982
2025-08-01 12:51:58 PM,988.0,6,5928.0,138660318.24999982
2025-08-01 12:52:06 PM,987.35,0,0.0,138660318.24999982
2025-08-01 12:52:08 PM,987.35,1,987.35,138661305.59999982
2025-08-01 12:53:06 PM,988.0,0,0.0,138661305.59999982
2025-08-01 12:53:07 PM,988.0,2,1976.0,138663281.59999982
2025-08-01 12:53:18 PM,988.0,2,1976.0,138665257.59999982
2025-08-01 12:54:38 PM,988.0,5,4940.0,138670197.59999982
2025-08-01 12:54:43 PM,988.0,5,4940.0,138675137.59999982
2025-08-01 12:55:36 PM,988.0,200,197600.0,138872737.59999982
2025-08-01 12:56:00 PM,988.0,20,19760.0,138892497.59999982
2025-08-01 12:56:16 PM,988.0,4,3952.0,138896449.59999982
2025-08-01 12:56:30 PM,988.0,50,49400.0,138945849.59999982
2025-08-01 12:56:40 PM,988.0,21,20748.0,138966597.59999982
2025-08-01 12:56:56 PM,988.0,6,5928.0,138972525.59999982
2025-08-01 12:57:00 PM,988.0,10,9880.0,138982405.59999982
2025-08-01 12:57:26 PM,988.0,13,12844.0,138995249.59999982
2025-08-01 12:58:05 PM,988.0,6,5928.0,139001177.59999982
2025-08-01 12:58:10 PM,988.0,1,988.0,139002165.59999982
2025-08-01 12:58:15 PM,988.0,13,12844.0,139015009.59999982
2025-08-01 12:58:46 PM,988.0,7,6916.0,139021925.59999982
2025-08-01 12:58:56 PM,988.0,5,4940.0,139026865.59999982
2025-08-01 12:59:11 PM,988.0,25,24700.0,139051565.59999982
2025-08-01 12:59:26 PM,988.0,113,111644.0,139163209.59999982
2025-08-01 12:59:36 PM,988.65,0,0.0,139163209.59999982
2025-08-01 12:59:37 PM,988.65,7,6920.55,139170130.14999983
2025-08-01 01:00:15 PM,988.95,0,0.0,139170130.14999983
2025-08-01 01:00:19 PM,988.95,6,5933.700000000001,139176063.84999982
2025-08-01 01:00:45 PM,988.95,6,5933.700000000001,139181997.5499998
2025-08-01 01:00:49 PM,988.9,0,0.0,139181997.5499998
2025-08-01 01:00:50 PM,988.9,6,5933.4,139187930.9499998
2025-08-01 01:00:55 PM,988.15,0,0.0,139187930.9499998
2025-08-01 01:00:55 PM,988.15,27,26680.05,139214610.99999982
2025-08-01 01:01:05 PM,987.65,0,0.0,139214610.99999982
2025-08-01 01:01:06 PM,987.65,78,77036.7,139291647.6999998
2025-08-01 01:01:13 PM,987.6,0,0.0,139291647.6999998
2025-08-01 01:01:17 PM,987.6,123,121474.8,139413122.49999982
2025-08-01 01:01:19 PM,987.0,0,0.0,139413122.49999982
2025-08-01 01:01:22 PM,987.0,13,12831.0,139425953.49999982
2025-08-01 01:01:27 PM,986.25,0,0.0,139425953.49999982
2025-08-01 01:01:27 PM,986.25,3,2958.75,139428912.24999982
2025-08-01 01:01:47 PM,986.2,0,0.0,139428912.24999982
2025-08-01 01:01:47 PM,986.2,5,4931.0,139433843.24999982
2025-08-01 01:02:45 PM,986.85,0,0.0,139433843.24999982
2025-08-01 01:02:47 PM,986.85,1,986.85,139434830.09999982
2025-08-01 01:03:07 PM,986.2,45,44379.0,139479209.09999982
2025-08-01 01:04:10 PM,985.85,315,310542.75,139789751.84999982
2025-08-01 01:04:26 PM,985.85,7,6900.95,139796652.7999998
2025-08-01 01:04:49 PM,985.85,50,49292.5,139845945.2999998
2025-08-01 01:06:25 PM,986.6,0,0.0,139845945.2999998
2025-08-01 01:06:26 PM,986.6,1,986.6,139846931.8999998
2025-08-01 01:06:36 PM,985.45,200,197090.0,140044021.8999998
2025-08-01 01:07:17 PM,985.45,23,22665.350000000002,140066687.2499998
2025-08-01 01:07:38 PM,986.05,0,0.0,140066687.2499998
2025-08-01 01:07:38 PM,986.05,19,18734.95,140085422.19999978
2025-08-01 01:07:52 PM,985.45,0,0.0,140085422.19999978
2025-08-01 01:07:54 PM,985.45,25,24636.25,140110058.44999978
2025-08-01 01:09:44 PM,986.05,4,3944.2,140114002.64999977
2025-08-01 01:09:46 PM,986.05,1,986.05,140114988.69999978
2025-08-01 01:10:10 PM,986.4,0,0.0,140114988.69999978
2025-08-01 01:10:11 PM,986.4,50,49320.0,140164308.69999978
2025-08-01 01:10:28 PM,986.5,0,0.0,140164308.69999978
2025-08-01 01:10:29 PM,986.8,184,181571.19999999998,140345879.89999977
2025-08-01 01:10:56 PM,987.0,0,0.0,140345879.89999977
2025-08-01 01:10:57 PM,987.0,158,155946.0,140501825.89999977
2025-08-01 01:11:05 PM,987.0,17,16779.0,140518604.89999977
2025-08-01 01:11:17 PM,987.0,655,646485.0,141165089.89999977
2025-08-01 01:13:40 PM,987.65,0,0.0,141165089.89999977
2025-08-01 01:13:41 PM,987.65,4,3950.6,141169040.49999976
2025-08-01 01:15:27 PM,987.55,10,9875.5,141178915.99999976
2025-08-01 01:15:46 PM,987.55,3,2962.6499999999996,141181878.64999977
2025-08-01 01:15:48 PM,986.9,10,9869.0,141191747.64999977
2025-08-01 01:17:46 PM,987.55,0,0.0,141191747.64999977
2025-08-01 01:17:48 PM,987.55,7,6912.849999999999,141198660.49999976
2025-08-01 01:18:02 PM,986.55,0,0.0,141198660.49999976
2025-08-01 01:18:02 PM,986.55,111,109507.04999999999,141308167.54999977
2025-08-01 01:18:58 PM,987.3,0,0.0,141308167.54999977
2025-08-01 01:18:58 PM,987.3,6,5923.799999999999,141314091.3499998
2025-08-01 01:19:16 PM,987.45,0,0.0,141314091.3499998
2025-08-01 01:19:18 PM,987.45,3,2962.3500000000004,141317053.69999978
2025-08-01 01:19:48 PM,986.85,0,0.0,141317053.69999978
2025-08-01 01:19:48 PM,986.85,234,230922.9,141547976.5999998
2025-08-01 01:19:52 PM,986.8,0,0.0,141547976.5999998
2025-08-01 01:19:52 PM,986.8,20,19736.0,141567712.5999998
2025-08-01 01:19:56 PM,985.3,0,0.0,141567712.5999998
2025-08-01 01:19:56 PM,985.3,395,389193.5,141956906.0999998
2025-08-01 01:19:58 PM,985.3,1,985.3,141957891.3999998
2025-08-01 01:20:00 PM,985.1,0,0.0,141957891.3999998
2025-08-01 01:20:01 PM,985.1,249,245289.9,142203181.2999998
2025-08-01 01:20:07 PM,985.1,2093,2061814.3,144264995.59999982
2025-08-01 01:20:30 PM,986.8,0,0.0,144264995.59999982
2025-08-01 01:20:32 PM,986.8,1179,1163437.2,145428432.7999998
2025-08-01 01:20:37 PM,986.8,271,267422.8,145695855.59999982
2025-08-01 01:20:40 PM,986.35,0,0.0,145695855.59999982
2025-08-01 01:20:42 PM,986.35,1,986.35,145696841.9499998
2025-08-01 01:20:43 PM,986.8,1,986.8,145697828.74999982
2025-08-01 01:21:02 PM,986.8,2,1973.6,145699802.34999982
2025-08-01 01:21:27 PM,986.8,47,46379.6,145746181.9499998
2025-08-01 01:22:14 PM,988.2,0,0.0,145746181.9499998
2025-08-01 01:22:15 PM,988.2,4,3952.8,145750134.74999982
2025-08-01 01:22:48 PM,988.75,0,0.0,145750134.74999982
2025-08-01 01:22:50 PM,988.8,0,0.0,145750134.74999982
2025-08-01 01:22:52 PM,988.8,3,2966.3999999999996,145753101.14999983
2025-08-01 01:23:46 PM,989.3,0,0.0,145753101.14999983
2025-08-01 01:23:49 PM,989.3,108,106844.4,145859945.54999983
2025-08-01 01:23:50 PM,990.45,0,0.0,145859945.54999983
2025-08-01 01:23:54 PM,990.45,9,8914.050000000001,145868859.59999985
2025-08-01 01:23:59 PM,991.05,0,0.0,145868859.59999985
2025-08-01 01:24:03 PM,991.05,1,991.05,145869850.64999986
2025-08-01 01:24:04 PM,991.15,0,0.0,145869850.64999986
2025-08-01 01:24:08 PM,991.15,3,2973.45,145872824.09999985
2025-08-01 01:24:22 PM,990.35,2,1980.7,145874804.79999983
2025-08-01 01:26:09 PM,990.5,0,0.0,145874804.79999983
2025-08-01 01:26:10 PM,990.5,25,24762.5,145899567.29999983
2025-08-01 01:26:49 PM,991.05,0,0.0,145899567.29999983
2025-08-01 01:26:49 PM,991.05,3,2973.1499999999996,145902540.44999984
2025-08-01 01:28:18 PM,991.4,0,0.0,145902540.44999984
2025-08-01 01:28:22 PM,991.4,5,4957.0,145907497.44999984
2025-08-01 01:28:30 PM,991.6,0,0.0,145907497.44999984
2025-08-01 01:28:31 PM,991.6,100,99160.0,146006657.44999984
2025-08-01 01:28:50 PM,991.6,60,59496.0,146066153.44999984
2025-08-01 01:31:22 PM,990.6,21,20802.600000000002,146086956.04999983
2025-08-01 01:33:36 PM,990.95,0,0.0,146086956.04999983
2025-08-01 01:33:39 PM,990.95,42,41619.9,146128575.94999984
2025-08-01 01:34:37 PM,990.95,1,990.95,146129566.89999983
2025-08-01 01:35:16 PM,991.15,0,0.0,146129566.89999983
2025-08-01 01:35:19 PM,991.15,2,1982.3,146131549.19999984
2025-08-01 01:35:44 PM,991.1,5,4955.5,146136504.69999984
2025-08-01 01:36:44 PM,990.35,0,0.0,146136504.69999984
2025-08-01 01:36:46 PM,990.35,1,990.35,146137495.04999983
2025-08-01 01:36:54 PM,990.3,0,0.0,146137495.04999983
2025-08-01 01:36:56 PM,990.3,760,752628.0,146890123.04999983
2025-08-01 01:37:35 PM,989.5,1,989.5,146891112.54999983
2025-08-01 01:37:52 PM,989.95,0,0.0,146891112.54999983
2025-08-01 01:37:55 PM,989.95,2,1979.9,146893092.44999984
2025-08-01 01:41:20 PM,990.0,0,0.0,146893092.44999984
2025-08-01 01:41:22 PM,990.0,300,297000.0,147190092.44999984
2025-08-01 01:43:55 PM,989.8,10,9898.0,147199990.44999984
2025-08-01 01:45:22 PM,989.2,0,0.0,147199990.44999984
2025-08-01 01:45:25 PM,989.2,1,989.2,147200979.64999983
2025-08-01 01:45:44 PM,990.0,0,0.0,147200979.64999983
2025-08-01 01:45:44 PM,990.0,5,4950.0,147205929.64999983
2025-08-01 01:46:45 PM,990.0,6,5940.0,147211869.64999983
2025-08-01 01:48:06 PM,989.65,0,0.0,147211869.64999983
2025-08-01 01:48:09 PM,989.65,10,9896.5,147221766.14999983
2025-08-01 01:48:34 PM,987.85,230,227205.5,147448971.64999983
2025-08-01 01:48:42 PM,987.95,0,0.0,147448971.64999983
2025-08-01 01:48:44 PM,987.95,2,1975.9,147450947.54999983
2025-08-01 01:51:16 PM,988.0,0,0.0,147450947.54999983
2025-08-01 01:51:16 PM,988.0,23,22724.0,147473671.54999983
2025-08-01 01:51:56 PM,987.65,0,0.0,147473671.54999983
2025-08-01 01:51:58 PM,987.65,60,59259.0,147532930.54999983
2025-08-01 01:53:39 PM,987.65,6,5925.9,147538856.44999984
2025-08-01 01:54:08 PM,987.65,23,22715.95,147561572.39999983
2025-08-01 01:54:34 PM,988.2,0,0.0,147561572.39999983
2025-08-01 01:54:36 PM,988.2,61,60280.200000000004,147621852.59999982
2025-08-01 01:54:36 PM,988.65,0,0.0,147621852.59999982
2025-08-01 01:54:38 PM,988.65,10,9886.5,147631739.09999982
2025-08-01 01:55:24 PM,989.2,0,0.0,147631739.09999982
2025-08-01 01:55:26 PM,989.2,5,4946.0,147636685.09999982
2025-08-01 01:55:36 PM,989.5,0,0.0,147636685.09999982
2025-08-01 01:55:41 PM,989.5,7,6926.5,147643611.59999982
2025-08-01 01:56:05 PM,989.5,4,3958.0,147647569.59999982
2025-08-01 01:56:16 PM,988.5,0,0.0,147647569.59999982
2025-08-01 01:56:20 PM,988.5,1,988.5,147648558.09999982
2025-08-01 01:56:48 PM,989.1,0,0.0,147648558.09999982
2025-08-01 01:56:50 PM,989.1,6,5934.6,147654492.6999998
2025-08-01 01:57:44 PM,989.1,9,8901.9,147663394.59999982
2025-08-01 01:59:20 PM,989.5,0,0.0,147663394.59999982
2025-08-01 01:59:24 PM,989.5,2,1979.0,147665373.59999982
2025-08-01 02:00:14 PM,989.6,0,0.0,147665373.59999982
2025-08-01 02:00:15 PM,989.6,1,989.6,147666363.1999998
2025-08-01 02:01:46 PM,989.6,10,9896.0,147676259.1999998
2025-08-01 02:02:46 PM,989.6,20,19792.0,147696051.1999998
2025-08-01 02:03:02 PM,989.25,0,0.0,147696051.1999998
2025-08-01 02:03:06 PM,989.25,1,989.25,147697040.4499998
2025-08-01 02:03:32 PM,988.55,0,0.0,147697040.4499998
2025-08-01 02:03:36 PM,988.55,10,9885.5,147706925.9499998
2025-08-01 02:04:01 PM,988.55,50,49427.5,147756353.4499998
2025-08-01 02:04:11 PM,988.5,41,40528.5,147796881.9499998
2025-08-01 02:04:12 PM,988.4,0,0.0,147796881.9499998
2025-08-01 02:04:13 PM,988.2,0,0.0,147796881.9499998
2025-08-01 02:04:16 PM,988.2,194,191710.80000000002,147988592.74999982
2025-08-01 02:04:20 PM,986.35,0,0.0,147988592.74999982
2025-08-01 02:04:21 PM,986.35,50,49317.5,148037910.24999982
2025-08-01 02:05:11 PM,986.6,0,0.0,148037910.24999982
2025-08-01 02:05:12 PM,986.6,10,9866.0,148047776.24999982
2025-08-01 02:05:16 PM,987.7,0,0.0,148047776.24999982
2025-08-01 02:05:17 PM,987.7,30,29631.0,148077407.24999982
2025-08-01 02:05:23 PM,986.35,51,50303.85,148127711.09999982
2025-08-01 02:07:09 PM,986.05,245,241582.25,148369293.34999982
2025-08-01 02:07:54 PM,987.35,0,0.0,148369293.34999982
2025-08-01 02:07:55 PM,987.35,25,24683.75,148393977.09999982
2025-08-01 02:08:45 PM,986.4,0,0.0,148393977.09999982
2025-08-01 02:08:46 PM,986.4,3,2959.2,148396936.2999998
2025-08-01 02:09:15 PM,987.8,0,0.0,148396936.2999998
2025-08-01 02:09:17 PM,987.8,100,98780.0,148495716.2999998
2025-08-01 02:10:57 PM,987.0,38,37506.0,148533222.2999998
2025-08-01 02:10:57 PM,987.55,0,0.0,148533222.2999998
2025-08-01 02:11:02 PM,987.55,6,5925.299999999999,148539147.59999982
2025-08-01 02:11:34 PM,987.55,10,9875.5,148549023.09999982
2025-08-01 02:11:55 PM,987.55,1,987.55,148550010.64999983
2025-08-01 02:12:45 PM,987.55,3,2962.6499999999996,148552973.29999983
2025-08-01 02:13:11 PM,987.55,2,1975.1,148554948.39999983
2025-08-01 02:14:30 PM,987.55,1,987.55,148555935.94999984
2025-08-01 02:14:36 PM,987.55,10,9875.5,148565811.44999984
2025-08-01 02:15:08 PM,987.0,0,0.0,148565811.44999984
2025-08-01 02:15:08 PM,987.0,6,5922.0,148571733.44999984
2025-08-01 02:16:31 PM,987.0,1,987.0,148572720.44999984
2025-08-01 02:18:02 PM,987.0,1,987.0,148573707.44999984
2025-08-01 02:18:46 PM,986.5,0,0.0,148573707.44999984
2025-08-01 02:18:48 PM,986.5,167,164745.5,148738452.94999984
2025-08-01 02:19:00 PM,985.15,0,0.0,148738452.94999984
2025-08-01 02:19:03 PM,985.15,300,295545.0,149033997.94999984
2025-08-01 02:19:29 PM,985.15,200,197030.0,149231027.94999984
2025-08-01 02:22:00 PM,985.95,11,10845.45,149241873.39999983
2025-08-01 02:22:32 PM,986.4,13,12823.199999999999,149254696.59999982
2025-08-01 02:22:45 PM,986.35,0,0.0,149254696.59999982
2025-08-01 02:22:48 PM,985.3,0,0.0,149254696.59999982
2025-08-01 02:22:48 PM,985.3,13,12808.9,149267505.49999982
2025-08-01 02:25:20 PM,986.0,0,0.0,149267505.49999982
2025-08-01 02:25:22 PM,986.0,100,98600.0,149366105.49999982
2025-08-01 02:25:38 PM,985.0,0,0.0,149366105.49999982
2025-08-01 02:25:38 PM,985.0,277,272845.0,149638950.49999982
2025-08-01 02:25:44 PM,985.0,698,687530.0,150326480.49999982
2025-08-01 02:26:41 PM,985.9,0,0.0,150326480.49999982
2025-08-01 02:26:41 PM,985.9,5,4929.5,150331409.99999982
2025-08-01 02:27:29 PM,986.0,0,0.0,150331409.99999982
2025-08-01 02:27:30 PM,986.0,2,1972.0,150333381.99999982
2025-08-01 02:27:55 PM,985.8,0,0.0,150333381.99999982
2025-08-01 02:27:57 PM,985.8,1,985.8,150334367.79999983
2025-08-01 02:28:35 PM,985.8,2,1971.6,150336339.39999983
2025-08-01 02:28:46 PM,985.8,9,8872.199999999999,150345211.59999982
2025-08-01 02:28:47 PM,985.8,20,19716.0,150364927.59999982
2025-08-01 02:29:20 PM,985.8,8,7886.4,150372813.99999982
2025-08-01 02:30:04 PM,985.8,5,4929.0,150377742.99999982
2025-08-01 02:30:20 PM,986.0,0,0.0,150377742.99999982
2025-08-01 02:30:21 PM,986.0,8,7888.0,150385630.99999982
2025-08-01 02:30:41 PM,985.8,0,0.0,150385630.99999982
2025-08-01 02:30:42 PM,985.8,26,25630.8,150411261.79999983
2025-08-01 02:31:15 PM,985.8,46,45346.799999999996,150456608.59999985
2025-08-01 02:32:04 PM,985.5,0,0.0,150456608.59999985
2025-08-01 02:32:04 PM,985.5,26,25623.0,150482231.59999985
2025-08-01 02:32:17 PM,985.95,0,0.0,150482231.59999985
2025-08-01 02:32:20 PM,985.95,3,2957.8500000000004,150485189.44999984
2025-08-01 02:32:58 PM,985.95,2,1971.9,150487161.34999985
2025-08-01 02:33:37 PM,986.05,0,0.0,150487161.34999985
2025-08-01 02:33:38 PM,986.05,295,290884.75,150778046.09999985
2025-08-01 02:34:29 PM,987.5,353,348587.5,151126633.59999985
2025-08-01 02:35:20 PM,987.75,19,18767.25,151145400.84999985
2025-08-01 02:36:03 PM,987.65,0,0.0,151145400.84999985
2025-08-01 02:36:04 PM,987.65,50,49382.5,151194783.34999985
2025-08-01 02:36:39 PM,986.25,0,0.0,151194783.34999985
2025-08-01 02:36:39 PM,986.25,75,73968.75,151268752.09999985
2025-08-01 02:37:11 PM,987.5,50,49375.0,151318127.09999985
2025-08-01 02:37:18 PM,987.2,0,0.0,151318127.09999985
2025-08-01 02:37:20 PM,987.2,123,121425.6,151439552.69999984
2025-08-01 02:38:02 PM,986.45,11,10850.95,151450403.64999983
2025-08-01 02:38:05 PM,986.4,0,0.0,151450403.64999983
2025-08-01 02:38:05 PM,986.4,20,19728.0,151470131.64999983
2025-08-01 02:38:05 PM,986.0,70,69020.0,151539151.64999983
2025-08-01 02:38:09 PM,985.0,0,0.0,151539151.64999983
2025-08-01 02:38:09 PM,985.0,1755,1728675.0,153267826.64999983
2025-08-01 02:38:15 PM,984.9,285,280696.5,153548523.14999983
2025-08-01 02:38:30 PM,984.0,27,26568.0,153575091.14999983
2025-08-01 02:38:33 PM,983.0,207,203481.0,153778572.14999983
2025-08-01 02:39:03 PM,982.1,0,0.0,153778572.14999983
2025-08-01 02:39:05 PM,982.1,81,79550.1,153858122.24999982
2025-08-01 02:39:12 PM,982.1,75,73657.5,153931779.74999982
2025-08-01 02:39:16 PM,982.15,0,0.0,153931779.74999982
2025-08-01 02:39:17 PM,982.15,5,4910.75,153936690.49999982
2025-08-01 02:39:26 PM,982.95,0,0.0,153936690.49999982
2025-08-01 02:39:29 PM,982.95,5,4914.75,153941605.24999982
2025-08-01 02:39:42 PM,984.95,0,0.0,153941605.24999982
2025-08-01 02:39:45 PM,984.95,200,196990.0,154138595.24999982
2025-08-01 02:40:16 PM,985.95,0,0.0,154138595.24999982
2025-08-01 02:40:19 PM,985.95,75,73946.25,154212541.49999982
2025-08-01 02:40:51 PM,985.95,5,4929.75,154217471.24999982
2025-08-01 02:41:03 PM,985.9,1,985.9,154218457.14999983
2025-08-01 02:41:14 PM,985.95,0,0.0,154218457.14999983
2025-08-01 02:41:14 PM,985.95,5,4929.75,154223386.89999983
2025-08-01 02:41:41 PM,985.95,1,985.95,154224372.84999982
2025-08-01 02:41:45 PM,985.85,0,0.0,154224372.84999982
2025-08-01 02:41:46 PM,985.85,1,985.85,154225358.6999998
2025-08-01 02:43:08 PM,984.9,0,0.0,154225358.6999998
2025-08-01 02:43:09 PM,984.55,0,0.0,154225358.6999998
2025-08-01 02:43:11 PM,984.55,63,62026.649999999994,154287385.34999982
2025-08-01 02:43:32 PM,984.15,0,0.0,154287385.34999982
2025-08-01 02:43:32 PM,984.15,104,102351.59999999999,154389736.9499998
2025-08-01 02:43:43 PM,984.15,341,335595.14999999997,154725332.09999982
2025-08-01 02:44:25 PM,985.2,0,0.0,154725332.09999982
2025-08-01 02:44:28 PM,985.2,1,985.2,154726317.2999998
2025-08-01 02:44:56 PM,984.0,100,98400.0,154824717.2999998
2025-08-01 02:45:16 PM,982.85,0,0.0,154824717.2999998
2025-08-01 02:45:19 PM,982.85,68,66833.8,154891551.09999982
2025-08-01 02:45:31 PM,984.55,0,0.0,154891551.09999982
2025-08-01 02:45:36 PM,984.55,102,100424.09999999999,154991975.1999998
2025-08-01 02:45:46 PM,983.5,0,0.0,154991975.1999998
2025-08-01 02:45:47 PM,983.5,10,9835.0,155001810.1999998
2025-08-01 02:46:03 PM,984.9,55,54169.5,155055979.6999998
2025-08-01 02:46:07 PM,983.0,0,0.0,155055979.6999998
2025-08-01 02:46:07 PM,984.65,0,0.0,155055979.6999998
2025-08-01 02:46:09 PM,984.65,158,155574.69999999998,155211554.3999998
2025-08-01 02:46:09 PM,984.9,15,14773.5,155226327.8999998
2025-08-01 02:46:19 PM,984.65,0,0.0,155226327.8999998
2025-08-01 02:46:20 PM,984.65,6,5907.9,155232235.7999998
2025-08-01 02:46:26 PM,983.3,21,20649.3,155252885.09999982
2025-08-01 02:46:30 PM,979.25,0,0.0,155252885.09999982
2025-08-01 02:46:31 PM,980.0,2113,2070740.0,157323625.09999982
2025-08-01 02:46:32 PM,979.15,1,979.15,157324604.24999982
2025-08-01 02:46:36 PM,980.0,0,0.0,157324604.24999982
2025-08-01 02:46:37 PM,980.0,12,11760.0,157336364.24999982
2025-08-01 02:46:45 PM,979.25,0,0.0,157336364.24999982
2025-08-01 02:46:48 PM,979.25,1,979.25,157337343.49999982
2025-08-01 02:46:59 PM,980.55,991,971725.0499999999,158309068.54999983
2025-08-01 02:47:09 PM,982.3,0,0.0,158309068.54999983
2025-08-01 02:47:10 PM,982.3,25,24557.5,158333626.04999983
2025-08-01 02:47:22 PM,982.4,7,6876.8,158340502.84999985
2025-08-01 02:47:24 PM,982.45,0,0.0,158340502.84999985
2025-08-01 02:47:27 PM,982.45,26,25543.7,158366046.54999983
2025-08-01 02:47:35 PM,982.9,0,0.0,158366046.54999983
2025-08-01 02:47:38 PM,982.9,19,18675.1,158384721.64999983
2025-08-01 02:47:55 PM,983.1,0,0.0,158384721.64999983
2025-08-01 02:47:56 PM,983.1,29,28509.9,158413231.54999983
2025-08-01 02:48:08 PM,983.1,10,9831.0,158423062.54999983
2025-08-01 02:48:11 PM,983.05,0,0.0,158423062.54999983
2025-08-01 02:48:14 PM,983.05,10,9830.5,158432893.04999983
2025-08-01 02:48:25 PM,981.9,17,16692.3,158449585.34999985
2025-08-01 02:48:29 PM,983.05,0,0.0,158449585.34999985
2025-08-01 02:48:30 PM,983.05,25,24576.25,158474161.59999985
2025-08-01 02:48:41 PM,985.0,0,0.0,158474161.59999985
2025-08-01 02:48:41 PM,985.0,84,82740.0,158556901.59999985
2025-08-01 02:48:47 PM,984.0,0,0.0,158556901.59999985
2025-08-01 02:48:47 PM,984.0,1,984.0,158557885.59999985
2025-08-01 02:49:02 PM,984.4,0,0.0,158557885.59999985
2025-08-01 02:49:03 PM,984.4,12,11812.8,158569698.39999986
2025-08-01 02:49:04 PM,984.4,1,984.4,158570682.79999986
2025-08-01 02:49:06 PM,983.4,0,0.0,158570682.79999986
2025-08-01 02:49:09 PM,983.4,4,3933.6,158574616.39999986
2025-08-01 02:49:31 PM,983.8,4,3935.2,158578551.59999985
2025-08-01 02:49:42 PM,984.35,0,0.0,158578551.59999985
2025-08-01 02:49:42 PM,983.15,0,0.0,158578551.59999985
2025-08-01 02:49:42 PM,983.15,7,6882.05,158585433.64999986
2025-08-01 02:50:01 PM,983.6,0,0.0,158585433.64999986
2025-08-01 02:50:04 PM,983.6,3,2950.8,158588384.44999987
2025-08-01 02:50:07 PM,983.5,0,0.0,158588384.44999987
2025-08-01 02:50:10 PM,983.5,4,3934.0,158592318.44999987
2025-08-01 02:50:16 PM,983.5,5,4917.5,158597235.94999987
2025-08-01 02:50:37 PM,983.5,9,8851.5,158606087.44999987
2025-08-01 02:50:41 PM,982.25,0,0.0,158606087.44999987
2025-08-01 02:50:43 PM,983.0,11,10813.0,158616900.44999987
2025-08-01 02:50:44 PM,983.45,0,0.0,158616900.44999987
2025-08-01 02:50:48 PM,983.45,1,983.45,158617883.89999986
2025-08-01 02:50:53 PM,983.6,3,2950.8,158620834.69999987
2025-08-01 02:50:58 PM,982.75,0,0.0,158620834.69999987
2025-08-01 02:50:59 PM,982.75,2,1965.5,158622800.19999987
2025-08-01 02:51:20 PM,982.75,30,29482.5,158652282.69999987
2025-08-01 02:51:41 PM,982.3,0,0.0,158652282.69999987
2025-08-01 02:51:42 PM,982.3,2,1964.6,158654247.29999986
2025-08-01 02:52:41 PM,982.7,9,8844.300000000001,158663091.59999987
2025-08-01 02:52:42 PM,982.7,9,8844.300000000001,158671935.8999999
2025-08-01 02:52:44 PM,983.5,0,0.0,158671935.8999999
2025-08-01 02:52:46 PM,983.5,109,107201.5,158779137.3999999
2025-08-01 02:52:58 PM,983.35,9,8850.15,158787987.5499999
2025-08-01 02:53:02 PM,983.5,0,0.0,158787987.5499999
2025-08-01 02:53:02 PM,983.5,15,14752.5,158802740.0499999
2025-08-01 02:53:03 PM,983.65,5,4918.25,158807658.2999999
2025-08-01 02:53:14 PM,983.7,0,0.0,158807658.2999999
2025-08-01 02:53:15 PM,983.7,30,29511.0,158837169.2999999
2025-08-01 02:53:35 PM,983.8,0,0.0,158837169.2999999
2025-08-01 02:53:36 PM,983.8,18,17708.399999999998,158854877.6999999
2025-08-01 02:54:56 PM,984.4,0,0.0,158854877.6999999
2025-08-01 02:54:57 PM,984.4,5,4922.0,158859799.6999999
2025-08-01 02:55:02 PM,984.4,1,984.4,158860784.0999999
2025-08-01 02:56:34 PM,983.8,0,0.0,158860784.0999999
2025-08-01 02:56:35 PM,983.8,23,22627.399999999998,158883411.4999999
2025-08-01 02:56:41 PM,983.8,12,11805.599999999999,158895217.0999999
2025-08-01 02:56:49 PM,983.75,0,0.0,158895217.0999999
2025-08-01 02:56:51 PM,983.75,11,10821.25,158906038.3499999
2025-08-01 02:56:54 PM,983.8,0,0.0,158906038.3499999
2025-08-01 02:56:56 PM,983.8,2,1967.6,158908005.9499999
2025-08-01 02:57:19 PM,983.8,4,3935.2,158911941.1499999
2025-08-01 02:57:32 PM,982.7,0,0.0,158911941.1499999
2025-08-01 02:57:35 PM,982.7,1,982.7,158912923.84999987
2025-08-01 02:58:10 PM,983.4,1,983.4,158913907.24999988
2025-08-01 02:58:20 PM,983.4,4,3933.6,158917840.84999987
2025-08-01 02:58:22 PM,983.8,0,0.0,158917840.84999987
2025-08-01 02:58:26 PM,983.8,233,229225.4,159147066.24999988
2025-08-01 02:58:28 PM,983.8,20,19676.0,159166742.24999988
2025-08-01 02:59:00 PM,982.9,81,79614.9,159246357.1499999
2025-08-01 02:59:13 PM,983.0,0,0.0,159246357.1499999
2025-08-01 02:59:13 PM,983.0,6,5898.0,159252255.1499999
2025-08-01 02:59:43 PM,982.85,0,0.0,159252255.1499999
2025-08-01 02:59:45 PM,982.85,1,982.85,159253237.99999988
2025-08-01 03:00:02 PM,983.0,12,11796.0,159265033.99999988
2025-08-01 03:00:03 PM,983.0,3,2949.0,159267982.99999988
2025-08-01 03:00:06 PM,983.8,0,0.0,159267982.99999988
2025-08-01 03:00:08 PM,983.8,1821,1791499.7999999998,161059482.7999999
2025-08-01 03:00:17 PM,984.1,0,0.0,161059482.7999999
2025-08-01 03:00:20 PM,984.1,141,138758.1,161198240.8999999
2025-08-01 03:00:25 PM,984.45,0,0.0,161198240.8999999
2025-08-01 03:00:26 PM,984.8,11,10832.8,161209073.6999999
2025-08-01 03:00:34 PM,983.65,10,9836.5,161218910.1999999
2025-08-01 03:00:43 PM,982.55,0,0.0,161218910.1999999
2025-08-01 03:00:43 PM,982.55,96,94324.79999999999,161313234.9999999
2025-08-01 03:00:49 PM,982.95,0,0.0,161313234.9999999
2025-08-01 03:00:49 PM,982.95,1,982.95,161314217.9499999
2025-08-01 03:00:57 PM,983.5,0,0.0,161314217.9499999
2025-08-01 03:00:58 PM,983.5,10,9835.0,161324052.9499999
2025-08-01 03:01:02 PM,983.65,0,0.0,161324052.9499999
2025-08-01 03:01:04 PM,983.65,2,1967.3,161326020.2499999
2025-08-01 03:01:08 PM,983.0,0,0.0,161326020.2499999
2025-08-01 03:01:10 PM,983.0,31,30473.0,161356493.2499999
2025-08-01 03:01:14 PM,983.9,6,5903.4,161362396.64999992
2025-08-01 03:01:37 PM,983.5,0,0.0,161362396.64999992
2025-08-01 03:01:38 PM,983.5,1,983.5,161363380.14999992
2025-08-01 03:01:40 PM,982.9,0,0.0,161363380.14999992
2025-08-01 03:01:41 PM,982.9,1,982.9,161364363.04999992
2025-08-01 03:02:02 PM,983.35,7,6883.45,161371246.4999999
2025-08-01 03:02:04 PM,983.7,0,0.0,161371246.4999999
2025-08-01 03:02:05 PM,983.7,2,1967.4,161373213.89999992
2025-08-01 03:02:20 PM,983.7,2,1967.4,161375181.29999992
2025-08-01 03:02:24 PM,984.15,4,3936.6,161379117.89999992
2025-08-01 03:02:26 PM,983.65,1,983.65,161380101.54999992
2025-08-01 03:02:28 PM,984.2,0,0.0,161380101.54999992
2025-08-01 03:02:30 PM,984.2,53,52162.600000000006,161432264.14999992
2025-08-01 03:02:51 PM,983.85,1,983.85,161433247.9999999
2025-08-01 03:03:03 PM,984.15,8,7873.2,161441121.1999999
2025-08-01 03:03:13 PM,983.85,1,983.85,161442105.0499999
2025-08-01 03:03:16 PM,983.25,1,983.25,161443088.2999999
2025-08-01 03:03:40 PM,984.1,0,0.0,161443088.2999999
2025-08-01 03:03:40 PM,984.1,3,2952.3,161446040.5999999
2025-08-01 03:03:55 PM,984.1,1,984.1,161447024.6999999
2025-08-01 03:04:01 PM,983.65,1,983.65,161448008.3499999
2025-08-01 03:04:04 PM,983.1,0,0.0,161448008.3499999
2025-08-01 03:04:04 PM,983.1,32,31459.2,161479467.5499999
2025-08-01 03:04:14 PM,982.8,2,1965.6,161481433.1499999
2025-08-01 03:04:17 PM,984.1,0,0.0,161481433.1499999
2025-08-01 03:04:17 PM,984.1,5,4920.5,161486353.6499999
2025-08-01 03:04:24 PM,983.85,0,0.0,161486353.6499999
2025-08-01 03:04:26 PM,983.6,8,7868.8,161494222.4499999
2025-08-01 03:04:35 PM,983.9,10,9839.0,161504061.4499999
2025-08-01 03:04:37 PM,982.55,0,0.0,161504061.4499999
2025-08-01 03:04:38 PM,982.55,1,982.55,161505043.9999999
2025-08-01 03:04:41 PM,983.5,2,1967.0,161507010.9999999
2025-08-01 03:04:49 PM,982.7,0,0.0,161507010.9999999
2025-08-01 03:04:50 PM,982.7,10,9827.0,161516837.9999999
2025-08-01 03:04:53 PM,983.9,3,2951.7,161519789.6999999
2025-08-01 03:04:55 PM,982.6,0,0.0,161519789.6999999
2025-08-01 03:04:56 PM,982.6,500,491300.0,162011089.6999999
2025-08-01 03:04:59 PM,982.3,9,8840.699999999999,162019930.3999999
2025-08-01 03:05:01 PM,982.0,0,0.0,162019930.3999999
2025-08-01 03:05:02 PM,982.45,0,0.0,162019930.3999999
2025-08-01 03:05:02 PM,982.45,128,125753.6,162145683.99999988
2025-08-01 03:05:16 PM,981.95,1,981.95,162146665.94999987
2025-08-01 03:05:19 PM,981.85,1,981.85,162147647.79999986
2025-08-01 03:05:24 PM,981.1,0,0.0,162147647.79999986
2025-08-01 03:05:25 PM,981.25,14,13737.5,162161385.29999986
2025-08-01 03:05:44 PM,981.5,1,981.5,162162366.79999986
2025-08-01 03:05:47 PM,981.3,0,0.0,162162366.79999986
2025-08-01 03:05:47 PM,981.3,8,7850.4,162170217.19999987
2025-08-01 03:05:50 PM,980.6,11,10786.6,162181003.79999986
2025-08-01 03:05:53 PM,981.5,1,981.5,162181985.29999986
2025-08-01 03:05:59 PM,981.5,1,981.5,162182966.79999986
2025-08-01 03:06:02 PM,981.5,2,1963.0,162184929.79999986
2025-08-01 03:06:05 PM,982.25,0,0.0,162184929.79999986
2025-08-01 03:06:06 PM,983.25,1056,1038312.0,163223241.79999986
2025-08-01 03:06:12 PM,982.2,0,0.0,163223241.79999986
2025-08-01 03:06:12 PM,982.2,12,11786.400000000001,163235028.19999987
2025-08-01 03:06:18 PM,981.5,125,122687.5,163357715.69999987
2025-08-01 03:06:30 PM,981.7,1,981.7,163358697.39999986
2025-08-01 03:06:54 PM,981.5,0,0.0,163358697.39999986
2025-08-01 03:06:55 PM,981.5,1,981.5,163359678.89999986
2025-08-01 03:07:01 PM,981.4,0,0.0,163359678.89999986
2025-08-01 03:07:01 PM,981.4,2,1962.8,163361641.69999987
2025-08-01 03:07:14 PM,981.25,7,6868.75,163368510.44999987
2025-08-01 03:07:17 PM,981.0,0,0.0,163368510.44999987
2025-08-01 03:07:17 PM,981.0,57,55917.0,163424427.44999987
2025-08-01 03:07:29 PM,980.55,110,107860.5,163532287.94999987
2025-08-01 03:07:41 PM,981.0,580,568980.0,164101267.94999987
2025-08-01 03:07:47 PM,980.95,28,27466.600000000002,164128734.54999986
2025-08-01 03:07:53 PM,981.0,10,9810.0,164138544.54999986
2025-08-01 03:07:56 PM,980.5,0,0.0,164138544.54999986
2025-08-01 03:07:57 PM,980.5,2,1961.0,164140505.54999986
2025-08-01 03:08:03 PM,981.0,83,81423.0,164221928.54999986
2025-08-01 03:08:06 PM,981.0,1,981.0,164222909.54999986
2025-08-01 03:08:09 PM,981.0,3,2943.0,164225852.54999986
2025-08-01 03:08:16 PM,980.75,8,7846.0,164233698.54999986
2025-08-01 03:08:25 PM,980.7,1,980.7,164234679.24999985
2025-08-01 03:08:47 PM,981.0,0,0.0,164234679.24999985
2025-08-01 03:08:47 PM,981.0,10,9810.0,164244489.24999985
2025-08-01 03:08:49 PM,980.45,16,15687.2,164260176.44999984
2025-08-01 03:08:56 PM,981.0,10,9810.0,164269986.44999984
2025-08-01 03:09:02 PM,980.65,6,5883.9,164275870.34999985
2025-08-01 03:09:06 PM,981.0,1,981.0,164276851.34999985
2025-08-01 03:09:13 PM,981.0,277,271737.0,164548588.34999985
2025-08-01 03:09:19 PM,981.0,1,981.0,164549569.34999985
2025-08-01 03:09:21 PM,981.0,1,981.0,164550550.34999985
2025-08-01 03:09:25 PM,981.0,10,9810.0,164560360.34999985
2025-08-01 03:09:31 PM,981.0,16,15696.0,164576056.34999985
2025-08-01 03:09:45 PM,981.0,1,981.0,164577037.34999985
2025-08-01 03:09:57 PM,980.5,0,0.0,164577037.34999985
2025-08-01 03:09:59 PM,980.5,29,28434.5,164605471.84999985
2025-08-01 03:10:01 PM,980.45,20,19609.0,164625080.84999985
2025-08-01 03:10:06 PM,981.0,55,53955.0,164679035.84999985
2025-08-01 03:10:20 PM,979.7,161,157731.7,164836767.54999983
2025-08-01 03:10:27 PM,979.4,0,0.0,164836767.54999983
2025-08-01 03:10:27 PM,979.4,18,17629.2,164854396.74999982
2025-08-01 03:10:40 PM,981.0,0,0.0,164854396.74999982
2025-08-01 03:10:40 PM,981.35,85,83414.75,164937811.49999982
2025-08-01 03:10:42 PM,981.35,34,33365.9,164971177.39999983
2025-08-01 03:10:49 PM,979.85,0,0.0,164971177.39999983
2025-08-01 03:10:49 PM,979.85,59,57811.15,165028988.54999983
2025-08-01 03:10:53 PM,981.7,2,1963.4,165030951.94999984
2025-08-01 03:10:58 PM,979.35,0,0.0,165030951.94999984
2025-08-01 03:10:59 PM,981.7,67,65773.90000000001,165096725.84999985
2025-08-01 03:11:01 PM,979.85,38,37234.3,165133960.14999986
