date,price,qty,trnvr,cum_trnvr
2025-08-01 09:15:03 AM,712.0,735,523320.0,523320.0
2025-08-01 09:15:04 AM,714.0,0,0.0,523320.0
2025-08-01 09:15:05 AM,714.0,55,39270.0,562590.0
2025-08-01 09:15:13 AM,710.0,0,0.0,562590.0
2025-08-01 09:15:15 AM,710.0,5113,3630230.0,4192820.0
2025-08-01 09:15:17 AM,707.8,2534,1793565.2,5986385.2
2025-08-01 09:15:22 AM,709.9,0,0.0,5986385.2
2025-08-01 09:15:25 AM,710.4,666,473126.39999999997,6459511.600000001
2025-08-01 09:15:28 AM,711.0,0,0.0,6459511.600000001
2025-08-01 09:15:33 AM,711.95,0,0.0,6459511.600000001
2025-08-01 09:15:34 AM,711.95,538,383029.10000000003,6842540.7
2025-08-01 09:15:35 AM,712.6,352,250835.2,7093375.9
2025-08-01 09:15:37 AM,712.95,0,0.0,7093375.9
2025-08-01 09:15:41 AM,713.05,0,0.0,7093375.9
2025-08-01 09:15:42 AM,713.05,766,546196.2999999999,7639572.2
2025-08-01 09:15:44 AM,713.15,17,12123.55,7651695.75
2025-08-01 09:15:46 AM,713.5,0,0.0,7651695.75
2025-08-01 09:15:49 AM,713.9,0,0.0,7651695.75
2025-08-01 09:15:50 AM,713.9,571,407636.89999999997,8059332.65
2025-08-01 09:15:55 AM,713.75,0,0.0,8059332.65
2025-08-01 09:15:58 AM,713.75,1387,989971.25,9049303.9
2025-08-01 09:16:03 AM,713.65,0,0.0,9049303.9
2025-08-01 09:16:06 AM,712.8,0,0.0,9049303.9
2025-08-01 09:16:07 AM,712.8,400,285120.0,9334423.9
2025-08-01 09:16:08 AM,712.6,98,69834.8,9404258.700000001
2025-08-01 09:16:11 AM,712.8,0,0.0,9404258.700000001
2025-08-01 09:16:15 AM,713.55,150,107032.5,9511291.200000001
2025-08-01 09:16:16 AM,713.2,228,162609.6,9673900.8
2025-08-01 09:16:20 AM,713.35,0,0.0,9673900.8
2025-08-01 09:16:23 AM,712.1,1396,994091.6,10667992.4
2025-08-01 09:16:25 AM,711.55,292,207772.59999999998,10875765.0
2025-08-01 09:16:28 AM,712.15,0,0.0,10875765.0
2025-08-01 09:16:31 AM,712.15,15,10682.25,10886447.25
2025-08-01 09:16:38 AM,711.95,0,0.0,10886447.25
2025-08-01 09:16:40 AM,711.95,320,227824.0,11114271.25
2025-08-01 09:16:49 AM,711.7,415,295355.5,11409626.75
2025-08-01 09:16:56 AM,712.05,163,116064.15,11525690.9
2025-08-01 09:16:57 AM,711.95,50,35597.5,11561288.4
2025-08-01 09:17:00 AM,712.45,0,0.0,11561288.4
2025-08-01 09:17:04 AM,711.8,2282,1624327.5999999999,13185616.0
2025-08-01 09:17:06 AM,711.3,50,35565.0,13221181.0
2025-08-01 09:17:12 AM,711.65,200,142330.0,13363511.0
2025-08-01 09:17:14 AM,711.55,4,2846.2,13366357.2
2025-08-01 09:17:15 AM,711.25,0,0.0,13366357.2
2025-08-01 09:17:17 AM,710.9,0,0.0,13366357.2
2025-08-01 09:17:21 AM,711.0,535,380385.0,13746742.2
2025-08-01 09:17:24 AM,710.6,0,0.0,13746742.2
2025-08-01 09:17:29 AM,710.85,1239,880743.15,14627485.35
2025-08-01 09:17:34 AM,710.2,0,0.0,14627485.35
2025-08-01 09:17:37 AM,710.2,167,118603.40000000001,14746088.75
2025-08-01 09:17:40 AM,710.05,0,0.0,14746088.75
2025-08-01 09:17:46 AM,710.2,245,173999.0,14920087.75
2025-08-01 09:17:50 AM,710.15,0,0.0,14920087.75
2025-08-01 09:17:54 AM,710.15,601,426800.14999999997,15346887.9
2025-08-01 09:17:55 AM,710.9,1,710.9,15347598.8
2025-08-01 09:17:58 AM,709.9,0,0.0,15347598.8
2025-08-01 09:18:00 AM,710.35,0,0.0,15347598.8
2025-08-01 09:18:01 AM,710.35,603,428341.05,15775939.850000001
2025-08-01 09:18:02 AM,709.95,0,0.0,15775939.850000001
2025-08-01 09:18:02 AM,709.95,18,12779.1,15788718.950000001
2025-08-01 09:18:06 AM,711.2,508,361289.60000000003,16150008.55
2025-08-01 09:18:07 AM,710.75,23,16347.25,16166355.8
2025-08-01 09:18:07 AM,710.85,40,28434.0,16194789.8
2025-08-01 09:18:08 AM,710.5,1000,710500.0,16905289.8
2025-08-01 09:18:09 AM,710.7,2,1421.4,16906711.2
2025-08-01 09:18:12 AM,710.5,50,35525.0,16942236.2
2025-08-01 09:18:16 AM,711.5,0,0.0,16942236.2
2025-08-01 09:18:16 AM,711.5,1000,711500.0,17653736.2
2025-08-01 09:18:20 AM,711.05,33,23464.649999999998,17677200.849999998
2025-08-01 09:18:20 AM,711.3,0,0.0,17677200.849999998
2025-08-01 09:18:20 AM,711.3,1,711.3,17677912.15
2025-08-01 09:18:22 AM,711.55,5,3557.75,17681469.9
2025-08-01 09:18:25 AM,711.85,30,21355.5,17702825.4
2025-08-01 09:18:26 AM,711.85,115,81862.75,17784688.15
2025-08-01 09:18:32 AM,711.7,154,109601.8,17894289.95
2025-08-01 09:18:32 AM,711.75,0,0.0,17894289.95
2025-08-01 09:18:32 AM,711.75,556,395733.0,18290022.95
2025-08-01 09:18:32 AM,711.5,0,0.0,18290022.95
2025-08-01 09:18:33 AM,711.5,158,112417.0,18402439.95
2025-08-01 09:18:45 AM,711.7,3,2135.1000000000004,18404575.05
2025-08-01 09:18:46 AM,711.9,10,7119.0,18411694.05
2025-08-01 09:18:48 AM,711.7,73,51954.100000000006,18463648.150000002
2025-08-01 09:18:49 AM,711.85,32,22779.2,18486427.35
2025-08-01 09:18:49 AM,711.85,15,10677.75,18497105.1
2025-08-01 09:18:50 AM,711.85,33,23491.05,18520596.150000002
2025-08-01 09:18:50 AM,711.85,50,35592.5,18556188.650000002
2025-08-01 09:18:51 AM,711.85,47,33456.950000000004,18589645.6
2025-08-01 09:18:51 AM,711.85,31,22067.350000000002,18611712.950000003
2025-08-01 09:18:52 AM,711.85,1,711.85,18612424.800000004
2025-08-01 09:18:53 AM,712.05,73,51979.649999999994,18664404.450000003
2025-08-01 09:18:54 AM,712.05,76,54115.799999999996,18718520.250000004
2025-08-01 09:18:56 AM,711.85,456,324603.60000000003,19043123.850000005
2025-08-01 09:18:58 AM,712.85,1909,1360830.6500000001,20403954.500000004
2025-08-01 09:18:58 AM,712.2,73,51990.600000000006,20455945.100000005
2025-08-01 09:19:00 AM,712.35,443,315571.05,20771516.150000006
2025-08-01 09:19:01 AM,711.5,6972,4960578.0,25732094.150000006
2025-08-01 09:19:02 AM,712.15,10,7121.5,25739215.650000006
2025-08-01 09:19:03 AM,711.2,2269,1613712.8,27352928.450000007
2025-08-01 09:19:03 AM,711.7,308,219203.6,27572132.05000001
2025-08-01 09:19:06 AM,711.85,213,151624.05000000002,27723756.10000001
2025-08-01 09:19:08 AM,712.0,0,0.0,27723756.10000001
2025-08-01 09:19:09 AM,712.0,1500,1068000.0,28791756.10000001
2025-08-01 09:19:14 AM,711.8,1,711.8,28792467.90000001
2025-08-01 09:19:17 AM,711.1,274,194841.4,28987309.30000001
2025-08-01 09:19:22 AM,710.65,0,0.0,28987309.30000001
2025-08-01 09:19:23 AM,710.65,87,61826.549999999996,29049135.85000001
2025-08-01 09:19:24 AM,711.1,134,95287.40000000001,29144423.250000007
2025-08-01 09:19:24 AM,711.55,0,0.0,29144423.250000007
2025-08-01 09:19:25 AM,711.55,194,138040.69999999998,29282463.950000007
2025-08-01 09:19:25 AM,711.45,0,0.0,29282463.950000007
2025-08-01 09:19:26 AM,711.45,458,325844.10000000003,29608308.05000001
2025-08-01 09:19:27 AM,711.65,266,189298.9,29797606.950000007
2025-08-01 09:19:27 AM,711.9,309,219977.1,30017584.05000001
2025-08-01 09:19:28 AM,711.9,3,2135.7,30019719.750000007
2025-08-01 09:19:29 AM,711.85,0,0.0,30019719.750000007
2025-08-01 09:19:30 AM,711.85,391,278333.35000000003,30298053.10000001
2025-08-01 09:19:31 AM,711.5,0,0.0,30298053.10000001
2025-08-01 09:19:32 AM,711.9,851,605826.9,30903880.000000007
2025-08-01 09:19:34 AM,711.2,500,355600.0,31259480.000000007
2025-08-01 09:19:37 AM,712.0,1823,1297976.0,32557456.000000007
2025-08-01 09:19:38 AM,712.5,100,71250.0,32628706.000000007
2025-08-01 09:19:44 AM,713.1,0,0.0,32628706.000000007
2025-08-01 09:19:45 AM,712.7,140,99778.0,32728484.000000007
2025-08-01 09:19:45 AM,712.9,61,43486.9,32771970.900000006
2025-08-01 09:19:48 AM,713.15,177,126227.55,32898198.450000007
2025-08-01 09:19:49 AM,713.05,0,0.0,32898198.450000007
2025-08-01 09:19:50 AM,713.05,18,12834.9,32911033.350000005
2025-08-01 09:19:50 AM,713.15,3,2139.45,32913172.800000004
2025-08-01 09:19:51 AM,712.9,624,444849.6,33358022.400000006
2025-08-01 09:19:52 AM,713.15,0,0.0,33358022.400000006
2025-08-01 09:19:52 AM,713.15,125,89143.75,33447166.150000006
2025-08-01 09:19:53 AM,712.75,15,10691.25,33457857.400000006
2025-08-01 09:19:53 AM,712.75,1,712.75,33458570.150000006
2025-08-01 09:19:54 AM,712.8,0,0.0,33458570.150000006
2025-08-01 09:19:55 AM,712.8,75,53460.0,33512030.150000006
2025-08-01 09:19:55 AM,712.8,1,712.8,33512742.950000007
2025-08-01 09:19:56 AM,712.85,0,0.0,33512742.950000007
2025-08-01 09:19:57 AM,712.85,135,96234.75,33608977.7
2025-08-01 09:19:58 AM,713.0,1018,725834.0,34334811.7
2025-08-01 09:19:59 AM,713.15,33,23533.95,34358345.650000006
2025-08-01 09:20:00 AM,712.85,94,67007.90000000001,34425353.550000004
2025-08-01 09:20:01 AM,712.15,0,0.0,34425353.550000004
2025-08-01 09:20:02 AM,712.15,2069,1473438.3499999999,35898791.900000006
2025-08-01 09:20:02 AM,712.2,0,0.0,35898791.900000006
2025-08-01 09:20:03 AM,712.2,1070,762054.0,36660845.900000006
2025-08-01 09:20:03 AM,713.0,0,0.0,36660845.900000006
2025-08-01 09:20:04 AM,713.0,250,178250.0,36839095.900000006
2025-08-01 09:20:04 AM,712.35,69,49152.15,36888248.050000004
2025-08-01 09:20:07 AM,712.2,5,3561.0,36891809.050000004
2025-08-01 09:20:11 AM,712.2,155,110391.0,37002200.050000004
2025-08-01 09:20:12 AM,711.65,0,0.0,37002200.050000004
2025-08-01 09:20:12 AM,711.65,1,711.65,37002911.7
2025-08-01 09:20:13 AM,711.65,2,1423.3,37004335.0
2025-08-01 09:20:14 AM,712.05,0,0.0,37004335.0
2025-08-01 09:20:14 AM,712.05,100,71205.0,37075540.0
2025-08-01 09:20:17 AM,712.45,0,0.0,37075540.0
2025-08-01 09:20:17 AM,712.45,500,356225.0,37431765.0
2025-08-01 09:20:20 AM,712.0,1,712.0,37432477.0
2025-08-01 09:20:20 AM,712.0,65,46280.0,37478757.0
2025-08-01 09:20:27 AM,711.35,300,213405.0,37692162.0
2025-08-01 09:20:29 AM,712.05,72,51267.6,37743429.6
2025-08-01 09:20:30 AM,712.45,1006,716724.7000000001,38460154.300000004
2025-08-01 09:20:31 AM,712.75,14,9978.5,38470132.800000004
2025-08-01 09:20:32 AM,712.95,1,712.95,38470845.75000001
2025-08-01 09:20:33 AM,712.25,1000,712250.0,39183095.75000001
2025-08-01 09:20:34 AM,712.0,28,19936.0,39203031.75000001
2025-08-01 09:20:35 AM,711.7,0,0.0,39203031.75000001
2025-08-01 09:20:36 AM,712.4,32,22796.8,39225828.550000004
2025-08-01 09:20:38 AM,712.0,17,12104.0,39237932.550000004
2025-08-01 09:20:42 AM,711.6,241,171495.6,39409428.150000006
2025-08-01 09:20:46 AM,710.1,2263,1606956.3,41016384.45
2025-08-01 09:20:46 AM,711.05,1,711.05,41017095.5
2025-08-01 09:20:52 AM,710.5,158,112259.0,41129354.5
2025-08-01 09:21:02 AM,710.0,733,520430.0,41649784.5
2025-08-01 09:21:13 AM,710.0,5,3550.0,41653334.5
2025-08-01 09:21:13 AM,709.45,0,0.0,41653334.5
2025-08-01 09:21:14 AM,709.45,515,365366.75,42018701.25
2025-08-01 09:21:17 AM,708.85,0,0.0,42018701.25
2025-08-01 09:21:17 AM,708.85,100,70885.0,42089586.25
2025-08-01 09:21:18 AM,709.45,0,0.0,42089586.25
2025-08-01 09:21:18 AM,709.45,70,49661.5,42139247.75
2025-08-01 09:21:19 AM,708.85,125,88606.25,42227854.0
2025-08-01 09:21:28 AM,708.6,0,0.0,42227854.0
2025-08-01 09:21:28 AM,708.6,25,17715.0,42245569.0
2025-08-01 09:21:29 AM,708.3,0,0.0,42245569.0
2025-08-01 09:21:29 AM,708.3,25,17707.5,42263276.5
2025-08-01 09:21:31 AM,708.85,0,0.0,42263276.5
2025-08-01 09:21:32 AM,708.85,500,354425.0,42617701.5
2025-08-01 09:21:37 AM,708.8,0,0.0,42617701.5
2025-08-01 09:21:38 AM,708.8,4,2835.2,42620536.7
2025-08-01 09:21:42 AM,708.3,0,0.0,42620536.7
2025-08-01 09:21:42 AM,708.3,2,1416.6,42621953.300000004
2025-08-01 09:21:48 AM,708.6,50,35430.0,42657383.300000004
2025-08-01 09:21:50 AM,708.25,0,0.0,42657383.300000004
2025-08-01 09:21:51 AM,708.3,987,699092.1,43356475.400000006
2025-08-01 09:22:00 AM,707.8,0,0.0,43356475.400000006
2025-08-01 09:22:02 AM,707.8,250,176950.0,43533425.400000006
2025-08-01 09:22:03 AM,708.35,0,0.0,43533425.400000006
2025-08-01 09:22:08 AM,707.9,1168,826827.2,44360252.60000001
2025-08-01 09:22:10 AM,707.65,141,99778.65,44460031.25000001
2025-08-01 09:22:17 AM,707.85,0,0.0,44460031.25000001
2025-08-01 09:22:17 AM,707.85,25,17696.25,44477727.50000001
2025-08-01 09:22:20 AM,708.4,0,0.0,44477727.50000001
2025-08-01 09:22:24 AM,708.3,270,191241.0,44668968.50000001
2025-08-01 09:22:27 AM,707.9,0,0.0,44668968.50000001
2025-08-01 09:22:31 AM,708.05,106,75053.29999999999,44744021.800000004
2025-08-01 09:22:32 AM,707.55,0,0.0,44744021.800000004
2025-08-01 09:22:33 AM,707.55,117,82783.34999999999,44826805.150000006
2025-08-01 09:22:39 AM,707.95,330,233623.50000000003,45060428.650000006
2025-08-01 09:22:46 AM,708.4,0,0.0,45060428.650000006
2025-08-01 09:22:47 AM,708.4,182,128928.8,45189357.45
2025-08-01 09:22:52 AM,708.3,0,0.0,45189357.45
2025-08-01 09:22:54 AM,708.3,3,2124.8999999999996,45191482.35
2025-08-01 09:22:56 AM,708.4,173,122553.2,45314035.550000004
2025-08-01 09:22:58 AM,708.25,0,0.0,45314035.550000004
2025-08-01 09:23:00 AM,708.4,0,0.0,45314035.550000004
2025-08-01 09:23:01 AM,708.4,182,128928.8,45442964.35
2025-08-01 09:23:06 AM,708.25,0,0.0,45442964.35
2025-08-01 09:23:06 AM,708.25,200,141650.0,45584614.35
2025-08-01 09:23:13 AM,708.25,64,45328.0,45629942.35
2025-08-01 09:23:13 AM,708.25,84,59493.0,45689435.35
2025-08-01 09:23:14 AM,708.25,449,318004.25,46007439.6
2025-08-01 09:23:20 AM,707.55,231,163444.05,46170883.65
2025-08-01 09:23:20 AM,707.5,101,71457.5,46242341.15
2025-08-01 09:23:21 AM,706.85,1594,1126718.9000000001,47369060.05
2025-08-01 09:23:32 AM,706.7,137,96817.90000000001,47465877.949999996
2025-08-01 09:23:33 AM,706.85,20,14137.0,47480014.949999996
2025-08-01 09:23:35 AM,706.65,15,10599.75,47490614.699999996
2025-08-01 09:23:37 AM,707.6,2252,1593515.2,49084129.9
2025-08-01 09:23:38 AM,707.45,2,1414.9,49085544.8
2025-08-01 09:23:40 AM,707.3,139,98314.7,49183859.5
2025-08-01 09:23:44 AM,707.3,15,10609.5,49194469.0
2025-08-01 09:23:45 AM,707.15,0,0.0,49194469.0
2025-08-01 09:23:46 AM,707.15,250,176787.5,49371256.5
2025-08-01 09:23:49 AM,707.3,10,7073.0,49378329.5
2025-08-01 09:23:52 AM,707.3,57,40316.1,49418645.6
2025-08-01 09:23:54 AM,707.3,40,28292.0,49446937.6
2025-08-01 09:23:55 AM,707.45,0,0.0,49446937.6
2025-08-01 09:23:56 AM,707.45,15,10611.75,49457549.35
2025-08-01 09:24:00 AM,707.3,0,0.0,49457549.35
2025-08-01 09:24:03 AM,707.2,552,390374.4,49847923.75
2025-08-01 09:24:11 AM,707.55,260,183963.0,50031886.75
2025-08-01 09:24:12 AM,707.15,2,1414.3,50033301.05
2025-08-01 09:24:18 AM,707.2,10,7072.0,50040373.05
2025-08-01 09:24:27 AM,707.2,10,7072.0,50047445.05
2025-08-01 09:24:31 AM,706.8,0,0.0,50047445.05
2025-08-01 09:24:33 AM,706.75,614,433944.5,50481389.55
2025-08-01 09:24:41 AM,706.05,1329,938340.45,51419730.0
2025-08-01 09:24:43 AM,706.0,150,105900.0,51525630.0
2025-08-01 09:24:48 AM,705.8,1327,936596.6,52462226.6
2025-08-01 09:24:55 AM,705.35,0,0.0,52462226.6
2025-08-01 09:24:56 AM,705.35,429,302595.15,52764821.75
2025-08-01 09:24:58 AM,705.75,19,13409.25,52778231.0
2025-08-01 09:25:01 AM,705.75,20,14115.0,52792346.0
2025-08-01 09:25:01 AM,705.35,5,3526.75,52795872.75
2025-08-01 09:25:02 AM,705.3,0,0.0,52795872.75
2025-08-01 09:25:03 AM,705.3,225,158692.5,52954565.25
2025-08-01 09:25:04 AM,705.8,50,35290.0,52989855.25
2025-08-01 09:25:05 AM,705.75,18,12703.5,53002558.75
2025-08-01 09:25:20 AM,705.35,10,7053.5,53009612.25
2025-08-01 09:25:22 AM,706.1,573,404595.3,53414207.55
2025-08-01 09:25:25 AM,706.1,34,24007.4,53438214.949999996
2025-08-01 09:25:27 AM,706.1,42,29656.2,53467871.15
2025-08-01 09:25:32 AM,706.45,415,293176.75,53761047.9
2025-08-01 09:25:32 AM,706.6,646,456463.60000000003,54217511.5
2025-08-01 09:25:32 AM,706.4,0,0.0,54217511.5
2025-08-01 09:25:33 AM,706.4,15,10596.0,54228107.5
2025-08-01 09:25:36 AM,706.6,167,118002.2,54346109.7
2025-08-01 09:25:37 AM,706.35,15,10595.25,54356704.95
2025-08-01 09:25:43 AM,706.65,592,418336.8,54775041.75
2025-08-01 09:25:44 AM,706.9,1,706.9,54775748.65
2025-08-01 09:25:50 AM,706.45,594,419631.30000000005,55195379.949999996
2025-08-01 09:25:50 AM,706.6,0,0.0,55195379.949999996
2025-08-01 09:25:51 AM,706.6,136,96097.6,55291477.55
2025-08-01 09:25:53 AM,706.45,0,0.0,55291477.55
2025-08-01 09:25:54 AM,706.45,267,188622.15000000002,55480099.699999996
2025-08-01 09:25:58 AM,706.45,710,501579.50000000006,55981679.199999996
2025-08-01 09:25:58 AM,706.55,2,1413.1,55983092.3
2025-08-01 09:25:58 AM,706.45,0,0.0,55983092.3
2025-08-01 09:25:59 AM,706.45,44,31083.800000000003,56014176.099999994
2025-08-01 09:25:59 AM,706.7,0,0.0,56014176.099999994
2025-08-01 09:26:00 AM,706.7,10,7067.0,56021243.099999994
2025-08-01 09:26:02 AM,706.8,3,2120.3999999999996,56023363.49999999
2025-08-01 09:26:05 AM,706.55,0,0.0,56023363.49999999
2025-08-01 09:26:06 AM,706.55,55,38860.25,56062223.74999999
2025-08-01 09:26:09 AM,705.9,0,0.0,56062223.74999999
2025-08-01 09:26:10 AM,705.9,10445,7373125.5,63435349.24999999
2025-08-01 09:26:11 AM,705.6,128,90316.8,63525666.04999999
2025-08-01 09:26:14 AM,705.0,0,0.0,63525666.04999999
2025-08-01 09:26:15 AM,705.0,126,88830.0,63614496.04999999
2025-08-01 09:26:15 AM,705.0,70,49350.0,63663846.04999999
2025-08-01 09:26:19 AM,705.0,300,211500.0,63875346.04999999
2025-08-01 09:26:23 AM,704.9,191,134635.9,64009981.94999999
2025-08-01 09:26:24 AM,704.9,32,22556.8,64032538.749999985
2025-08-01 09:26:25 AM,704.9,28,19737.2,64052275.94999999
2025-08-01 09:26:30 AM,704.5,120,84540.0,64136815.94999999
2025-08-01 09:26:31 AM,704.5,2,1409.0,64138224.94999999
2025-08-01 09:26:32 AM,705.0,0,0.0,64138224.94999999
2025-08-01 09:26:33 AM,705.0,316,222780.0,64361004.94999999
2025-08-01 09:26:33 AM,704.9,1,704.9,64361709.84999999
2025-08-01 09:26:35 AM,704.95,12,8459.400000000001,64370169.249999985
2025-08-01 09:26:35 AM,704.95,5,3524.75,64373693.999999985
2025-08-01 09:26:36 AM,705.2,0,0.0,64373693.999999985
2025-08-01 09:26:37 AM,705.2,447,315224.4,64688918.39999998
2025-08-01 09:26:46 AM,705.2,44,31028.800000000003,64719947.19999998
2025-08-01 09:26:46 AM,704.5,0,0.0,64719947.19999998
2025-08-01 09:26:47 AM,704.5,1027,723521.5,65443468.69999998
2025-08-01 09:26:49 AM,704.65,5,3523.25,65446991.94999998
2025-08-01 09:26:56 AM,704.65,100,70465.0,65517456.94999998
2025-08-01 09:26:58 AM,705.05,175,123383.74999999999,65640840.69999998
2025-08-01 09:27:00 AM,705.0,100,70500.0,65711340.69999998
2025-08-01 09:27:02 AM,705.45,272,191882.40000000002,65903223.09999998
2025-08-01 09:27:06 AM,705.3,28,19748.399999999998,65922971.49999998
2025-08-01 09:27:08 AM,705.3,71,50076.299999999996,65973047.799999975
2025-08-01 09:27:10 AM,705.3,20,14106.0,65987153.799999975
2025-08-01 09:27:15 AM,705.35,150,105802.5,66092956.299999975
2025-08-01 09:27:19 AM,705.35,568,400638.8,66493595.09999997
2025-08-01 09:27:20 AM,705.6,116,81849.6,66575444.69999997
2025-08-01 09:27:21 AM,705.5,1,705.5,66576150.19999997
2025-08-01 09:27:26 AM,705.4,22,15518.8,66591668.99999997
2025-08-01 09:27:28 AM,705.35,10,7053.5,66598722.49999997
2025-08-01 09:27:31 AM,705.75,20,14115.0,66612837.49999997
2025-08-01 09:27:35 AM,705.45,12,8465.400000000001,66621302.89999997
2025-08-01 09:27:39 AM,705.75,72,50814.0,66672116.89999997
2025-08-01 09:27:40 AM,705.35,0,0.0,66672116.89999997
2025-08-01 09:27:41 AM,705.35,500,352675.0,67024791.89999997
2025-08-01 09:27:41 AM,705.75,0,0.0,67024791.89999997
2025-08-01 09:27:42 AM,705.85,461,325396.85000000003,67350188.74999997
2025-08-01 09:27:42 AM,705.45,0,0.0,67350188.74999997
2025-08-01 09:27:43 AM,705.45,25,17636.25,67367824.99999997
2025-08-01 09:27:45 AM,705.35,0,0.0,67367824.99999997
2025-08-01 09:27:46 AM,705.35,978,689832.3,68057657.29999997
2025-08-01 09:27:50 AM,705.25,0,0.0,68057657.29999997
2025-08-01 09:27:51 AM,705.25,2,1410.5,68059067.79999997
2025-08-01 09:27:52 AM,705.25,19,13399.75,68072467.54999997
2025-08-01 09:27:56 AM,705.2,0,0.0,68072467.54999997
2025-08-01 09:27:57 AM,705.2,11,7757.200000000001,68080224.74999997
2025-08-01 09:27:58 AM,705.0,12,8460.0,68088684.74999997
2025-08-01 09:27:58 AM,704.9,0,0.0,68088684.74999997
2025-08-01 09:27:59 AM,704.9,203,143094.69999999998,68231779.44999997
2025-08-01 09:28:01 AM,704.9,100,70490.0,68302269.44999997
2025-08-01 09:28:06 AM,704.9,62,43703.799999999996,68345973.24999997
2025-08-01 09:28:08 AM,704.9,173,121947.7,68467920.94999997
2025-08-01 09:28:08 AM,705.25,0,0.0,68467920.94999997
2025-08-01 09:28:09 AM,705.25,50,35262.5,68503183.44999997
2025-08-01 09:28:10 AM,704.9,0,0.0,68503183.44999997
2025-08-01 09:28:11 AM,704.9,413,291123.7,68794307.14999998
2025-08-01 09:28:13 AM,704.6,0,0.0,68794307.14999998
2025-08-01 09:28:14 AM,704.6,192,135283.2,68929590.34999998
2025-08-01 09:28:14 AM,704.5,5,3522.5,68933112.84999998
2025-08-01 09:28:14 AM,704.8,0,0.0,68933112.84999998
2025-08-01 09:28:15 AM,704.8,1,704.8,68933817.64999998
2025-08-01 09:28:15 AM,704.9,0,0.0,68933817.64999998
2025-08-01 09:28:16 AM,704.9,70,49343.0,68983160.64999998
2025-08-01 09:28:19 AM,704.6,30,21138.0,69004298.64999998
2025-08-01 09:28:22 AM,704.55,75,52841.25,69057139.89999998
2025-08-01 09:28:36 AM,704.65,0,0.0,69057139.89999998
2025-08-01 09:28:36 AM,704.65,25,17616.25,69074756.14999998
2025-08-01 09:28:41 AM,704.9,30,21147.0,69095903.14999998
2025-08-01 09:28:43 AM,704.9,54,38064.6,69133967.74999997
2025-08-01 09:28:45 AM,705.0,0,0.0,69133967.74999997
2025-08-01 09:28:46 AM,705.0,400,282000.0,69415967.74999997
2025-08-01 09:28:46 AM,705.15,1,705.15,69416672.89999998
2025-08-01 09:28:50 AM,705.45,0,0.0,69416672.89999998
2025-08-01 09:28:50 AM,705.45,20,14109.0,69430781.89999998
2025-08-01 09:28:52 AM,705.65,0,0.0,69430781.89999998
2025-08-01 09:28:52 AM,705.65,100,70565.0,69501346.89999998
2025-08-01 09:28:53 AM,705.45,3,2116.3500000000004,69503463.24999997
2025-08-01 09:28:54 AM,705.45,15,10581.75,69514044.99999997
2025-08-01 09:28:55 AM,705.6,34,23990.4,69538035.39999998
2025-08-01 09:28:56 AM,705.6,45,31752.0,69569787.39999998
2025-08-01 09:28:57 AM,705.6,156,110073.6,69679860.99999997
2025-08-01 09:29:06 AM,705.6,71,50097.6,69729958.59999996
2025-08-01 09:29:07 AM,705.7,72,50810.4,69780768.99999997
2025-08-01 09:29:12 AM,705.85,0,0.0,69780768.99999997
2025-08-01 09:29:13 AM,705.85,255,179991.75,69960760.74999997
2025-08-01 09:29:15 AM,705.8,177,124926.59999999999,70085687.34999996
2025-08-01 09:29:17 AM,705.85,0,0.0,70085687.34999996
2025-08-01 09:29:17 AM,705.6,0,0.0,70085687.34999996
2025-08-01 09:29:21 AM,705.6,442,311875.2,70397562.54999997
2025-08-01 09:29:27 AM,706.0,0,0.0,70397562.54999997
2025-08-01 09:29:29 AM,706.0,200,141200.0,70538762.54999997
2025-08-01 09:29:30 AM,706.0,50,35300.0,70574062.54999997
2025-08-01 09:29:36 AM,706.45,10,7064.5,70581127.04999997
2025-08-01 09:29:42 AM,706.15,0,0.0,70581127.04999997
2025-08-01 09:29:43 AM,706.15,579,408860.85,70989987.89999996
2025-08-01 09:29:47 AM,706.35,0,0.0,70989987.89999996
2025-08-01 09:29:51 AM,706.9,254,179552.6,71169540.49999996
2025-08-01 09:29:57 AM,706.65,0,0.0,71169540.49999996
2025-08-01 09:29:58 AM,707.05,367,259487.34999999998,71429027.84999995
2025-08-01 09:30:01 AM,706.8,0,0.0,71429027.84999995
2025-08-01 09:30:01 AM,706.8,180,127223.99999999999,71556251.84999995
2025-08-01 09:30:05 AM,707.05,5,3535.25,71559787.09999995
2025-08-01 09:30:06 AM,707.05,8,5656.4,71565443.49999996
2025-08-01 09:30:07 AM,707.05,10,7070.5,71572513.99999996
2025-08-01 09:30:08 AM,707.4,0,0.0,71572513.99999996
2025-08-01 09:30:08 AM,707.4,59,41736.6,71614250.59999995
2025-08-01 09:30:14 AM,707.4,10,7074.0,71621324.59999995
2025-08-01 09:30:16 AM,707.4,170,120258.0,71741582.59999995
2025-08-01 09:30:17 AM,707.4,177,125209.8,71866792.39999995
2025-08-01 09:30:18 AM,707.2,240,169728.0,72036520.39999995
2025-08-01 09:30:19 AM,706.6,3500,2473100.0,74509620.39999995
2025-08-01 09:30:19 AM,706.05,0,0.0,74509620.39999995
2025-08-01 09:30:19 AM,706.05,184,129913.2,74639533.59999995
2025-08-01 09:30:21 AM,706.0,0,0.0,74639533.59999995
2025-08-01 09:30:21 AM,706.0,11,7766.0,74647299.59999995
2025-08-01 09:30:30 AM,706.2,300,211860.0,74859159.59999995
2025-08-01 09:30:38 AM,706.3,18,12713.4,74871872.99999996
2025-08-01 09:30:38 AM,706.85,0,0.0,74871872.99999996
2025-08-01 09:30:39 AM,706.85,1278,903354.3,75775227.29999995
2025-08-01 09:30:40 AM,706.8,1,706.8,75775934.09999995
2025-08-01 09:30:47 AM,707.15,0,0.0,75775934.09999995
2025-08-01 09:30:48 AM,707.15,20,14143.0,75790077.09999995
2025-08-01 09:30:50 AM,707.4,148,104695.2,75894772.29999995
2025-08-01 09:30:58 AM,707.55,0,0.0,75894772.29999995
2025-08-01 09:30:59 AM,707.6,0,0.0,75894772.29999995
2025-08-01 09:30:59 AM,707.6,122,86327.2,75981099.49999996
2025-08-01 09:31:01 AM,707.3,50,35365.0,76016464.49999996
2025-08-01 09:31:03 AM,707.5,149,105417.5,76121881.99999996
2025-08-01 09:31:06 AM,707.5,10,7075.0,76128956.99999996
2025-08-01 09:31:07 AM,707.5,34,24055.0,76153011.99999996
2025-08-01 09:31:08 AM,707.6,38,26888.8,76179900.79999995
2025-08-01 09:31:08 AM,707.7,0,0.0,76179900.79999995
2025-08-01 09:31:09 AM,707.7,24,16984.800000000003,76196885.59999995
2025-08-01 09:31:09 AM,707.5,0,0.0,76196885.59999995
2025-08-01 09:31:10 AM,707.5,40,28300.0,76225185.59999995
2025-08-01 09:31:11 AM,707.95,953,674676.3500000001,76899861.94999994
2025-08-01 09:31:14 AM,708.25,168,118986.0,77018847.94999994
2025-08-01 09:31:14 AM,707.9,0,0.0,77018847.94999994
2025-08-01 09:31:15 AM,708.5,1701,1205158.5,78224006.44999994
2025-08-01 09:31:20 AM,709.4,450,319230.0,78543236.44999994
2025-08-01 09:31:25 AM,709.4,1,709.4,78543945.84999995
2025-08-01 09:31:25 AM,709.55,0,0.0,78543945.84999995
2025-08-01 09:31:26 AM,709.55,32,22705.6,78566651.44999994
2025-08-01 09:31:29 AM,710.0,173,122830.0,78689481.44999994
2025-08-01 09:31:30 AM,709.95,0,0.0,78689481.44999994
2025-08-01 09:31:30 AM,709.95,133,94423.35,78783904.79999994
2025-08-01 09:31:31 AM,709.65,25,17741.25,78801646.04999994
2025-08-01 09:31:31 AM,710.0,145,102950.0,78904596.04999994
2025-08-01 09:31:32 AM,709.85,0,0.0,78904596.04999994
2025-08-01 09:31:32 AM,709.85,5,3549.25,78908145.29999994
2025-08-01 09:31:34 AM,709.9,15,10648.5,78918793.79999994
2025-08-01 09:31:35 AM,709.9,2,1419.8,78920213.59999993
2025-08-01 09:31:35 AM,710.1,0,0.0,78920213.59999993
2025-08-01 09:31:36 AM,710.1,200,142020.0,79062233.59999993
2025-08-01 09:31:39 AM,710.3,88,62506.399999999994,79124739.99999994
2025-08-01 09:31:41 AM,710.25,0,0.0,79124739.99999994
2025-08-01 09:31:42 AM,710.25,31,22017.75,79146757.74999994
2025-08-01 09:31:45 AM,710.25,656,465924.0,79612681.74999994
2025-08-01 09:31:50 AM,709.95,0,0.0,79612681.74999994
2025-08-01 09:31:51 AM,709.95,30,21298.5,79633980.24999994
2025-08-01 09:32:02 AM,710.85,51,36253.35,79670233.59999993
2025-08-01 09:32:03 AM,710.85,141,100229.85,79770463.44999993
2025-08-01 09:32:04 AM,710.85,27,19192.95,79789656.39999993
2025-08-01 09:32:05 AM,710.85,3,2132.55,79791788.94999993
2025-08-01 09:32:06 AM,711.55,2054,1461523.7,81253312.64999993
2025-08-01 09:32:06 AM,711.5,5,3557.5,81256870.14999993
2025-08-01 09:32:09 AM,711.8,0,0.0,81256870.14999993
2025-08-01 09:32:09 AM,711.6,176,125241.6,81382111.74999993
2025-08-01 09:32:11 AM,711.4,10,7114.0,81389225.74999993
2025-08-01 09:32:14 AM,711.5,0,0.0,81389225.74999993
2025-08-01 09:32:15 AM,711.65,0,0.0,81389225.74999993
2025-08-01 09:32:15 AM,711.65,341,242672.65,81631898.39999993
2025-08-01 09:32:15 AM,711.4,0,0.0,81631898.39999993
2025-08-01 09:32:16 AM,711.4,16,11382.4,81643280.79999994
2025-08-01 09:32:16 AM,711.55,0,0.0,81643280.79999994
2025-08-01 09:32:17 AM,711.55,232,165079.59999999998,81808360.39999993
2025-08-01 09:32:26 AM,711.55,125,88943.75,81897304.14999993
2025-08-01 09:32:29 AM,711.55,375,266831.25,82164135.39999993
2025-08-01 09:32:31 AM,711.5,200,142300.0,82306435.39999993
2025-08-01 09:32:39 AM,711.6,0,0.0,82306435.39999993
2025-08-01 09:32:39 AM,711.6,16,11385.6,82317820.99999993
2025-08-01 09:32:39 AM,711.6,168,119548.8,82437369.79999992
2025-08-01 09:32:40 AM,711.45,0,0.0,82437369.79999992
2025-08-01 09:32:40 AM,711.5,1080,768420.0,83205789.79999992
2025-08-01 09:32:41 AM,711.5,85,60477.5,83266267.29999992
2025-08-01 09:32:42 AM,710.85,0,0.0,83266267.29999992
2025-08-01 09:32:42 AM,710.85,20,14217.0,83280484.29999992
2025-08-01 09:32:42 AM,711.4,0,0.0,83280484.29999992
2025-08-01 09:32:43 AM,711.4,200,142280.0,83422764.29999992
2025-08-01 09:32:49 AM,711.0,0,0.0,83422764.29999992
2025-08-01 09:32:49 AM,711.0,748,531828.0,83954592.29999992
2025-08-01 09:32:50 AM,711.0,29,20619.0,83975211.29999992
2025-08-01 09:32:52 AM,710.9,20,14218.0,83989429.29999992
2025-08-01 09:32:53 AM,710.7,0,0.0,83989429.29999992
2025-08-01 09:32:53 AM,710.7,7,4974.900000000001,83994404.19999993
2025-08-01 09:33:03 AM,711.0,0,0.0,83994404.19999993
2025-08-01 09:33:03 AM,711.0,1,711.0,83995115.19999993
2025-08-01 09:33:04 AM,710.75,0,0.0,83995115.19999993
2025-08-01 09:33:05 AM,710.75,292,207539.0,84202654.19999993
2025-08-01 09:33:06 AM,710.75,23,16347.25,84219001.44999993
2025-08-01 09:33:23 AM,711.0,218,154998.0,84373999.44999993
2025-08-01 09:33:29 AM,711.0,2040,1450440.0,85824439.44999993
2025-08-01 09:33:30 AM,711.0,20,14220.0,85838659.44999993
2025-08-01 09:33:36 AM,711.4,152,108132.8,85946792.24999993
2025-08-01 09:33:40 AM,711.4,4,2845.6,85949637.84999992
2025-08-01 09:33:43 AM,711.6,0,0.0,85949637.84999992
2025-08-01 09:33:43 AM,711.6,86,61197.6,86010835.44999991
2025-08-01 09:33:45 AM,711.5,0,0.0,86010835.44999991
2025-08-01 09:33:46 AM,711.5,475,337962.5,86348797.94999991
2025-08-01 09:33:57 AM,711.65,0,0.0,86348797.94999991
2025-08-01 09:33:57 AM,711.65,18,12809.699999999999,86361607.64999992
2025-08-01 09:33:58 AM,711.8,0,0.0,86361607.64999992
2025-08-01 09:33:58 AM,711.8,190,135242.0,86496849.64999992
2025-08-01 09:33:58 AM,711.7,0,0.0,86496849.64999992
2025-08-01 09:33:59 AM,711.7,58,41278.600000000006,86538128.24999991
2025-08-01 09:33:59 AM,711.8,0,0.0,86538128.24999991
2025-08-01 09:34:00 AM,711.8,432,307497.6,86845625.8499999
2025-08-01 09:34:02 AM,712.05,375,267018.75,87112644.5999999
2025-08-01 09:34:10 AM,711.7,0,0.0,87112644.5999999
2025-08-01 09:34:10 AM,711.7,86,61206.200000000004,87173850.79999991
2025-08-01 09:34:11 AM,711.8,0,0.0,87173850.79999991
2025-08-01 09:34:12 AM,711.8,500,355900.0,87529750.79999991
2025-08-01 09:34:19 AM,711.95,261,185818.95,87715569.74999991
2025-08-01 09:34:19 AM,711.85,0,0.0,87715569.74999991
2025-08-01 09:34:20 AM,711.85,17,12101.45,87727671.19999991
2025-08-01 09:34:21 AM,711.85,150,106777.5,87834448.69999991
2025-08-01 09:34:29 AM,711.95,0,0.0,87834448.69999991
2025-08-01 09:34:29 AM,711.95,49,34885.55,87869334.24999991
2025-08-01 09:34:29 AM,711.7,0,0.0,87869334.24999991
2025-08-01 09:34:29 AM,711.7,907,645511.9,88514846.14999992
2025-08-01 09:34:30 AM,711.7,270,192159.0,88707005.14999992
2025-08-01 09:34:31 AM,711.15,0,0.0,88707005.14999992
2025-08-01 09:34:32 AM,711.15,21,14934.15,88721939.29999992
2025-08-01 09:34:32 AM,711.15,313,222589.94999999998,88944529.24999993
2025-08-01 09:34:44 AM,711.0,0,0.0,88944529.24999993
2025-08-01 09:34:45 AM,711.0,237,168507.0,89113036.24999993
2025-08-01 09:34:47 AM,710.75,0,0.0,89113036.24999993
2025-08-01 09:34:48 AM,710.75,174,123670.5,89236706.74999993
2025-08-01 09:34:53 AM,710.75,534,379540.5,89616247.24999993
2025-08-01 09:34:58 AM,710.8,35,24878.0,89641125.24999993
2025-08-01 09:34:59 AM,710.8,35,24878.0,89666003.24999993
2025-08-01 09:35:06 AM,710.65,367,260808.55,89926811.79999992
2025-08-01 09:35:10 AM,710.65,196,139287.4,90066099.19999993
2025-08-01 09:35:11 AM,710.85,1124,798995.4,90865094.59999993
2025-08-01 09:35:28 AM,711.45,10,7114.5,90872209.09999993
2025-08-01 09:35:29 AM,710.9,0,0.0,90872209.09999993
2025-08-01 09:35:30 AM,711.0,0,0.0,90872209.09999993
2025-08-01 09:35:30 AM,711.0,396,281556.0,91153765.09999993
2025-08-01 09:35:32 AM,710.85,3,2132.55,91155897.64999993
2025-08-01 09:35:36 AM,710.85,12,8530.2,91164427.84999993
2025-08-01 09:35:36 AM,710.4,1,710.4,91165138.24999994
2025-08-01 09:35:52 AM,710.95,1,710.95,91165849.19999994
2025-08-01 09:35:53 AM,710.65,0,0.0,91165849.19999994
2025-08-01 09:35:54 AM,710.65,57,40507.049999999996,91206356.24999994
2025-08-01 09:35:56 AM,710.85,0,0.0,91206356.24999994
2025-08-01 09:35:57 AM,710.85,12,8530.2,91214886.44999994
2025-08-01 09:35:59 AM,711.0,0,0.0,91214886.44999994
2025-08-01 09:35:59 AM,711.0,100,71100.0,91285986.44999994
2025-08-01 09:36:01 AM,710.85,129,91699.65000000001,91377686.09999995
2025-08-01 09:36:16 AM,711.4,0,0.0,91377686.09999995
2025-08-01 09:36:17 AM,711.4,1,711.4,91378397.49999996
2025-08-01 09:36:21 AM,711.8,38,27048.399999999998,91405445.89999996
2025-08-01 09:36:22 AM,711.7,52,37008.4,91442454.29999997
2025-08-01 09:36:28 AM,711.8,0,0.0,91442454.29999997
2025-08-01 09:36:29 AM,711.8,10,7118.0,91449572.29999997
2025-08-01 09:36:30 AM,711.7,0,0.0,91449572.29999997
2025-08-01 09:36:31 AM,711.7,331,235572.7,91685144.99999997
2025-08-01 09:36:35 AM,711.8,0,0.0,91685144.99999997
2025-08-01 09:36:36 AM,711.8,128,91110.4,91776255.39999998
2025-08-01 09:36:41 AM,712.0,0,0.0,91776255.39999998
2025-08-01 09:36:41 AM,712.0,155,110360.0,91886615.39999998
2025-08-01 09:36:43 AM,711.85,0,0.0,91886615.39999998
2025-08-01 09:36:43 AM,711.85,11,7830.35,91894445.74999997
2025-08-01 09:36:48 AM,711.85,112,79727.2,91974172.94999997
2025-08-01 09:36:48 AM,711.75,473,336657.75,92310830.69999997
2025-08-01 09:36:48 AM,711.85,0,0.0,92310830.69999997
2025-08-01 09:36:49 AM,711.75,0,0.0,92310830.69999997
2025-08-01 09:36:49 AM,711.75,249,177225.75,92488056.44999997
2025-08-01 09:36:50 AM,712.0,40,28480.0,92516536.44999997
2025-08-01 09:36:53 AM,711.95,2,1423.9,92517960.34999998
2025-08-01 09:37:05 AM,711.7,0,0.0,92517960.34999998
2025-08-01 09:37:06 AM,711.7,214,152303.80000000002,92670264.14999998
2025-08-01 09:37:07 AM,711.7,3,2135.1000000000004,92672399.24999997
2025-08-01 09:37:20 AM,711.55,375,266831.25,92939230.49999997
2025-08-01 09:37:20 AM,711.35,0,0.0,92939230.49999997
2025-08-01 09:37:21 AM,711.05,101,71816.04999999999,93011046.54999997
2025-08-01 09:37:21 AM,711.5,167,118820.5,93129867.04999997
2025-08-01 09:37:22 AM,711.1,0,0.0,93129867.04999997
2025-08-01 09:37:22 AM,711.1,165,117331.5,93247198.54999997
2025-08-01 09:37:42 AM,710.4,0,0.0,93247198.54999997
2025-08-01 09:37:42 AM,710.4,40,28416.0,93275614.54999997
2025-08-01 09:37:47 AM,710.4,1,710.4,93276324.94999997
2025-08-01 09:37:53 AM,710.4,270,191808.0,93468132.94999997
2025-08-01 09:37:55 AM,710.4,66,46886.4,93515019.34999998
2025-08-01 09:37:56 AM,710.7,100,71070.0,93586089.34999998
2025-08-01 09:38:00 AM,710.55,0,0.0,93586089.34999998
2025-08-01 09:38:00 AM,710.5,341,242280.5,93828369.84999998
2025-08-01 09:38:01 AM,710.4,907,644332.7999999999,94472702.64999998
2025-08-01 09:38:01 AM,710.3,0,0.0,94472702.64999998
2025-08-01 09:38:02 AM,710.3,317,225165.09999999998,94697867.74999997
2025-08-01 09:38:18 AM,710.05,53,37632.649999999994,94735500.39999998
2025-08-01 09:38:25 AM,710.0,0,0.0,94735500.39999998
2025-08-01 09:38:25 AM,710.0,1,710.0,94736210.39999998
2025-08-01 09:38:26 AM,709.95,0,0.0,94736210.39999998
2025-08-01 09:38:26 AM,709.95,18,12779.1,94748989.49999997
2025-08-01 09:38:27 AM,709.95,217,154059.15000000002,94903048.64999998
2025-08-01 09:38:29 AM,710.0,347,246370.0,95149418.64999998
2025-08-01 09:38:30 AM,709.95,80,56796.0,95206214.64999998
2025-08-01 09:38:36 AM,709.5,71,50374.5,95256589.14999998
2025-08-01 09:38:43 AM,709.95,0,0.0,95256589.14999998
2025-08-01 09:38:44 AM,709.95,1000,709950.0,95966539.14999998
2025-08-01 09:38:46 AM,710.0,0,0.0,95966539.14999998
2025-08-01 09:38:47 AM,710.0,5,3550.0,95970089.14999998
2025-08-01 09:38:54 AM,710.0,10,7100.0,95977189.14999998
2025-08-01 09:39:03 AM,710.0,45,31950.0,96009139.14999998
2025-08-01 09:39:04 AM,710.05,0,0.0,96009139.14999998
2025-08-01 09:39:04 AM,710.05,21,14911.05,96024050.19999997
2025-08-01 09:39:05 AM,710.0,0,0.0,96024050.19999997
2025-08-01 09:39:06 AM,710.0,10,7100.0,96031150.19999997
2025-08-01 09:39:09 AM,709.8,149,105760.2,96136910.39999998
2025-08-01 09:39:09 AM,709.65,0,0.0,96136910.39999998
2025-08-01 09:39:10 AM,709.6,0,0.0,96136910.39999998
2025-08-01 09:39:10 AM,709.6,576,408729.60000000003,96545639.99999997
2025-08-01 09:39:11 AM,710.0,0,0.0,96545639.99999997
2025-08-01 09:39:11 AM,710.0,500,355000.0,96900639.99999997
2025-08-01 09:39:16 AM,709.85,0,0.0,96900639.99999997
2025-08-01 09:39:17 AM,709.85,35,24844.75,96925484.74999997
2025-08-01 09:39:21 AM,709.45,1,709.45,96926194.19999997
2025-08-01 09:39:27 AM,709.6,0,0.0,96926194.19999997
2025-08-01 09:39:28 AM,709.6,5,3548.0,96929742.19999997
2025-08-01 09:39:43 AM,709.6,500,354800.0,97284542.19999997
2025-08-01 09:39:51 AM,709.4,3,2128.2,97286670.39999998
2025-08-01 09:39:55 AM,709.6,0,0.0,97286670.39999998
2025-08-01 09:39:56 AM,709.6,145,102892.0,97389562.39999998
2025-08-01 09:40:06 AM,709.45,0,0.0,97389562.39999998
2025-08-01 09:40:06 AM,709.45,1,709.45,97390271.84999998
2025-08-01 09:40:07 AM,709.45,162,114930.90000000001,97505202.74999999
2025-08-01 09:40:08 AM,709.45,145,102870.25,97608072.99999999
2025-08-01 09:40:08 AM,709.85,1074,762378.9,98370451.89999999
2025-08-01 09:40:17 AM,710.1,0,0.0,98370451.89999999
2025-08-01 09:40:18 AM,710.1,27,19172.7,98389624.6
2025-08-01 09:40:22 AM,710.0,200,142000.0,98531624.6
2025-08-01 09:40:42 AM,710.5,161,114390.5,98646015.1
2025-08-01 09:40:42 AM,710.25,0,0.0,98646015.1
2025-08-01 09:40:43 AM,710.25,7,4971.75,98650986.85
2025-08-01 09:40:46 AM,710.5,0,0.0,98650986.85
2025-08-01 09:40:46 AM,710.65,859,610448.35,99261435.19999999
2025-08-01 09:40:49 AM,710.25,1,710.25,99262145.44999999
2025-08-01 09:40:53 AM,711.0,0,0.0,99262145.44999999
2025-08-01 09:40:54 AM,711.0,100,71100.0,99333245.44999999
2025-08-01 09:41:05 AM,711.05,255,181317.75,99514563.19999999
2025-08-01 09:41:13 AM,710.75,0,0.0,99514563.19999999
2025-08-01 09:41:13 AM,710.75,577,410102.75,99924665.94999999
2025-08-01 09:41:13 AM,710.9,0,0.0,99924665.94999999
2025-08-01 09:41:14 AM,710.9,110,78199.0,100002864.94999999
2025-08-01 09:41:14 AM,710.75,20,14215.0,100017079.94999999
2025-08-01 09:41:18 AM,710.9,0,0.0,100017079.94999999
2025-08-01 09:41:19 AM,710.9,4,2843.6,100019923.54999998
2025-08-01 09:41:21 AM,710.75,0,0.0,100019923.54999998
2025-08-01 09:41:22 AM,710.75,100,71075.0,100090998.54999998
2025-08-01 09:41:22 AM,710.5,0,0.0,100090998.54999998
2025-08-01 09:41:23 AM,710.5,491,348855.5,100439854.04999998
2025-08-01 09:41:23 AM,710.4,1,710.4,100440564.44999999
2025-08-01 09:41:28 AM,710.0,79,56090.0,100496654.44999999
2025-08-01 09:41:30 AM,710.3,0,0.0,100496654.44999999
2025-08-01 09:41:30 AM,710.3,1,710.3,100497364.74999999
2025-08-01 09:41:32 AM,710.25,0,0.0,100497364.74999999
2025-08-01 09:41:32 AM,710.25,1,710.25,100498074.99999999
2025-08-01 09:41:41 AM,709.95,25,17748.75,100515823.74999999
2025-08-01 09:41:42 AM,710.3,28,19888.399999999998,100535712.14999999
2025-08-01 09:41:47 AM,709.95,0,0.0,100535712.14999999
2025-08-01 09:41:48 AM,709.95,155,110042.25,100645754.39999999
2025-08-01 09:41:50 AM,710.1,0,0.0,100645754.39999999
2025-08-01 09:41:50 AM,710.1,70,49707.0,100695461.39999999
2025-08-01 09:41:51 AM,709.95,165,117141.75000000001,100812603.14999999
2025-08-01 09:41:52 AM,709.9,0,0.0,100812603.14999999
2025-08-01 09:41:52 AM,709.85,173,122804.05,100935407.19999999
2025-08-01 09:41:53 AM,709.65,3,2128.95,100937536.14999999
2025-08-01 09:42:02 AM,709.0,1372,972748.0,101910284.14999999
2025-08-01 09:42:03 AM,708.4,1,708.4,101910992.55
2025-08-01 09:42:06 AM,708.4,21,14876.4,101925868.95
2025-08-01 09:42:06 AM,708.35,0,0.0,101925868.95
2025-08-01 09:42:07 AM,708.35,100,70835.0,101996703.95
2025-08-01 09:42:09 AM,708.75,9,6378.75,102003082.7
2025-08-01 09:42:15 AM,709.1,0,0.0,102003082.7
2025-08-01 09:42:15 AM,709.1,415,294276.5,102297359.2
2025-08-01 09:42:16 AM,709.45,0,0.0,102297359.2
2025-08-01 09:42:16 AM,709.45,602,427088.9,102724448.10000001
2025-08-01 09:42:17 AM,709.05,0,0.0,102724448.10000001
2025-08-01 09:42:18 AM,709.05,100,70905.0,102795353.10000001
2025-08-01 09:42:27 AM,708.9,0,0.0,102795353.10000001
2025-08-01 09:42:27 AM,708.9,1,708.9,102796062.00000001
2025-08-01 09:42:36 AM,709.3,0,0.0,102796062.00000001
2025-08-01 09:42:37 AM,709.3,50,35465.0,102831527.00000001
2025-08-01 09:42:38 AM,709.6,1,709.6,102832236.60000001
2025-08-01 09:42:49 AM,709.75,72,51102.0,102883338.60000001
2025-08-01 09:43:01 AM,710.1,0,0.0,102883338.60000001
2025-08-01 09:43:02 AM,710.1,192,136339.2,103019677.80000001
2025-08-01 09:43:05 AM,710.2,5,3551.0,103023228.80000001
2025-08-01 09:43:11 AM,710.4,0,0.0,103023228.80000001
2025-08-01 09:43:12 AM,710.2,624,443164.80000000005,103466393.60000001
2025-08-01 09:43:12 AM,709.9,0,0.0,103466393.60000001
2025-08-01 09:43:13 AM,709.9,59,41884.1,103508277.7
2025-08-01 09:43:25 AM,709.55,0,0.0,103508277.7
2025-08-01 09:43:25 AM,709.55,100,70955.0,103579232.7
2025-08-01 09:43:28 AM,709.85,50,35492.5,103614725.2
2025-08-01 09:43:32 AM,709.55,20,14191.0,103628916.2
2025-08-01 09:43:39 AM,709.55,29,20576.949999999997,103649493.15
2025-08-01 09:43:46 AM,709.7,0,0.0,103649493.15
2025-08-01 09:43:47 AM,709.7,1,709.7,103650202.85000001
2025-08-01 09:43:47 AM,709.8,0,0.0,103650202.85000001
2025-08-01 09:43:48 AM,709.8,163,115697.4,103765900.25000001
2025-08-01 09:43:48 AM,709.65,0,0.0,103765900.25000001
2025-08-01 09:43:49 AM,709.65,365,259022.25,104024922.50000001
2025-08-01 09:43:55 AM,709.85,18,12777.300000000001,104037699.80000001
2025-08-01 09:44:02 AM,709.65,0,0.0,104037699.80000001
2025-08-01 09:44:03 AM,709.65,270,191605.5,104229305.30000001
2025-08-01 09:44:11 AM,709.35,0,0.0,104229305.30000001
2025-08-01 09:44:12 AM,709.35,426,302183.10000000003,104531488.4
2025-08-01 09:44:12 AM,709.45,0,0.0,104531488.4
2025-08-01 09:44:13 AM,709.45,26,18445.7,104549934.10000001
2025-08-01 09:44:25 AM,709.7,0,0.0,104549934.10000001
2025-08-01 09:44:26 AM,709.7,10,7097.0,104557031.10000001
2025-08-01 09:44:34 AM,709.65,2,1419.3,104558450.4
2025-08-01 09:44:41 AM,709.35,90,63841.5,104622291.9
2025-08-01 09:44:59 AM,709.8,0,0.0,104622291.9
2025-08-01 09:45:00 AM,709.8,60,42588.0,104664879.9
2025-08-01 09:45:04 AM,709.9,179,127072.09999999999,104791952.0
2025-08-01 09:45:05 AM,709.65,0,0.0,104791952.0
2025-08-01 09:45:05 AM,709.65,361,256183.65,105048135.65
2025-08-01 09:45:18 AM,709.05,0,0.0,105048135.65
2025-08-01 09:45:18 AM,709.05,15,10635.75,105058771.4
2025-08-01 09:45:20 AM,709.3,9,6383.7,105065155.10000001
2025-08-01 09:45:21 AM,709.1,0,0.0,105065155.10000001
2025-08-01 09:45:22 AM,709.1,1,709.1,105065864.2
2025-08-01 09:45:25 AM,708.9,530,375717.0,105441581.2
2025-08-01 09:45:25 AM,708.95,145,102797.75,105544378.95
2025-08-01 09:45:31 AM,708.9,0,0.0,105544378.95
2025-08-01 09:45:32 AM,708.9,200,141780.0,105686158.95
2025-08-01 09:45:33 AM,708.85,1,708.85,105686867.8
2025-08-01 09:45:33 AM,708.8,0,0.0,105686867.8
2025-08-01 09:45:34 AM,708.8,60,42528.0,105729395.8
2025-08-01 09:46:00 AM,708.45,60,42507.0,105771902.8
2025-08-01 09:46:01 AM,708.45,78,55259.100000000006,105827161.89999999
2025-08-01 09:46:02 AM,708.45,88,62343.600000000006,105889505.49999999
2025-08-01 09:46:02 AM,708.4,0,0.0,105889505.49999999
2025-08-01 09:46:03 AM,708.4,554,392453.6,106281959.09999998
2025-08-01 09:46:03 AM,707.95,0,0.0,106281959.09999998
2025-08-01 09:46:04 AM,707.95,115,81414.25,106363373.34999998
2025-08-01 09:46:10 AM,707.9,2,1415.8,106364789.14999998
2025-08-01 09:46:10 AM,707.85,0,0.0,106364789.14999998
2025-08-01 09:46:11 AM,707.85,10,7078.5,106371867.64999998
2025-08-01 09:46:26 AM,707.55,150,106132.5,106478000.14999998
2025-08-01 09:46:30 AM,707.85,0,0.0,106478000.14999998
2025-08-01 09:46:30 AM,707.85,50,35392.5,106513392.64999998
2025-08-01 09:46:40 AM,708.0,0,0.0,106513392.64999998
2025-08-01 09:46:40 AM,708.0,100,70800.0,106584192.64999998
2025-08-01 09:46:46 AM,707.95,0,0.0,106584192.64999998
2025-08-01 09:46:47 AM,707.95,5,3539.75,106587732.39999998
2025-08-01 09:46:51 AM,707.6,0,0.0,106587732.39999998
2025-08-01 09:46:52 AM,707.6,1,707.6,106588439.99999997
2025-08-01 09:46:55 AM,707.5,1300,919750.0,107508189.99999997
2025-08-01 09:47:02 AM,707.9,0,0.0,107508189.99999997
2025-08-01 09:47:02 AM,707.9,15,10618.5,107518808.49999997
2025-08-01 09:47:14 AM,707.55,0,0.0,107518808.49999997
2025-08-01 09:47:14 AM,707.55,40,28302.0,107547110.49999997
2025-08-01 09:47:20 AM,707.55,50,35377.5,107582487.99999997
2025-08-01 09:47:21 AM,707.4,0,0.0,107582487.99999997
2025-08-01 09:47:21 AM,707.4,553,391192.2,107973680.19999997
2025-08-01 09:47:30 AM,707.25,0,0.0,107973680.19999997
2025-08-01 09:47:30 AM,707.25,75,53043.75,108026723.94999997
2025-08-01 09:47:31 AM,707.25,23,16266.75,108042990.69999997
2025-08-01 09:47:37 AM,706.9,0,0.0,108042990.69999997
2025-08-01 09:47:37 AM,706.9,1,706.9,108043697.59999998
2025-08-01 09:47:40 AM,707.0,0,0.0,108043697.59999998
2025-08-01 09:47:41 AM,707.0,41,28987.0,108072684.59999998
2025-08-01 09:47:47 AM,707.15,0,0.0,108072684.59999998
2025-08-01 09:47:47 AM,707.6,510,360876.0,108433560.59999998
2025-08-01 09:47:48 AM,707.65,0,0.0,108433560.59999998
2025-08-01 09:47:48 AM,707.65,149,105439.84999999999,108539000.44999997
2025-08-01 09:47:55 AM,707.45,0,0.0,108539000.44999997
2025-08-01 09:47:55 AM,707.45,50,35372.5,108574372.94999997
2025-08-01 09:48:11 AM,707.55,0,0.0,108574372.94999997
2025-08-01 09:48:12 AM,707.55,71,50236.049999999996,108624608.99999997
2025-08-01 09:48:14 AM,707.55,24,16981.199999999997,108641590.19999997
2025-08-01 09:48:17 AM,707.55,1,707.55,108642297.74999997
2025-08-01 09:48:21 AM,707.65,0,0.0,108642297.74999997
2025-08-01 09:48:21 AM,707.65,3,2122.95,108644420.69999997
2025-08-01 09:48:23 AM,707.65,20,14153.0,108658573.69999997
2025-08-01 09:48:24 AM,707.85,0,0.0,108658573.69999997
2025-08-01 09:48:25 AM,707.85,4,2831.4,108661405.09999998
2025-08-01 09:48:29 AM,707.7,0,0.0,108661405.09999998
2025-08-01 09:48:29 AM,707.7,100,70770.0,108732175.09999998
2025-08-01 09:48:29 AM,707.85,0,0.0,108732175.09999998
2025-08-01 09:48:30 AM,707.85,174,123165.90000000001,108855340.99999999
2025-08-01 09:48:31 AM,707.85,18,12741.300000000001,108868082.29999998
2025-08-01 09:48:31 AM,707.85,50,35392.5,108903474.79999998
2025-08-01 09:48:34 AM,707.7,20,14154.0,108917628.79999998
2025-08-01 09:48:37 AM,707.75,33,23355.75,108940984.54999998
2025-08-01 09:48:40 AM,707.85,0,0.0,108940984.54999998
2025-08-01 09:48:41 AM,707.85,50,35392.5,108976377.04999998
2025-08-01 09:48:46 AM,708.05,0,0.0,108976377.04999998
2025-08-01 09:48:47 AM,708.05,10,7080.5,108983457.54999998
2025-08-01 09:48:47 AM,707.8,200,141560.0,109125017.54999998
2025-08-01 09:48:49 AM,707.75,289,204539.75,109329557.29999998
2025-08-01 09:48:53 AM,708.0,1,708.0,109330265.29999998
2025-08-01 09:48:58 AM,707.8,0,0.0,109330265.29999998
2025-08-01 09:48:59 AM,707.8,100,70780.0,109401045.29999998
2025-08-01 09:48:59 AM,707.8,27,19110.6,109420155.89999998
2025-08-01 09:49:02 AM,707.8,1,707.8,109420863.69999997
2025-08-01 09:49:07 AM,707.8,4,2831.2,109423694.89999998
2025-08-01 09:49:23 AM,708.0,0,0.0,109423694.89999998
2025-08-01 09:49:23 AM,708.0,9,6372.0,109430066.89999998
2025-08-01 09:49:24 AM,708.05,161,113996.04999999999,109544062.94999997
2025-08-01 09:49:26 AM,708.25,3,2124.75,109546187.69999997
2025-08-01 09:49:29 AM,708.2,173,122518.6,109668706.29999997
2025-08-01 09:49:40 AM,708.25,164,116153.0,109784859.29999997
2025-08-01 09:49:40 AM,708.05,255,180552.75,109965412.04999997
2025-08-01 09:49:41 AM,707.8,650,460069.99999999994,110425482.04999997
2025-08-01 09:49:46 AM,707.8,1,707.8,110426189.84999996
2025-08-01 09:49:51 AM,707.8,172,121741.59999999999,110547931.44999996
2025-08-01 09:49:54 AM,707.6,0,0.0,110547931.44999996
2025-08-01 09:49:54 AM,707.6,69,48824.4,110596755.84999996
2025-08-01 09:50:29 AM,707.8,0,0.0,110596755.84999996
2025-08-01 09:50:30 AM,707.8,167,118202.59999999999,110714958.44999996
2025-08-01 09:50:32 AM,707.7,0,0.0,110714958.44999996
2025-08-01 09:50:33 AM,707.7,80,56616.0,110771574.44999996
2025-08-01 09:50:33 AM,707.7,15,10615.5,110782189.94999996
2025-08-01 09:50:36 AM,707.95,0,0.0,110782189.94999996
2025-08-01 09:50:37 AM,707.95,132,93449.40000000001,110875639.34999996
2025-08-01 09:50:41 AM,707.9,1516,1073176.4,111948815.74999997
2025-08-01 09:50:42 AM,707.75,0,0.0,111948815.74999997
2025-08-01 09:50:43 AM,707.75,2,1415.5,111950231.24999997
2025-08-01 09:50:43 AM,707.85,0,0.0,111950231.24999997
2025-08-01 09:50:44 AM,707.85,161,113963.85,112064195.09999996
2025-08-01 09:50:46 AM,707.35,0,0.0,112064195.09999996
2025-08-01 09:50:47 AM,707.35,839,593466.65,112657661.74999997
2025-08-01 09:50:51 AM,707.75,2,1415.5,112659077.24999997
2025-08-01 09:50:54 AM,707.7,149,105447.3,112764524.54999997
2025-08-01 09:50:55 AM,707.7,165,116770.50000000001,112881295.04999997
2025-08-01 09:50:55 AM,707.65,60,42459.0,112923754.04999997
2025-08-01 09:51:00 AM,707.7,686,485482.2,113409236.24999997
2025-08-01 09:51:05 AM,708.25,25,17706.25,113426942.49999997
2025-08-01 09:51:16 AM,708.3,0,0.0,113426942.49999997
2025-08-01 09:51:17 AM,708.3,1,708.3,113427650.79999997
2025-08-01 09:51:21 AM,708.85,0,0.0,113427650.79999997
2025-08-01 09:51:22 AM,708.85,25,17721.25,113445372.04999997
2025-08-01 09:51:30 AM,708.6,0,0.0,113445372.04999997
2025-08-01 09:51:31 AM,708.6,674,477596.4,113922968.44999997
2025-08-01 09:51:32 AM,708.45,0,0.0,113922968.44999997
2025-08-01 09:51:32 AM,708.45,442,313134.9,114236103.34999998
2025-08-01 09:51:41 AM,708.3,171,121119.29999999999,114357222.64999998
2025-08-01 09:51:56 AM,708.45,17,12043.650000000001,114369266.29999998
2025-08-01 09:52:06 AM,708.45,11,7792.950000000001,114377059.24999999
2025-08-01 09:52:14 AM,708.75,68,48195.0,114425254.24999999
2025-08-01 09:52:15 AM,708.75,95,67331.25,114492585.49999999
2025-08-01 09:52:15 AM,708.65,0,0.0,114492585.49999999
2025-08-01 09:52:16 AM,708.65,200,141730.0,114634315.49999999
2025-08-01 09:52:20 AM,708.5,5,3542.5,114637857.99999999
2025-08-01 09:52:25 AM,709.0,0,0.0,114637857.99999999
2025-08-01 09:52:26 AM,709.0,170,120530.0,114758387.99999999
2025-08-01 09:52:40 AM,709.0,16,11344.0,114769731.99999999
2025-08-01 09:52:41 AM,709.1,153,108492.3,114878224.29999998
2025-08-01 09:52:44 AM,709.1,174,123383.40000000001,115001607.69999999
2025-08-01 09:52:49 AM,709.0,1,709.0,115002316.69999999
2025-08-01 09:52:50 AM,709.05,300,212715.0,115215031.69999999
2025-08-01 09:52:54 AM,709.45,155,109964.75,115324996.44999999
2025-08-01 09:53:09 AM,709.4,0,0.0,115324996.44999999
2025-08-01 09:53:10 AM,709.4,166,117760.4,115442756.85
2025-08-01 09:53:10 AM,709.4,313,222042.19999999998,115664799.05
2025-08-01 09:53:14 AM,708.85,0,0.0,115664799.05
2025-08-01 09:53:15 AM,708.85,1548,1097299.8,116762098.85
2025-08-01 09:53:19 AM,708.25,0,0.0,116762098.85
2025-08-01 09:53:20 AM,708.25,840,594930.0,117357028.85
2025-08-01 09:53:26 AM,708.65,26,18424.899999999998,117375453.75
2025-08-01 09:53:36 AM,708.45,0,0.0,117375453.75
2025-08-01 09:53:36 AM,708.45,1,708.45,117376162.2
2025-08-01 09:53:48 AM,708.45,5,3542.25,117379704.45
2025-08-01 09:53:50 AM,708.6,18,12754.800000000001,117392459.25
2025-08-01 09:53:59 AM,708.75,0,0.0,117392459.25
2025-08-01 09:54:00 AM,708.75,169,119778.75,117512238.0
2025-08-01 09:54:06 AM,708.4,0,0.0,117512238.0
2025-08-01 09:54:06 AM,708.4,1000,708400.0,118220638.0
2025-08-01 09:54:16 AM,708.45,1,708.45,118221346.45
2025-08-01 09:54:21 AM,708.45,300,212535.0,118433881.45
2025-08-01 09:54:22 AM,708.45,3,2125.3500000000004,118436006.8
2025-08-01 09:54:23 AM,708.45,496,351391.2,118787398.0
2025-08-01 09:54:43 AM,708.1,1000,708100.0,119495498.0
2025-08-01 09:55:01 AM,708.25,0,0.0,119495498.0
2025-08-01 09:55:02 AM,708.25,1,708.25,119496206.25
2025-08-01 09:55:09 AM,708.25,96,67992.0,119564198.25
2025-08-01 09:55:27 AM,708.45,54,38256.3,119602454.55
2025-08-01 09:55:33 AM,708.65,160,113384.0,119715838.55
2025-08-01 09:55:34 AM,708.45,20,14169.0,119730007.55
2025-08-01 09:55:37 AM,708.5,10,7085.0,119737092.55
2025-08-01 09:55:40 AM,708.5,14,9919.0,119747011.55
2025-08-01 09:55:46 AM,708.6,1,708.6,119747720.14999999
2025-08-01 09:55:53 AM,708.6,165,116919.0,119864639.14999999
2025-08-01 09:55:54 AM,708.6,30,21258.0,119885897.14999999
2025-08-01 09:55:58 AM,708.5,488,345748.0,120231645.14999999
2025-08-01 09:55:59 AM,708.6,0,0.0,120231645.14999999
2025-08-01 09:55:59 AM,708.6,215,152349.0,120383994.14999999
2025-08-01 09:56:04 AM,708.45,0,0.0,120383994.14999999
2025-08-01 09:56:04 AM,708.45,232,164360.40000000002,120548354.55
2025-08-01 09:56:05 AM,708.45,10,7084.5,120555439.05
2025-08-01 09:56:26 AM,708.6,4,2834.4,120558273.45
2025-08-01 09:56:32 AM,708.6,1,708.6,120558982.05
2025-08-01 09:56:34 AM,708.6,25,17715.0,120576697.05
2025-08-01 09:56:40 AM,708.45,0,0.0,120576697.05
2025-08-01 09:56:40 AM,708.6,691,489642.60000000003,121066339.64999999
2025-08-01 09:56:48 AM,708.25,1,708.25,121067047.89999999
2025-08-01 09:56:56 AM,708.1,50,35405.0,121102452.89999999
2025-08-01 09:57:16 AM,708.4,1,708.4,121103161.3
2025-08-01 09:57:40 AM,708.65,0,0.0,121103161.3
2025-08-01 09:57:40 AM,708.65,170,120470.5,121223631.8
2025-08-01 09:57:51 AM,708.65,9,6377.849999999999,121230009.64999999
2025-08-01 09:57:52 AM,708.8,0,0.0,121230009.64999999
2025-08-01 09:57:52 AM,708.8,219,155227.19999999998,121385236.85
2025-08-01 09:57:53 AM,708.6,18,12754.800000000001,121397991.64999999
2025-08-01 09:57:54 AM,708.6,161,114084.6,121512076.24999999
2025-08-01 09:58:02 AM,708.45,0,0.0,121512076.24999999
2025-08-01 09:58:02 AM,708.45,186,131771.7,121643847.94999999
2025-08-01 09:58:03 AM,708.1,0,0.0,121643847.94999999
2025-08-01 09:58:03 AM,708.1,653,462389.3,122106237.24999999
2025-08-01 09:58:07 AM,708.1,1,708.1,122106945.34999998
2025-08-01 09:58:09 AM,708.1,49,34696.9,122141642.24999999
2025-08-01 09:58:12 AM,708.1,73,51691.3,122193333.54999998
2025-08-01 09:58:13 AM,708.0,356,252048.0,122445381.54999998
2025-08-01 09:58:16 AM,708.1,5,3540.5,122448922.04999998
2025-08-01 09:58:22 AM,707.9,0,0.0,122448922.04999998
2025-08-01 09:58:22 AM,707.9,179,126714.09999999999,122575636.14999998
2025-08-01 09:58:38 AM,707.0,2000,1414000.0,123989636.14999998
2025-08-01 09:58:47 AM,707.45,0,0.0,123989636.14999998
2025-08-01 09:58:47 AM,707.45,1,707.45,123990343.59999998
2025-08-01 09:58:52 AM,707.65,0,0.0,123990343.59999998
2025-08-01 09:58:52 AM,707.65,38,26890.7,124017234.29999998
2025-08-01 09:58:59 AM,707.55,30,21226.5,124038460.79999998
2025-08-01 09:59:05 AM,707.45,552,390512.4,124428973.19999999
2025-08-01 09:59:09 AM,707.5,0,0.0,124428973.19999999
2025-08-01 09:59:09 AM,707.5,70,49525.0,124478498.19999999
2025-08-01 09:59:26 AM,707.8,2347,1661206.5999999999,126139704.79999998
2025-08-01 09:59:27 AM,707.7,0,0.0,126139704.79999998
2025-08-01 09:59:27 AM,707.7,10,7077.0,126146781.79999998
2025-08-01 09:59:37 AM,707.45,0,0.0,126146781.79999998
2025-08-01 09:59:37 AM,707.45,1,707.45,126147489.24999999
2025-08-01 09:59:39 AM,707.45,7,4952.150000000001,126152441.39999999
2025-08-01 09:59:42 AM,707.5,0,0.0,126152441.39999999
2025-08-01 09:59:42 AM,707.5,500,353750.0,126506191.39999999
2025-08-01 09:59:45 AM,707.55,8,5660.4,126511851.8
2025-08-01 09:59:54 AM,707.55,40,28302.0,126540153.8
2025-08-01 10:00:02 AM,707.55,1,707.55,126540861.35
2025-08-01 10:00:08 AM,707.55,652,461322.6,127002183.94999999
2025-08-01 10:00:11 AM,707.5,1,707.5,127002891.44999999
2025-08-01 10:00:20 AM,707.3,1253,886246.8999999999,127889138.35
2025-08-01 10:00:21 AM,707.0,1,707.0,127889845.35
2025-08-01 10:00:25 AM,707.1,5,3535.5,127893380.85
2025-08-01 10:00:31 AM,706.8,0,0.0,127893380.85
2025-08-01 10:00:31 AM,706.7,85,60069.50000000001,127953450.35
2025-08-01 10:00:32 AM,706.65,0,0.0,127953450.35
2025-08-01 10:00:32 AM,706.65,141,99637.65,128053088.0
2025-08-01 10:00:34 AM,706.25,1000,706250.0,128759338.0
2025-08-01 10:00:36 AM,706.45,20,14129.0,128773467.0
2025-08-01 10:00:47 AM,706.05,0,0.0,128773467.0
2025-08-01 10:00:47 AM,706.05,21,14827.05,128788294.05
2025-08-01 10:00:50 AM,706.4,0,0.0,128788294.05
2025-08-01 10:00:50 AM,706.4,1,706.4,128789000.45
2025-08-01 10:00:55 AM,706.05,100,70605.0,128859605.45
2025-08-01 10:01:02 AM,706.35,1,706.35,128860311.8
2025-08-01 10:01:08 AM,707.0,48,33936.0,128894247.8
2025-08-01 10:01:33 AM,707.7,320,226464.0,129120711.8
2025-08-01 10:01:35 AM,707.9,0,0.0,129120711.8
2025-08-01 10:01:35 AM,707.9,249,176267.1,129296978.89999999
2025-08-01 10:01:45 AM,708.0,49,34692.0,129331670.89999999
2025-08-01 10:01:47 AM,707.95,10,7079.5,129338750.39999999
2025-08-01 10:01:52 AM,707.8,0,0.0,129338750.39999999
2025-08-01 10:01:52 AM,707.8,180,127403.99999999999,129466154.39999999
2025-08-01 10:01:53 AM,707.8,7,4954.599999999999,129471108.99999999
2025-08-01 10:01:56 AM,707.9,0,0.0,129471108.99999999
2025-08-01 10:01:58 AM,707.9,174,123174.59999999999,129594283.59999998
2025-08-01 10:02:05 AM,707.85,363,256949.55000000002,129851233.14999998
2025-08-01 10:02:06 AM,708.0,415,293820.0,130145053.14999998
2025-08-01 10:02:08 AM,708.1,5,3540.5,130148593.64999998
2025-08-01 10:02:17 AM,707.8,233,164917.4,130313511.04999998
2025-08-01 10:02:22 AM,708.1,300,212430.0,130525941.04999998
2025-08-01 10:02:23 AM,708.5,0,0.0,130525941.04999998
2025-08-01 10:02:23 AM,708.5,25,17712.5,130543653.54999998
2025-08-01 10:02:24 AM,708.25,50,35412.5,130579066.04999998
2025-08-01 10:02:27 AM,708.5,9,6376.5,130585442.54999998
2025-08-01 10:02:31 AM,708.45,1,708.45,130586150.99999999
2025-08-01 10:02:32 AM,708.4,72,51004.799999999996,130637155.79999998
2025-08-01 10:02:43 AM,708.4,61,43212.4,130680368.19999999
2025-08-01 10:02:45 AM,708.6,10,7086.0,130687454.19999999
2025-08-01 10:02:52 AM,708.55,153,108408.15,130795862.35
2025-08-01 10:02:55 AM,708.4,796,563886.4,131359748.75
2025-08-01 10:03:00 AM,708.4,35,24794.0,131384542.75
2025-08-01 10:03:04 AM,708.25,88,62326.0,131446868.75
2025-08-01 10:03:05 AM,708.0,0,0.0,131446868.75
2025-08-01 10:03:05 AM,708.0,156,110448.0,131557316.75
2025-08-01 10:03:16 AM,708.05,25,17701.25,131575018.0
2025-08-01 10:03:17 AM,708.05,1,708.05,131575726.05
2025-08-01 10:03:25 AM,708.1,0,0.0,131575726.05
2025-08-01 10:03:25 AM,708.1,15,10621.5,131586347.55
2025-08-01 10:03:36 AM,708.5,0,0.0,131586347.55
2025-08-01 10:03:36 AM,708.5,150,106275.0,131692622.55
2025-08-01 10:03:51 AM,708.55,10,7085.5,131699708.05
2025-08-01 10:04:01 AM,708.45,361,255750.45,131955458.5
2025-08-01 10:04:02 AM,708.45,51,36130.950000000004,131991589.45
2025-08-01 10:04:14 AM,708.45,5,3542.25,131995131.7
2025-08-01 10:04:28 AM,708.85,0,0.0,131995131.7
2025-08-01 10:04:28 AM,708.85,76,53872.6,132049004.3
2025-08-01 10:04:31 AM,708.75,0,0.0,132049004.3
2025-08-01 10:04:31 AM,708.75,101,71583.75,132120588.05
2025-08-01 10:04:36 AM,709.0,1,709.0,132121297.05
2025-08-01 10:04:39 AM,708.95,132,93581.40000000001,132214878.45
2025-08-01 10:04:41 AM,709.1,40,28364.0,132243242.45
2025-08-01 10:04:45 AM,708.95,606,429623.7,132672866.15
2025-08-01 10:04:52 AM,708.85,0,0.0,132672866.15
2025-08-01 10:04:52 AM,708.85,1,708.85,132673575.0
2025-08-01 10:04:53 AM,708.6,394,279188.4,132952763.4
2025-08-01 10:05:02 AM,708.5,550,389675.0,133342438.4
2025-08-01 10:05:13 AM,708.5,62,43927.0,133386365.4
2025-08-01 10:05:21 AM,708.45,364,257875.80000000002,133644241.2
2025-08-01 10:05:27 AM,708.65,0,0.0,133644241.2
2025-08-01 10:05:27 AM,708.65,5,3543.25,133647784.45
2025-08-01 10:05:37 AM,708.65,21,14881.65,133662666.10000001
2025-08-01 10:06:04 AM,708.75,0,0.0,133662666.10000001
2025-08-01 10:06:04 AM,708.75,196,138915.0,133801581.10000001
2025-08-01 10:06:07 AM,708.8,25,17720.0,133819301.10000001
2025-08-01 10:06:08 AM,708.35,0,0.0,133819301.10000001
2025-08-01 10:06:10 AM,708.35,500,354175.0,134173476.10000001
2025-08-01 10:06:15 AM,708.6,0,0.0,134173476.10000001
2025-08-01 10:06:16 AM,708.6,175,124005.0,134297481.10000002
2025-08-01 10:06:21 AM,708.25,1,708.25,134298189.35000002
2025-08-01 10:06:25 AM,708.25,10,7082.5,134305271.85000002
2025-08-01 10:06:27 AM,708.15,0,0.0,134305271.85000002
2025-08-01 10:06:27 AM,708.15,273,193324.94999999998,134498596.8
2025-08-01 10:06:37 AM,708.0,30,21240.0,134519836.8
2025-08-01 10:06:55 AM,708.0,300,212400.0,134732236.8
2025-08-01 10:07:01 AM,708.0,1,708.0,134732944.8
2025-08-01 10:07:03 AM,708.0,36,25488.0,134758432.8
2025-08-01 10:07:08 AM,708.0,1,708.0,134759140.8
2025-08-01 10:07:20 AM,708.25,1200,849900.0,135609040.8
2025-08-01 10:07:22 AM,708.1,0,0.0,135609040.8
2025-08-01 10:07:22 AM,708.1,10,7081.0,135616121.8
2025-08-01 10:07:34 AM,708.4,38,26919.2,135643041.0
2025-08-01 10:07:39 AM,708.4,62,43920.799999999996,135686961.8
2025-08-01 10:07:51 AM,708.4,167,118302.8,135805264.60000002
2025-08-01 10:07:53 AM,708.2,476,337103.2,136142367.8
2025-08-01 10:08:03 AM,708.25,0,0.0,136142367.8
2025-08-01 10:08:03 AM,708.25,50,35412.5,136177780.3
2025-08-01 10:08:21 AM,708.65,0,0.0,136177780.3
2025-08-01 10:08:22 AM,708.65,2346,1662492.9,137840273.20000002
2025-08-01 10:08:24 AM,708.6,0,0.0,137840273.20000002
2025-08-01 10:08:24 AM,708.6,550,389730.0,138230003.20000002
2025-08-01 10:08:30 AM,708.35,0,0.0,138230003.20000002
2025-08-01 10:08:30 AM,708.35,107,75793.45,138305796.65
2025-08-01 10:08:34 AM,708.35,1,708.35,138306505.0
2025-08-01 10:08:48 AM,708.4,0,0.0,138306505.0
2025-08-01 10:08:48 AM,708.4,383,271317.2,138577822.2
2025-08-01 10:08:52 AM,708.4,536,379702.39999999997,138957524.6
2025-08-01 10:08:53 AM,708.4,156,110510.4,139068035.0
2025-08-01 10:08:57 AM,708.55,0,0.0,139068035.0
2025-08-01 10:08:58 AM,708.55,1,708.55,139068743.55
2025-08-01 10:09:21 AM,708.1,1,708.1,139069451.65
2025-08-01 10:09:23 AM,708.5,0,0.0,139069451.65
2025-08-01 10:09:23 AM,708.5,2,1417.0,139070868.65
2025-08-01 10:09:34 AM,708.1,0,0.0,139070868.65
2025-08-01 10:09:34 AM,708.1,415,293861.5,139364730.15
2025-08-01 10:09:35 AM,708.1,172,121793.2,139486523.35
2025-08-01 10:09:37 AM,708.0,0,0.0,139486523.35
2025-08-01 10:09:37 AM,708.0,120,84960.0,139571483.35
2025-08-01 10:09:38 AM,707.8,50,35390.0,139606873.35
2025-08-01 10:09:50 AM,708.15,0,0.0,139606873.35
2025-08-01 10:09:50 AM,708.15,1,708.15,139607581.5
2025-08-01 10:10:07 AM,707.85,0,0.0,139607581.5
2025-08-01 10:10:07 AM,707.85,1,707.85,139608289.35
2025-08-01 10:10:25 AM,707.8,0,0.0,139608289.35
2025-08-01 10:10:25 AM,707.8,901,637727.7999999999,140246017.15
2025-08-01 10:10:27 AM,707.6,0,0.0,140246017.15
2025-08-01 10:10:27 AM,707.6,3,2122.8,140248139.95000002
2025-08-01 10:10:32 AM,707.4,0,0.0,140248139.95000002
2025-08-01 10:10:32 AM,707.4,8,5659.2,140253799.15
2025-08-01 10:10:47 AM,707.4,1,707.4,140254506.55
2025-08-01 10:10:48 AM,707.9,0,0.0,140254506.55
2025-08-01 10:10:48 AM,707.9,68,48137.2,140302643.75
2025-08-01 10:10:49 AM,709.35,0,0.0,140302643.75
2025-08-01 10:10:49 AM,709.35,1345,954075.75,141256719.5
2025-08-01 10:10:50 AM,709.65,94,66707.09999999999,141323426.6
2025-08-01 10:10:52 AM,710.05,0,0.0,141323426.6
2025-08-01 10:10:52 AM,710.05,621,440941.05,141764367.65
2025-08-01 10:11:03 AM,709.8,0,0.0,141764367.65
2025-08-01 10:11:03 AM,709.8,25,17745.0,141782112.65
2025-08-01 10:11:27 AM,710.05,0,0.0,141782112.65
2025-08-01 10:11:27 AM,710.05,71,50413.549999999996,141832526.20000002
2025-08-01 10:11:31 AM,710.05,1,710.05,141833236.25000003
2025-08-01 10:11:33 AM,710.25,15,10653.75,141843890.00000003
2025-08-01 10:11:42 AM,710.05,1,710.05,141844600.05000004
2025-08-01 10:11:44 AM,710.25,0,0.0,141844600.05000004
2025-08-01 10:11:44 AM,710.25,154,109378.5,141953978.55000004
2025-08-01 10:11:49 AM,710.0,0,0.0,141953978.55000004
2025-08-01 10:11:49 AM,710.1,796,565239.6,142519218.15000004
2025-08-01 10:11:50 AM,710.1,27,19172.7,142538390.85000002
2025-08-01 10:12:01 AM,710.1,36,25563.600000000002,142563954.45000002
2025-08-01 10:12:02 AM,710.2,89,63207.8,142627162.25000003
2025-08-01 10:12:22 AM,710.1,0,0.0,142627162.25000003
2025-08-01 10:12:22 AM,710.1,1,710.1,142627872.35000002
2025-08-01 10:12:23 AM,710.15,72,51130.799999999996,142679003.15000004
2025-08-01 10:12:28 AM,710.2,655,465181.00000000006,143144184.15000004
2025-08-01 10:12:29 AM,710.3,6,4261.799999999999,143148445.95000005
2025-08-01 10:12:33 AM,710.35,4,2841.4,143151287.35000005
2025-08-01 10:12:34 AM,710.25,50,35512.5,143186799.85000005
2025-08-01 10:12:44 AM,710.6,65,46189.0,143232988.85000005
2025-08-01 10:13:02 AM,710.85,0,0.0,143232988.85000005
2025-08-01 10:13:02 AM,710.85,19,13506.15,143246495.00000006
2025-08-01 10:13:03 AM,710.85,68,48337.8,143294832.80000007
2025-08-01 10:13:03 AM,710.85,18,12795.300000000001,143307628.10000008
2025-08-01 10:13:19 AM,710.85,100,71085.0,143378713.10000008
2025-08-01 10:13:27 AM,710.85,36,25590.600000000002,143404303.70000008
2025-08-01 10:13:40 AM,711.0,0,0.0,143404303.70000008
2025-08-01 10:13:40 AM,711.0,352,250272.0,143654575.70000008
2025-08-01 10:13:46 AM,711.0,29,20619.0,143675194.70000008
2025-08-01 10:13:47 AM,711.1,72,51199.200000000004,143726393.90000007
2025-08-01 10:13:49 AM,711.0,108,76788.0,143803181.90000007
2025-08-01 10:13:51 AM,711.1,0,0.0,143803181.90000007
2025-08-01 10:13:51 AM,711.1,74,52621.4,143855803.30000007
2025-08-01 10:13:52 AM,711.1,92,65421.200000000004,143921224.50000006
2025-08-01 10:13:53 AM,711.0,0,0.0,143921224.50000006
2025-08-01 10:13:53 AM,711.0,42,29862.0,143951086.50000006
2025-08-01 10:14:06 AM,711.1,33,23466.3,143974552.80000007
2025-08-01 10:14:10 AM,711.0,0,0.0,143974552.80000007
2025-08-01 10:14:10 AM,711.0,284,201924.0,144176476.80000007
2025-08-01 10:14:13 AM,711.0,264,187704.0,144364180.80000007
2025-08-01 10:14:14 AM,710.95,0,0.0,144364180.80000007
2025-08-01 10:14:14 AM,711.0,0,0.0,144364180.80000007
2025-08-01 10:14:14 AM,711.0,172,122292.0,144486472.80000007
2025-08-01 10:14:15 AM,711.0,16,11376.0,144497848.80000007
2025-08-01 10:14:16 AM,710.4,1,710.4,144498559.20000008
2025-08-01 10:14:28 AM,710.25,7,4971.75,144503530.95000008
2025-08-01 10:14:31 AM,710.25,2,1420.5,144504951.45000008
2025-08-01 10:15:08 AM,710.5,15,10657.5,144515608.95000008
2025-08-01 10:15:09 AM,710.5,58,41209.0,144556817.95000008
2025-08-01 10:15:12 AM,710.5,185,131442.5,144688260.45000008
2025-08-01 10:15:13 AM,710.5,65,46182.5,144734442.95000008
2025-08-01 10:15:16 AM,710.5,1,710.5,144735153.45000008
2025-08-01 10:15:18 AM,710.5,319,226649.5,144961802.95000008
2025-08-01 10:15:27 AM,710.4,406,288422.39999999997,145250225.35000008
2025-08-01 10:15:30 AM,710.4,502,356620.8,145606846.1500001
2025-08-01 10:16:02 AM,710.35,0,0.0,145606846.1500001
2025-08-01 10:16:02 AM,710.35,1,710.35,145607556.5000001
2025-08-01 10:16:03 AM,710.65,0,0.0,145607556.5000001
2025-08-01 10:16:03 AM,710.35,8,5682.8,145613239.3000001
2025-08-01 10:16:17 AM,710.4,500,355200.0,145968439.3000001
2025-08-01 10:16:22 AM,710.7,14,9949.800000000001,145978389.1000001
2025-08-01 10:16:44 AM,710.7,287,203970.90000000002,146182360.00000012
2025-08-01 10:16:52 AM,710.4,0,0.0,146182360.00000012
2025-08-01 10:16:52 AM,710.4,1,710.4,146183070.40000013
2025-08-01 10:17:02 AM,710.5,176,125048.0,146308118.40000013
2025-08-01 10:17:02 AM,710.65,8,5685.2,146313803.6000001
2025-08-01 10:17:13 AM,710.35,982,697563.7000000001,147011367.3000001
2025-08-01 10:17:27 AM,710.0,0,0.0,147011367.3000001
2025-08-01 10:17:27 AM,710.0,180,127800.0,147139167.3000001
2025-08-01 10:17:31 AM,710.05,1,710.05,147139877.3500001
2025-08-01 10:17:56 AM,710.2,0,0.0,147139877.3500001
2025-08-01 10:17:56 AM,710.1,212,150541.2,147290418.5500001
2025-08-01 10:17:57 AM,710.2,163,115762.6,147406181.1500001
2025-08-01 10:18:04 AM,710.0,0,0.0,147406181.1500001
2025-08-01 10:18:04 AM,710.0,590,418900.0,147825081.1500001
2025-08-01 10:18:22 AM,709.7,0,0.0,147825081.1500001
2025-08-01 10:18:22 AM,709.7,1,709.7,147825790.85000008
2025-08-01 10:18:39 AM,709.9,34,24136.6,147849927.45000008
2025-08-01 10:18:43 AM,709.95,45,31947.750000000004,147881875.20000008
2025-08-01 10:18:56 AM,710.35,283,201029.05000000002,148082904.2500001
2025-08-01 10:19:04 AM,710.35,249,176877.15,148259781.4000001
2025-08-01 10:19:15 AM,710.35,50,35517.5,148295298.9000001
2025-08-01 10:19:31 AM,710.35,20,14207.0,148309505.9000001
2025-08-01 10:19:32 AM,710.7,0,0.0,148309505.9000001
2025-08-01 10:19:32 AM,710.7,1333,947363.1000000001,149256869.0000001
2025-08-01 10:19:35 AM,710.35,0,0.0,149256869.0000001
2025-08-01 10:19:35 AM,710.35,754,535603.9,149792472.9000001
2025-08-01 10:19:37 AM,710.25,0,0.0,149792472.9000001
2025-08-01 10:19:37 AM,710.25,26,18466.5,149810939.4000001
2025-08-01 10:19:39 AM,710.45,0,0.0,149810939.4000001
2025-08-01 10:19:39 AM,710.45,30,21313.5,149832252.9000001
2025-08-01 10:19:51 AM,709.95,1,709.95,149832962.85000008
2025-08-01 10:19:53 AM,710.15,5,3550.75,149836513.60000008
2025-08-01 10:20:11 AM,710.05,166,117868.29999999999,149954381.9000001
2025-08-01 10:20:29 AM,709.95,0,0.0,149954381.9000001
2025-08-01 10:20:29 AM,709.95,628,445848.60000000003,150400230.5000001
2025-08-01 10:20:37 AM,709.65,1,709.65,150400940.1500001
2025-08-01 10:20:42 AM,709.6,0,0.0,150400940.1500001
2025-08-01 10:20:43 AM,709.6,10,7096.0,150408036.1500001
2025-08-01 10:20:48 AM,709.55,0,0.0,150408036.1500001
2025-08-01 10:20:48 AM,709.55,14,9933.699999999999,150417969.85000008
2025-08-01 10:21:06 AM,709.95,3,2129.8500000000004,150420099.70000008
2025-08-01 10:21:23 AM,709.7,1,709.7,150420809.40000007
2025-08-01 10:21:42 AM,709.9,0,0.0,150420809.40000007
2025-08-01 10:21:43 AM,709.8,741,525961.7999999999,150946771.20000008
2025-08-01 10:21:45 AM,709.7,0,0.0,150946771.20000008
2025-08-01 10:21:45 AM,709.7,311,220716.7,151167487.90000007
2025-08-01 10:21:48 AM,709.4,0,0.0,151167487.90000007
2025-08-01 10:21:49 AM,709.4,1,709.4,151168197.30000007
2025-08-01 10:21:51 AM,709.45,0,0.0,151168197.30000007
2025-08-01 10:21:51 AM,709.45,561,398001.45,151566198.75000006
2025-08-01 10:21:54 AM,709.7,0,0.0,151566198.75000006
2025-08-01 10:21:55 AM,709.7,20,14194.0,151580392.75000006
2025-08-01 10:21:57 AM,709.7,9,6387.3,151586780.05000007
2025-08-01 10:22:03 AM,709.65,0,0.0,151586780.05000007
2025-08-01 10:22:06 AM,709.7,0,0.0,151586780.05000007
2025-08-01 10:22:06 AM,709.7,24,17032.800000000003,151603812.85000008
2025-08-01 10:22:24 AM,709.7,6,4258.200000000001,151608071.05000007
2025-08-01 10:22:35 AM,709.75,1,709.75,151608780.80000007
2025-08-01 10:22:46 AM,709.75,15,10646.25,151619427.05000007
2025-08-01 10:22:48 AM,709.75,1,709.75,151620136.80000007
2025-08-01 10:23:06 AM,709.55,0,0.0,151620136.80000007
2025-08-01 10:23:08 AM,709.55,1047,742898.85,152363035.65000007
2025-08-01 10:23:19 AM,709.15,1000,709150.0,153072185.65000007
2025-08-01 10:23:25 AM,708.9,1000,708900.0,153781085.65000007
2025-08-01 10:23:31 AM,709.05,4,2836.2,153783921.85000005
2025-08-01 10:23:34 AM,709.05,1,709.05,153784630.90000007
2025-08-01 10:23:56 AM,709.05,100,70905.0,153855535.90000007
2025-08-01 10:23:58 AM,709.2,0,0.0,153855535.90000007
2025-08-01 10:23:58 AM,709.2,7,4964.400000000001,153860500.30000007
2025-08-01 10:24:03 AM,709.2,550,390060.0,154250560.30000007
2025-08-01 10:24:06 AM,709.3,0,0.0,154250560.30000007
2025-08-01 10:24:06 AM,709.3,39,27662.699999999997,154278223.00000006
2025-08-01 10:24:17 AM,709.45,0,0.0,154278223.00000006
2025-08-01 10:24:17 AM,709.45,1,709.45,154278932.45000005
2025-08-01 10:24:38 AM,709.1,0,0.0,154278932.45000005
2025-08-01 10:24:38 AM,709.1,2000,1418200.0,155697132.45000005
2025-08-01 10:24:40 AM,709.8,2,1419.6,155698552.05000004
2025-08-01 10:24:43 AM,709.8,169,119956.2,155818508.25000003
2025-08-01 10:24:43 AM,709.8,168,119246.4,155937754.65000004
2025-08-01 10:24:53 AM,709.75,21,14904.75,155952659.40000004
2025-08-01 10:25:06 AM,709.45,1,709.45,155953368.85000002
2025-08-01 10:25:33 AM,709.7,151,107164.70000000001,156060533.55
2025-08-01 10:25:47 AM,709.65,1,709.65,156061243.20000002
2025-08-01 10:25:53 AM,709.7,145,102906.5,156164149.70000002
2025-08-01 10:25:57 AM,709.65,334,237023.1,156401172.8
2025-08-01 10:25:57 AM,709.65,324,229926.6,156631099.4
2025-08-01 10:26:04 AM,709.5,0,0.0,156631099.4
2025-08-01 10:26:04 AM,709.5,50,35475.0,156666574.4
2025-08-01 10:26:08 AM,709.5,142,100749.0,156767323.4
2025-08-01 10:26:17 AM,709.5,100,70950.0,156838273.4
2025-08-01 10:26:32 AM,709.5,1,709.5,156838982.9
2025-08-01 10:26:54 AM,709.45,0,0.0,156838982.9
2025-08-01 10:26:54 AM,709.45,326,231280.7,157070263.6
2025-08-01 10:26:57 AM,709.5,70,49665.0,157119928.6
2025-08-01 10:27:21 AM,709.3,0,0.0,157119928.6
2025-08-01 10:27:21 AM,709.3,29,20569.699999999997,157140498.29999998
2025-08-01 10:27:22 AM,709.3,1,709.3,157141207.6
2025-08-01 10:27:22 AM,709.0,647,458723.0,157599930.6
2025-08-01 10:27:24 AM,709.15,0,0.0,157599930.6
2025-08-01 10:27:24 AM,709.15,39,27656.85,157627587.45
2025-08-01 10:28:01 AM,709.15,1,709.15,157628296.6
2025-08-01 10:28:06 AM,709.15,20,14183.0,157642479.6
2025-08-01 10:28:07 AM,709.35,154,109239.90000000001,157751719.5
2025-08-01 10:28:09 AM,709.15,0,0.0,157751719.5
2025-08-01 10:28:09 AM,709.15,144,102117.59999999999,157853837.1
2025-08-01 10:28:13 AM,708.8,362,256585.59999999998,158110422.7
2025-08-01 10:28:29 AM,708.55,0,0.0,158110422.7
2025-08-01 10:28:29 AM,708.55,50,35427.5,158145850.2
2025-08-01 10:28:32 AM,708.55,117,82900.34999999999,158228750.54999998
2025-08-01 10:28:35 AM,708.5,10,7085.0,158235835.54999998
2025-08-01 10:28:51 AM,708.4,1,708.4,158236543.95
2025-08-01 10:29:11 AM,708.5,0,0.0,158236543.95
2025-08-01 10:29:11 AM,708.5,1,708.5,158237252.45
2025-08-01 10:29:13 AM,708.5,6,4251.0,158241503.45
2025-08-01 10:29:16 AM,708.4,31,21960.399999999998,158263463.85
2025-08-01 10:29:31 AM,708.4,1,708.4,158264172.25
2025-08-01 10:29:41 AM,708.4,10,7084.0,158271256.25
2025-08-01 10:29:51 AM,708.5,10,7085.0,158278341.25
2025-08-01 10:30:14 AM,708.5,59,41801.5,158320142.75
2025-08-01 10:30:16 AM,708.75,0,0.0,158320142.75
2025-08-01 10:30:16 AM,708.75,73,51738.75,158371881.5
2025-08-01 10:30:17 AM,708.75,1,708.75,158372590.25
2025-08-01 10:30:32 AM,708.6,0,0.0,158372590.25
2025-08-01 10:30:32 AM,708.6,545,386187.0,158758777.25
2025-08-01 10:30:34 AM,708.7,159,112683.3,158871460.55
2025-08-01 10:30:41 AM,708.3,0,0.0,158871460.55
2025-08-01 10:30:41 AM,708.3,577,408689.1,159280149.65
2025-08-01 10:30:42 AM,708.45,168,119019.6,159399169.25
2025-08-01 10:30:50 AM,708.4,1,708.4,159399877.65
2025-08-01 10:30:56 AM,708.1,0,0.0,159399877.65
2025-08-01 10:30:56 AM,708.1,11,7789.1,159407666.75
2025-08-01 10:31:03 AM,708.0,0,0.0,159407666.75
2025-08-01 10:31:04 AM,708.0,107,75756.0,159483422.75
2025-08-01 10:31:06 AM,707.95,1,707.95,159484130.7
2025-08-01 10:31:09 AM,707.8,0,0.0,159484130.7
2025-08-01 10:31:10 AM,707.8,16,11324.8,159495455.5
2025-08-01 10:31:16 AM,707.7,0,0.0,159495455.5
2025-08-01 10:31:16 AM,707.7,18,12738.6,159508194.1
2025-08-01 10:31:18 AM,707.65,0,0.0,159508194.1
2025-08-01 10:31:18 AM,707.65,128,90579.2,159598773.29999998
2025-08-01 10:31:32 AM,707.65,173,122423.45,159721196.74999997
2025-08-01 10:31:49 AM,707.4,0,0.0,159721196.74999997
2025-08-01 10:31:49 AM,707.4,24,16977.6,159738174.34999996
2025-08-01 10:31:52 AM,707.4,1,707.4,159738881.74999997
2025-08-01 10:32:32 AM,707.4,1,707.4,159739589.14999998
2025-08-01 10:32:40 AM,707.5,40,28300.0,159767889.14999998
2025-08-01 10:32:45 AM,707.5,6,4245.0,159772134.14999998
2025-08-01 10:32:47 AM,707.5,50,35375.0,159807509.14999998
2025-08-01 10:33:06 AM,707.55,0,0.0,159807509.14999998
2025-08-01 10:33:06 AM,707.55,10,7075.5,159814584.64999998
2025-08-01 10:33:12 AM,707.65,0,0.0,159814584.64999998
2025-08-01 10:33:12 AM,707.65,3,2122.95,159816707.59999996
2025-08-01 10:33:20 AM,707.55,3,2122.6499999999996,159818830.24999997
2025-08-01 10:33:23 AM,707.55,544,384907.19999999995,160203737.44999996
2025-08-01 10:33:25 AM,707.65,221,156390.65,160360128.09999996
2025-08-01 10:33:29 AM,707.55,20,14151.0,160374279.09999996
2025-08-01 10:33:34 AM,707.55,71,50236.049999999996,160424515.14999998
2025-08-01 10:33:39 AM,707.55,25,17688.75,160442203.89999998
2025-08-01 10:34:02 AM,707.55,1,707.55,160442911.45
2025-08-01 10:34:25 AM,707.55,497,351652.35,160794563.79999998
2025-08-01 10:34:27 AM,707.4,1,707.4,160795271.2
2025-08-01 10:34:28 AM,707.5,0,0.0,160795271.2
2025-08-01 10:34:30 AM,707.5,251,177582.5,160972853.7
2025-08-01 10:34:42 AM,707.65,101,71472.65,161044326.35
2025-08-01 10:34:52 AM,707.45,0,0.0,161044326.35
2025-08-01 10:34:53 AM,707.45,141,99750.45000000001,161144076.79999998
2025-08-01 10:35:10 AM,707.65,0,0.0,161144076.79999998
2025-08-01 10:35:10 AM,707.65,1,707.65,161144784.45
2025-08-01 10:35:11 AM,707.65,1,707.65,161145492.1
2025-08-01 10:35:12 AM,707.85,0,0.0,161145492.1
2025-08-01 10:35:12 AM,707.85,4738,3353793.3000000003,164499285.4
2025-08-01 10:35:13 AM,707.85,64,45302.4,164544587.8
2025-08-01 10:35:14 AM,708.4,1267,897542.7999999999,165442130.60000002
2025-08-01 10:35:15 AM,709.15,0,0.0,165442130.60000002
2025-08-01 10:35:15 AM,709.15,700,496405.0,165938535.60000002
2025-08-01 10:35:17 AM,709.05,0,0.0,165938535.60000002
2025-08-01 10:35:17 AM,709.05,865,613328.25,166551863.85000002
2025-08-01 10:35:22 AM,709.0,0,0.0,166551863.85000002
2025-08-01 10:35:22 AM,709.0,100,70900.0,166622763.85000002
2025-08-01 10:35:32 AM,708.95,98,69477.1,166692240.95000002
2025-08-01 10:35:38 AM,708.95,145,102797.75,166795038.70000002
2025-08-01 10:35:40 AM,708.9,0,0.0,166795038.70000002
2025-08-01 10:35:41 AM,708.85,509,360804.65,167155843.35000002
2025-08-01 10:35:43 AM,708.9,0,0.0,167155843.35000002
2025-08-01 10:35:43 AM,708.9,178,126184.2,167282027.55
2025-08-01 10:35:46 AM,708.5,0,0.0,167282027.55
2025-08-01 10:35:46 AM,708.5,155,109817.5,167391845.05
2025-08-01 10:35:53 AM,708.5,13,9210.5,167401055.55
2025-08-01 10:36:01 AM,708.25,15,10623.75,167411679.3
2025-08-01 10:36:02 AM,708.6,0,0.0,167411679.3
2025-08-01 10:36:02 AM,708.6,1,708.6,167412387.9
2025-08-01 10:36:12 AM,708.4,0,0.0,167412387.9
2025-08-01 10:36:12 AM,708.4,41,29044.399999999998,167441432.3
2025-08-01 10:36:22 AM,708.2,1,708.2,167442140.5
2025-08-01 10:36:30 AM,708.45,0,0.0,167442140.5
2025-08-01 10:36:30 AM,708.45,65,46049.25,167488189.75
2025-08-01 10:36:35 AM,708.2,15,10623.0,167498812.75
2025-08-01 10:36:46 AM,708.1,5,3540.5,167502353.25
2025-08-01 10:36:47 AM,708.1,90,63729.0,167566082.25
2025-08-01 10:37:02 AM,708.2,1,708.2,167566790.45
2025-08-01 10:37:16 AM,708.25,20,14165.0,167580955.45
2025-08-01 10:37:22 AM,708.5,0,0.0,167580955.45
2025-08-01 10:37:22 AM,708.5,14,9919.0,167590874.45
2025-08-01 10:37:23 AM,708.5,2,1417.0,167592291.45
2025-08-01 10:37:47 AM,708.45,1,708.45,167592999.89999998
2025-08-01 10:37:59 AM,708.65,56,39684.4,167632684.29999998
2025-08-01 10:38:05 AM,708.75,0,0.0,167632684.29999998
2025-08-01 10:38:06 AM,708.75,159,112691.25,167745375.54999998
2025-08-01 10:38:12 AM,708.75,230,163012.5,167908388.04999998
2025-08-01 10:38:34 AM,708.75,25,17718.75,167926106.79999998
2025-08-01 10:38:36 AM,708.45,0,0.0,167926106.79999998
2025-08-01 10:38:37 AM,708.45,379,268502.55,168194609.35
2025-08-01 10:38:42 AM,708.4,0,0.0,168194609.35
2025-08-01 10:38:42 AM,708.4,160,113344.0,168307953.35
2025-08-01 10:38:48 AM,708.35,0,0.0,168307953.35
2025-08-01 10:38:48 AM,708.35,1,708.35,168308661.7
2025-08-01 10:38:59 AM,708.15,30,21244.5,168329906.2
2025-08-01 10:39:21 AM,707.95,97,68671.15000000001,168398577.35
2025-08-01 10:39:22 AM,707.75,1,707.75,168399285.1
2025-08-01 10:39:22 AM,707.95,110,77874.5,168477159.6
2025-08-01 10:39:47 AM,707.65,45,31844.25,168509003.85
2025-08-01 10:40:00 AM,707.05,0,0.0,168509003.85
2025-08-01 10:40:00 AM,707.05,3000,2121150.0,170630153.85
2025-08-01 10:40:01 AM,707.65,0,0.0,170630153.85
2025-08-01 10:40:01 AM,707.95,1719,1216966.05,171847119.9
2025-08-01 10:40:05 AM,707.65,0,0.0,171847119.9
2025-08-01 10:40:05 AM,707.65,313,221494.44999999998,172068614.35
2025-08-01 10:40:05 AM,707.2,81,57283.200000000004,172125897.54999998
2025-08-01 10:40:07 AM,707.3,0,0.0,172125897.54999998
2025-08-01 10:40:07 AM,707.3,1,707.3,172126604.85
2025-08-01 10:40:14 AM,707.15,300,212145.0,172338749.85
2025-08-01 10:40:46 AM,707.5,1,707.5,172339457.35
2025-08-01 10:40:49 AM,707.5,120,84900.0,172424357.35
2025-08-01 10:40:53 AM,707.4,0,0.0,172424357.35
2025-08-01 10:40:53 AM,707.4,50,35370.0,172459727.35
2025-08-01 10:41:01 AM,707.4,29,20514.6,172480241.95
2025-08-01 10:41:05 AM,707.4,4,2829.6,172483071.54999998
2025-08-01 10:41:06 AM,707.4,120,84888.0,172567959.54999998
2025-08-01 10:41:11 AM,707.4,200,141480.0,172709439.54999998
2025-08-01 10:41:13 AM,707.65,20,14153.0,172723592.54999998
2025-08-01 10:41:16 AM,707.5,100,70750.0,172794342.54999998
2025-08-01 10:41:18 AM,707.1,1215,859126.5,173653469.04999998
2025-08-01 10:41:20 AM,707.65,0,0.0,173653469.04999998
2025-08-01 10:41:20 AM,707.65,358,253338.69999999998,173906807.74999997
2025-08-01 10:41:21 AM,707.05,0,0.0,173906807.74999997
2025-08-01 10:41:21 AM,707.05,1000,707050.0,174613857.74999997
2025-08-01 10:41:22 AM,707.45,0,0.0,174613857.74999997
2025-08-01 10:41:22 AM,707.45,220,155639.0,174769496.74999997
2025-08-01 10:41:31 AM,707.5,1,707.5,174770204.24999997
2025-08-01 10:41:32 AM,707.65,0,0.0,174770204.24999997
2025-08-01 10:41:32 AM,707.65,128,90579.2,174860783.44999996
2025-08-01 10:41:40 AM,707.65,9,6368.849999999999,174867152.29999995
2025-08-01 10:41:41 AM,707.6,192,135859.2,175003011.49999994
2025-08-01 10:41:42 AM,707.25,10,7072.5,175010083.99999994
2025-08-01 10:41:59 AM,707.3,45,31828.499999999996,175041912.49999994
2025-08-01 10:42:04 AM,707.6,0,0.0,175041912.49999994
2025-08-01 10:42:04 AM,707.6,100,70760.0,175112672.49999994
2025-08-01 10:42:09 AM,707.6,105,74298.0,175186970.49999994
2025-08-01 10:42:17 AM,707.55,243,171934.65,175358905.14999995
2025-08-01 10:42:18 AM,707.5,0,0.0,175358905.14999995
2025-08-01 10:42:18 AM,707.5,14,9905.0,175368810.14999995
2025-08-01 10:42:19 AM,707.55,0,0.0,175368810.14999995
2025-08-01 10:42:19 AM,707.55,1,707.55,175369517.69999996
2025-08-01 10:42:29 AM,707.6,164,116046.40000000001,175485564.09999996
2025-08-01 10:42:43 AM,707.5,0,0.0,175485564.09999996
2025-08-01 10:42:43 AM,707.5,240,169800.0,175655364.09999996
2025-08-01 10:42:55 AM,707.5,2,1415.0,175656779.09999996
2025-08-01 10:42:56 AM,707.5,50,35375.0,175692154.09999996
2025-08-01 10:43:02 AM,707.5,1,707.5,175692861.59999996
2025-08-01 10:43:16 AM,707.5,208,147160.0,175840021.59999996
2025-08-01 10:43:16 AM,707.5,41,29007.5,175869029.09999996
2025-08-01 10:43:22 AM,707.4,0,0.0,175869029.09999996
2025-08-01 10:43:23 AM,707.4,211,149261.4,176018290.49999997
2025-08-01 10:43:23 AM,707.05,0,0.0,176018290.49999997
2025-08-01 10:43:23 AM,707.05,16,11312.8,176029603.29999998
2025-08-01 10:43:46 AM,707.15,1,707.15,176030310.45
2025-08-01 10:43:48 AM,707.3,0,0.0,176030310.45
2025-08-01 10:43:48 AM,707.3,15,10609.5,176040919.95
2025-08-01 10:43:53 AM,707.3,57,40316.1,176081236.04999998
2025-08-01 10:44:09 AM,707.4,90,63666.0,176144902.04999998
2025-08-01 10:44:31 AM,707.4,32,22636.8,176167538.85
2025-08-01 10:44:32 AM,707.4,1,707.4,176168246.25
2025-08-01 10:44:39 AM,706.55,0,0.0,176168246.25
2025-08-01 10:44:40 AM,706.55,2302,1626478.0999999999,177794724.35
2025-08-01 10:44:42 AM,707.35,908,642273.8,178436998.15
2025-08-01 10:44:42 AM,706.9,14,9896.6,178446894.75
2025-08-01 10:44:43 AM,707.25,15,10608.75,178457503.5
2025-08-01 10:44:44 AM,707.3,0,0.0,178457503.5
2025-08-01 10:44:44 AM,707.3,343,242603.9,178700107.4
2025-08-01 10:44:49 AM,707.65,509,360193.85,179060301.25
2025-08-01 10:44:50 AM,707.8,42,29727.6,179090028.85
2025-08-01 10:44:51 AM,708.0,0,0.0,179090028.85
2025-08-01 10:44:52 AM,708.0,215,152220.0,179242248.85
2025-08-01 10:44:59 AM,708.65,1639,1161477.3499999999,180403726.2
2025-08-01 10:45:01 AM,709.05,825,584966.25,180988692.45
2025-08-01 10:45:10 AM,708.95,124,87909.8,181076602.25
2025-08-01 10:45:17 AM,708.9,0,0.0,181076602.25
2025-08-01 10:45:17 AM,709.0,0,0.0,181076602.25
2025-08-01 10:45:17 AM,709.0,251,177959.0,181254561.25
2025-08-01 10:45:23 AM,709.05,0,0.0,181254561.25
2025-08-01 10:45:23 AM,709.05,100,70905.0,181325466.25
2025-08-01 10:45:24 AM,709.05,1,709.05,181326175.3
2025-08-01 10:45:33 AM,709.35,34,24117.9,181350293.20000002
2025-08-01 10:45:38 AM,709.15,0,0.0,181350293.20000002
2025-08-01 10:45:38 AM,709.15,50,35457.5,181385750.70000002
2025-08-01 10:45:45 AM,709.3,32,22697.6,181408448.3
2025-08-01 10:45:46 AM,709.3,16,11348.8,181419797.10000002
2025-08-01 10:45:50 AM,709.35,0,0.0,181419797.10000002
2025-08-01 10:45:50 AM,709.35,16,11349.6,181431146.70000002
2025-08-01 10:45:51 AM,709.35,16,11349.6,181442496.3
2025-08-01 10:45:52 AM,709.4,0,0.0,181442496.3
2025-08-01 10:45:52 AM,709.4,18,12769.199999999999,181455265.5
2025-08-01 10:46:02 AM,709.4,1,709.4,181455974.9
2025-08-01 10:46:02 AM,709.2,379,268786.8,181724761.70000002
2025-08-01 10:46:07 AM,709.2,47,33332.4,181758094.10000002
2025-08-01 10:46:08 AM,708.85,0,0.0,181758094.10000002
2025-08-01 10:46:08 AM,708.85,397,281413.45,182039507.55
2025-08-01 10:46:12 AM,708.55,0,0.0,182039507.55
2025-08-01 10:46:12 AM,708.55,102,72272.09999999999,182111779.65
2025-08-01 10:46:16 AM,708.55,67,47472.85,182159252.5
2025-08-01 10:46:19 AM,708.55,6,4251.299999999999,182163503.8
2025-08-01 10:46:30 AM,708.55,75,53141.25,182216645.05
2025-08-01 10:46:46 AM,708.25,0,0.0,182216645.05
2025-08-01 10:46:46 AM,708.25,49,34704.25,182251349.3
2025-08-01 10:46:47 AM,708.25,1,708.25,182252057.55
2025-08-01 10:46:59 AM,708.25,148,104821.0,182356878.55
2025-08-01 10:47:13 AM,708.75,1,708.75,182357587.3
2025-08-01 10:47:26 AM,708.25,250,177062.5,182534649.8
2025-08-01 10:47:28 AM,708.7,100,70870.0,182605519.8
2025-08-01 10:47:37 AM,708.45,1,708.45,182606228.25
2025-08-01 10:47:39 AM,708.75,0,0.0,182606228.25
2025-08-01 10:47:39 AM,708.75,90,63787.5,182670015.75
2025-08-01 10:47:42 AM,708.75,148,104895.0,182774910.75
2025-08-01 10:47:52 AM,709.05,1278,906165.8999999999,183681076.65
2025-08-01 10:47:53 AM,709.75,525,372618.75,184053695.4
2025-08-01 10:47:55 AM,709.35,0,0.0,184053695.4
2025-08-01 10:47:55 AM,709.35,1,709.35,184054404.75
2025-08-01 10:47:59 AM,709.3,233,165266.9,184219671.65
2025-08-01 10:48:04 AM,709.2,0,0.0,184219671.65
2025-08-01 10:48:05 AM,709.2,180,127656.00000000001,184347327.65
2025-08-01 10:48:07 AM,709.35,0,0.0,184347327.65
2025-08-01 10:48:07 AM,709.35,100,70935.0,184418262.65
2025-08-01 10:48:22 AM,709.05,0,0.0,184418262.65
2025-08-01 10:48:23 AM,709.05,1,709.05,184418971.70000002
2025-08-01 10:48:43 AM,709.05,558,395649.89999999997,184814621.60000002
2025-08-01 10:48:45 AM,708.95,0,0.0,184814621.60000002
2025-08-01 10:48:45 AM,708.95,8,5671.6,184820293.20000002
2025-08-01 10:49:05 AM,708.95,1,708.95,184821002.15
2025-08-01 10:49:15 AM,708.9,0,0.0,184821002.15
2025-08-01 10:49:16 AM,708.95,0,0.0,184821002.15
2025-08-01 10:49:16 AM,708.95,153,108469.35,184929471.5
2025-08-01 10:49:47 AM,708.9,0,0.0,184929471.5
2025-08-01 10:49:48 AM,708.95,0,0.0,184929471.5
2025-08-01 10:49:48 AM,708.95,61,43245.950000000004,184972717.45
2025-08-01 10:49:53 AM,708.75,50,35437.5,185008154.95
2025-08-01 10:50:10 AM,708.75,2,1417.5,185009572.45
2025-08-01 10:50:12 AM,709.1,0,0.0,185009572.45
2025-08-01 10:50:15 AM,709.1,1,709.1,185010281.54999998
2025-08-01 10:50:38 AM,709.1,18,12763.800000000001,185023045.35
2025-08-01 10:50:50 AM,709.05,152,107775.59999999999,185130820.95
2025-08-01 10:50:51 AM,709.1,0,0.0,185130820.95
2025-08-01 10:50:55 AM,709.1,171,121256.1,185252077.04999998
2025-08-01 10:51:09 AM,708.85,0,0.0,185252077.04999998
2025-08-01 10:51:12 AM,708.85,557,394829.45,185646906.49999997
2025-08-01 10:51:18 AM,708.85,153,108454.05,185755360.54999998
2025-08-01 10:51:22 AM,708.75,0,0.0,185755360.54999998
2025-08-01 10:51:23 AM,708.75,1,708.75,185756069.29999998
2025-08-01 10:51:32 AM,709.05,0,0.0,185756069.29999998
2025-08-01 10:51:34 AM,709.05,73,51760.649999999994,185807829.95
2025-08-01 10:51:52 AM,708.7,0,0.0,185807829.95
2025-08-01 10:51:56 AM,708.7,41,29056.7,185836886.64999998
2025-08-01 10:52:02 AM,708.65,0,0.0,185836886.64999998
2025-08-01 10:52:04 AM,708.6,0,0.0,185836886.64999998
2025-08-01 10:52:06 AM,708.6,51,36138.6,185873025.24999997
2025-08-01 10:52:14 AM,708.5,0,0.0,185873025.24999997
2025-08-01 10:52:17 AM,708.5,129,91396.5,185964421.74999997
2025-08-01 10:52:18 AM,708.9,0,0.0,185964421.74999997
2025-08-01 10:52:18 AM,708.9,30,21267.0,185985688.74999997
2025-08-01 10:52:52 AM,708.55,0,0.0,185985688.74999997
2025-08-01 10:52:55 AM,708.55,1,708.55,185986397.29999998
2025-08-01 10:53:02 AM,709.0,0,0.0,185986397.29999998
2025-08-01 10:53:05 AM,709.0,43,30487.0,186016884.29999998
2025-08-01 10:53:18 AM,708.95,0,0.0,186016884.29999998
2025-08-01 10:53:21 AM,708.95,7,4962.650000000001,186021846.95
2025-08-01 10:53:32 AM,709.05,0,0.0,186021846.95
2025-08-01 10:53:32 AM,709.05,1,709.05,186022556.0
2025-08-01 10:53:38 AM,709.15,0,0.0,186022556.0
2025-08-01 10:53:42 AM,709.15,36,25529.399999999998,186048085.4
2025-08-01 10:53:56 AM,709.3,0,0.0,186048085.4
2025-08-01 10:53:58 AM,709.35,0,0.0,186048085.4
2025-08-01 10:53:58 AM,709.35,90,63841.5,186111926.9
2025-08-01 10:54:03 AM,709.35,231,163859.85,186275786.75
2025-08-01 10:54:04 AM,709.45,194,137633.30000000002,186413420.05
2025-08-01 10:54:06 AM,709.35,68,48235.8,186461655.85000002
2025-08-01 10:54:07 AM,709.35,164,116333.40000000001,186577989.25000003
2025-08-01 10:54:17 AM,709.35,39,27664.65,186605653.90000004
2025-08-01 10:54:24 AM,709.15,0,0.0,186605653.90000004
2025-08-01 10:54:24 AM,709.15,50,35457.5,186641111.40000004
2025-08-01 10:54:37 AM,709.15,4,2836.6,186643948.00000003
2025-08-01 10:55:01 AM,709.15,25,17728.75,186661676.75000003
2025-08-01 10:55:02 AM,709.2,0,0.0,186661676.75000003
2025-08-01 10:55:02 AM,709.2,1,709.2,186662385.95000002
2025-08-01 10:55:23 AM,709.0,478,338902.0,187001287.95000002
2025-08-01 10:55:51 AM,708.7,1,708.7,187001996.65
2025-08-01 10:56:05 AM,709.0,126,89334.0,187091330.65
2025-08-01 10:56:25 AM,709.2,46,32623.2,187123953.85
2025-08-01 10:56:32 AM,709.15,1,709.15,187124663.0
2025-08-01 10:56:44 AM,709.4,1,709.4,187125372.4
2025-08-01 10:56:55 AM,709.4,45,31923.0,187157295.4
2025-08-01 10:57:15 AM,709.65,39,27676.35,187184971.75
2025-08-01 10:57:17 AM,709.65,1,709.65,187185681.4
2025-08-01 10:57:21 AM,709.45,375,266043.75,187451725.15
2025-08-01 10:57:51 AM,709.55,0,0.0,187451725.15
2025-08-01 10:57:51 AM,709.55,100,70955.0,187522680.15
2025-08-01 10:58:02 AM,709.7,1,709.7,187523389.85
2025-08-01 10:58:04 AM,709.85,14,9937.9,187533327.75
2025-08-01 10:58:15 AM,709.85,25,17746.25,187551074.0
2025-08-01 10:58:23 AM,709.7,0,0.0,187551074.0
2025-08-01 10:58:24 AM,709.65,334,237023.1,187788097.1
2025-08-01 10:58:45 AM,709.5,0,0.0,187788097.1
2025-08-01 10:58:45 AM,709.5,71,50374.5,187838471.6
2025-08-01 10:58:46 AM,709.5,1,709.5,187839181.1
2025-08-01 10:58:47 AM,709.9,5,3549.5,187842730.6
2025-08-01 10:59:16 AM,709.9,70,49693.0,187892423.6
2025-08-01 10:59:17 AM,709.95,175,124241.25000000001,188016664.85
2025-08-01 10:59:19 AM,709.65,0,0.0,188016664.85
2025-08-01 10:59:20 AM,709.65,36,25547.399999999998,188042212.25
2025-08-01 10:59:32 AM,709.7,0,0.0,188042212.25
2025-08-01 10:59:32 AM,709.7,1,709.7,188042921.95
2025-08-01 10:59:36 AM,709.7,98,69550.6,188112472.54999998
2025-08-01 10:59:37 AM,709.75,0,0.0,188112472.54999998
2025-08-01 10:59:37 AM,709.75,173,122786.75,188235259.29999998
2025-08-01 10:59:53 AM,709.65,0,0.0,188235259.29999998
2025-08-01 10:59:53 AM,709.65,5,3548.25,188238807.54999998
2025-08-01 10:59:59 AM,709.8,0,0.0,188238807.54999998
2025-08-01 10:59:59 AM,709.8,1,709.8,188239517.35
2025-08-01 11:00:02 AM,709.8,1,709.8,188240227.15
2025-08-01 11:00:17 AM,709.75,0,0.0,188240227.15
2025-08-01 11:00:17 AM,709.75,152,107882.0,188348109.15
2025-08-01 11:00:18 AM,709.75,142,100784.5,188448893.65
2025-08-01 11:00:24 AM,709.65,0,0.0,188448893.65
2025-08-01 11:00:24 AM,709.65,27,19160.55,188468054.20000002
2025-08-01 11:00:25 AM,709.65,1,709.65,188468763.85000002
2025-08-01 11:00:28 AM,709.65,34,24128.1,188492891.95000002
2025-08-01 11:00:42 AM,709.65,186,131994.9,188624886.85000002
2025-08-01 11:00:46 AM,709.5,50,35475.0,188660361.85000002
2025-08-01 11:00:51 AM,709.5,311,220654.5,188881016.35000002
2025-08-01 11:00:54 AM,709.5,15,10642.5,188891658.85000002
2025-08-01 11:01:01 AM,709.5,1,709.5,188892368.35000002
2025-08-01 11:01:08 AM,710.5,0,0.0,188892368.35000002
2025-08-01 11:01:08 AM,710.5,4630,3289615.0,192181983.35000002
2025-08-01 11:01:10 AM,710.55,0,0.0,192181983.35000002
2025-08-01 11:01:10 AM,710.55,358,254376.9,192436360.25000003
2025-08-01 11:01:10 AM,710.95,1541,1095573.9500000002,193531934.20000002
2025-08-01 11:01:16 AM,710.95,1718,1221412.1,194753346.3
2025-08-01 11:01:17 AM,710.9,0,0.0,194753346.3
2025-08-01 11:01:17 AM,710.9,869,617772.1,195371118.4
2025-08-01 11:01:20 AM,710.3,0,0.0,195371118.4
2025-08-01 11:01:20 AM,710.3,24,17047.199999999997,195388165.6
2025-08-01 11:01:48 AM,710.25,0,0.0,195388165.6
2025-08-01 11:01:48 AM,710.25,1,710.25,195388875.85
2025-08-01 11:02:02 AM,710.75,0,0.0,195388875.85
2025-08-01 11:02:02 AM,710.75,500,355375.0,195744250.85
2025-08-01 11:02:03 AM,710.4,0,0.0,195744250.85
2025-08-01 11:02:03 AM,710.4,50,35520.0,195779770.85
2025-08-01 11:02:05 AM,710.65,817,580601.0499999999,196360371.9
2025-08-01 11:02:06 AM,710.6,96,68217.6,196428589.5
2025-08-01 11:02:24 AM,710.65,0,0.0,196428589.5
2025-08-01 11:02:24 AM,710.65,150,106597.5,196535187.0
2025-08-01 11:02:31 AM,710.65,1,710.65,196535897.65
2025-08-01 11:02:34 AM,710.65,244,173398.6,196709296.25
2025-08-01 11:02:35 AM,710.5,355,252227.5,196961523.75
2025-08-01 11:02:44 AM,710.55,1,710.55,196962234.3
2025-08-01 11:02:58 AM,710.3,38,26991.399999999998,196989225.70000002
2025-08-01 11:03:17 AM,710.25,0,0.0,196989225.70000002
2025-08-01 11:03:17 AM,710.25,1,710.25,196989935.95000002
2025-08-01 11:03:29 AM,710.25,12,8523.0,196998458.95000002
2025-08-01 11:03:36 AM,710.25,15,10653.75,197009112.70000002
2025-08-01 11:03:56 AM,710.5,102,72471.0,197081583.70000002
2025-08-01 11:04:02 AM,710.45,1,710.45,197082294.15
2025-08-01 11:04:05 AM,710.45,50,35522.5,197117816.65
2025-08-01 11:04:25 AM,710.6,6,4263.6,197122080.25
2025-08-01 11:04:48 AM,710.65,1,710.65,197122790.9
2025-08-01 11:04:53 AM,710.9,57,40521.299999999996,197163312.20000002
2025-08-01 11:05:10 AM,711.0,0,0.0,197163312.20000002
2025-08-01 11:05:13 AM,711.0,141,100251.0,197263563.20000002
2025-08-01 11:05:14 AM,711.0,13,9243.0,197272806.20000002
2025-08-01 11:05:20 AM,711.0,100,71100.0,197343906.20000002
2025-08-01 11:05:22 AM,711.15,0,0.0,197343906.20000002
2025-08-01 11:05:24 AM,711.15,36,25601.399999999998,197369507.60000002
2025-08-01 11:05:29 AM,711.15,18,12800.699999999999,197382308.3
2025-08-01 11:05:34 AM,711.1,0,0.0,197382308.3
2025-08-01 11:05:34 AM,711.1,1,711.1,197383019.4
2025-08-01 11:05:40 AM,710.9,699,496919.1,197879938.5
2025-08-01 11:05:46 AM,710.65,0,0.0,197879938.5
2025-08-01 11:05:47 AM,710.65,294,208931.1,198088869.6
2025-08-01 11:05:50 AM,710.3,0,0.0,198088869.6
2025-08-01 11:05:51 AM,710.3,6,4261.799999999999,198093131.4
2025-08-01 11:06:17 AM,710.3,1,710.3,198093841.70000002
2025-08-01 11:06:18 AM,710.3,1,710.3,198094552.00000003
2025-08-01 11:06:27 AM,710.35,0,0.0,198094552.00000003
2025-08-01 11:06:27 AM,710.35,5,3551.75,198098103.75000003
2025-08-01 11:06:40 AM,710.5,6,4263.0,198102366.75000003
2025-08-01 11:06:46 AM,710.5,250,177625.0,198279991.75000003
2025-08-01 11:07:02 AM,710.75,47,33405.25,198313397.00000003
2025-08-01 11:07:03 AM,710.75,17,12082.75,198325479.75000003
2025-08-01 11:07:10 AM,710.85,107,76060.95,198401540.70000002
2025-08-01 11:07:13 AM,710.8,0,0.0,198401540.70000002
2025-08-01 11:07:13 AM,710.8,10,7108.0,198408648.70000002
2025-08-01 11:07:25 AM,711.0,1,711.0,198409359.70000002
2025-08-01 11:07:26 AM,711.1,0,0.0,198409359.70000002
2025-08-01 11:07:26 AM,711.1,169,120175.90000000001,198529535.60000002
2025-08-01 11:07:27 AM,711.2,0,0.0,198529535.60000002
2025-08-01 11:07:27 AM,711.2,16,11379.2,198540914.8
2025-08-01 11:07:29 AM,711.3,12,8535.599999999999,198549450.4
2025-08-01 11:07:36 AM,711.25,0,0.0,198549450.4
2025-08-01 11:07:36 AM,711.25,68,48365.0,198597815.4
2025-08-01 11:07:38 AM,711.3,167,118787.09999999999,198716602.5
2025-08-01 11:07:52 AM,711.0,1,711.0,198717313.5
2025-08-01 11:07:52 AM,711.15,0,0.0,198717313.5
2025-08-01 11:07:53 AM,711.15,169,120184.34999999999,198837497.85
2025-08-01 11:07:57 AM,711.0,75,53325.0,198890822.85
2025-08-01 11:08:08 AM,711.0,27,19197.0,198910019.85
2025-08-01 11:08:20 AM,711.3,0,0.0,198910019.85
2025-08-01 11:08:21 AM,711.3,252,179247.59999999998,199089267.45
2025-08-01 11:08:23 AM,711.15,204,145074.6,199234342.04999998
2025-08-01 11:08:24 AM,711.1,291,206930.1,199441272.14999998
2025-08-01 11:08:25 AM,711.2,178,126593.6,199567865.74999997
2025-08-01 11:08:37 AM,711.0,1,711.0,199568576.74999997
2025-08-01 11:08:47 AM,710.8,0,0.0,199568576.74999997
2025-08-01 11:08:47 AM,710.8,545,387386.0,199955962.74999997
2025-08-01 11:08:48 AM,711.0,173,123003.0,200078965.74999997
2025-08-01 11:08:58 AM,710.5,482,342461.0,200421426.74999997
2025-08-01 11:09:22 AM,710.3,1,710.3,200422137.04999998
2025-08-01 11:09:22 AM,710.3,148,105124.4,200527261.45
2025-08-01 11:09:24 AM,710.3,102,72450.59999999999,200599712.04999998
2025-08-01 11:09:28 AM,710.45,0,0.0,200599712.04999998
2025-08-01 11:09:28 AM,710.45,1,710.45,200600422.49999997
2025-08-01 11:09:29 AM,710.7,10,7107.0,200607529.49999997
2025-08-01 11:09:39 AM,710.4,223,158419.19999999998,200765948.69999996
2025-08-01 11:09:39 AM,710.5,136,96628.0,200862576.69999996
2025-08-01 11:09:40 AM,710.5,90,63945.0,200926521.69999996
2025-08-01 11:09:48 AM,710.95,15,10664.25,200937185.94999996
2025-08-01 11:10:00 AM,710.95,10,7109.5,200944295.44999996
2025-08-01 11:10:03 AM,710.95,13,9242.35,200953537.79999995
2025-08-01 11:10:36 AM,710.95,113,80337.35,201033875.14999995
2025-08-01 11:10:38 AM,711.15,0,0.0,201033875.14999995
2025-08-01 11:10:38 AM,711.15,56,39824.4,201073699.54999995
2025-08-01 11:10:45 AM,710.9,255,181279.5,201254979.04999995
2025-08-01 11:10:46 AM,710.65,0,0.0,201254979.04999995
2025-08-01 11:10:46 AM,710.65,154,109440.09999999999,201364419.14999995
2025-08-01 11:10:52 AM,710.7,25,17767.5,201382186.64999995
2025-08-01 11:10:58 AM,711.05,5,3555.25,201385741.89999995
2025-08-01 11:11:37 AM,710.5,0,0.0,201385741.89999995
2025-08-01 11:11:37 AM,710.5,1,710.5,201386452.39999995
2025-08-01 11:12:11 AM,710.65,16,11370.4,201397822.79999995
2025-08-01 11:12:17 AM,710.65,1,710.65,201398533.44999996
2025-08-01 11:12:18 AM,710.65,20,14213.0,201412746.44999996
2025-08-01 11:12:27 AM,710.75,1,710.75,201413457.19999996
2025-08-01 11:12:29 AM,710.75,252,179109.0,201592566.19999996
2025-08-01 11:13:02 AM,710.9,0,0.0,201592566.19999996
2025-08-01 11:13:05 AM,710.9,268,190521.19999999998,201783087.39999995
2025-08-01 11:13:06 AM,710.75,71,50463.25,201833550.64999995
2025-08-01 11:13:08 AM,710.9,0,0.0,201833550.64999995
2025-08-01 11:13:11 AM,710.9,173,122985.7,201956536.34999993
2025-08-01 11:13:15 AM,710.75,0,0.0,201956536.34999993
2025-08-01 11:13:16 AM,710.75,8,5686.0,201962222.34999993
2025-08-01 11:13:26 AM,710.9,0,0.0,201962222.34999993
2025-08-01 11:13:27 AM,710.9,19,13507.1,201975729.44999993
2025-08-01 11:13:45 AM,710.25,0,0.0,201975729.44999993
2025-08-01 11:13:45 AM,710.25,1780,1264245.0,203239974.44999993
2025-08-01 11:13:47 AM,710.55,0,0.0,203239974.44999993
2025-08-01 11:13:49 AM,710.55,832,591177.6,203831152.04999992
2025-08-01 11:13:49 AM,710.35,0,0.0,203831152.04999992
2025-08-01 11:13:50 AM,710.35,500,355175.0,204186327.04999992
2025-08-01 11:13:55 AM,710.55,0,0.0,204186327.04999992
2025-08-01 11:13:56 AM,710.55,22,15632.099999999999,204201959.14999992
2025-08-01 11:13:59 AM,710.7,0,0.0,204201959.14999992
2025-08-01 11:14:00 AM,710.7,5,3553.5,204205512.64999992
2025-08-01 11:14:10 AM,710.9,0,0.0,204205512.64999992
2025-08-01 11:14:10 AM,710.9,3,2132.7,204207645.3499999
2025-08-01 11:14:19 AM,710.9,3,2132.7,204209778.0499999
2025-08-01 11:14:24 AM,710.9,4,2843.6,204212621.6499999
2025-08-01 11:14:27 AM,710.9,191,135781.9,204348403.5499999
2025-08-01 11:14:28 AM,710.9,3,2132.7,204350536.24999988
2025-08-01 11:14:30 AM,711.7,5891,4192624.7,208543160.94999987
2025-08-01 11:14:31 AM,711.75,0,0.0,208543160.94999987
2025-08-01 11:14:32 AM,711.75,2996,2132403.0,210675563.94999987
2025-08-01 11:14:32 AM,711.7,48,34161.600000000006,210709725.54999986
2025-08-01 11:14:37 AM,710.8,0,0.0,210709725.54999986
2025-08-01 11:14:37 AM,710.8,543,385964.39999999997,211095689.94999987
2025-08-01 11:14:42 AM,711.15,0,0.0,211095689.94999987
2025-08-01 11:14:43 AM,711.15,76,54047.4,211149737.34999987
2025-08-01 11:14:46 AM,711.55,2,1423.1,211151160.44999987
2025-08-01 11:14:50 AM,711.6,0,0.0,211151160.44999987
2025-08-01 11:14:50 AM,711.6,1,711.6,211151872.04999986
2025-08-01 11:14:55 AM,711.6,4,2846.4,211154718.44999987
2025-08-01 11:14:57 AM,711.6,12,8539.2,211163257.64999986
2025-08-01 11:14:58 AM,711.2,0,0.0,211163257.64999986
2025-08-01 11:14:58 AM,711.2,61,43383.200000000004,211206640.84999985
2025-08-01 11:15:02 AM,711.35,1,711.35,211207352.19999984
2025-08-01 11:15:03 AM,711.25,190,135137.5,211342489.69999984
2025-08-01 11:15:04 AM,711.25,2,1422.5,211343912.19999984
2025-08-01 11:15:05 AM,710.75,0,0.0,211343912.19999984
2025-08-01 11:15:05 AM,710.75,1054,749130.5,212093042.69999984
2025-08-01 11:15:06 AM,711.15,46,32712.899999999998,212125755.59999985
2025-08-01 11:15:07 AM,711.2,0,0.0,212125755.59999985
2025-08-01 11:15:07 AM,711.2,4,2844.8,212128600.39999986
