date,price,qty,trnvr,cum_trnvr
2025-08-01 09:15:00 AM,186.95,96,17947.199999999997,17947.199999999997
2025-08-01 09:15:26 AM,184.86,0,0.0,17947.199999999997
2025-08-01 09:15:30 AM,184.86,500,92430.0,110377.2
2025-08-01 09:15:51 AM,187.0,0,0.0,110377.2
2025-08-01 09:15:55 AM,187.0,2265,423555.0,533932.2
2025-08-01 09:15:57 AM,186.37,1,186.37,534118.57
2025-08-01 09:16:02 AM,184.96,0,0.0,534118.57
2025-08-01 09:16:03 AM,184.96,124,22935.04,557053.61
2025-08-01 09:16:08 AM,184.8,0,0.0,557053.61
2025-08-01 09:16:11 AM,184.8,897,165765.6,722819.21
2025-08-01 09:16:37 AM,184.73,416,76847.68,799666.8899999999
2025-08-01 09:16:44 AM,184.6,68,12552.8,812219.69
2025-08-01 09:16:52 AM,184.81,113,20883.53,833103.22
2025-08-01 09:16:56 AM,184.9,0,0.0,833103.22
2025-08-01 09:17:01 AM,185.07,134,24799.379999999997,857902.6
2025-08-01 09:17:09 AM,184.75,68,12563.0,870465.6
2025-08-01 09:17:17 AM,184.9,9,1664.1000000000001,872129.7
2025-08-01 09:17:25 AM,184.97,34,6288.98,878418.6799999999
2025-08-01 09:17:39 AM,185.23,0,0.0,878418.6799999999
2025-08-01 09:17:42 AM,185.23,1,185.23,878603.9099999999
2025-08-01 09:18:10 AM,185.42,0,0.0,878603.9099999999
2025-08-01 09:18:15 AM,185.42,100,18542.0,897145.9099999999
2025-08-01 09:18:18 AM,185.43,0,0.0,897145.9099999999
2025-08-01 09:18:23 AM,185.43,5,927.1500000000001,898073.0599999999
2025-08-01 09:18:48 AM,185.43,339,62860.770000000004,960933.83
2025-08-01 09:18:49 AM,185.53,385,71429.05,1032362.88
2025-08-01 09:19:07 AM,185.79,0,0.0,1032362.88
2025-08-01 09:19:12 AM,185.79,300,55737.0,1088099.88
2025-08-01 09:19:21 AM,185.86,0,0.0,1088099.88
2025-08-01 09:19:22 AM,185.86,101,18771.86,1106871.74
2025-08-01 09:19:28 AM,185.83,201,37351.83,1144223.57
2025-08-01 09:19:38 AM,186.1,50,9305.0,1153528.57
2025-08-01 09:19:52 AM,185.87,0,0.0,1153528.57
2025-08-01 09:19:52 AM,185.87,67,12453.29,1165981.86
2025-08-01 09:20:02 AM,185.51,3401,630919.51,1796901.37
2025-08-01 09:20:07 AM,185.38,0,0.0,1796901.37
2025-08-01 09:20:08 AM,185.38,67,12420.46,1809321.83
2025-08-01 09:20:21 AM,185.64,0,0.0,1809321.83
2025-08-01 09:20:24 AM,185.64,10,1856.3999999999999,1811178.23
2025-08-01 09:21:03 AM,185.72,34,6314.48,1817492.71
2025-08-01 09:21:34 AM,185.87,0,0.0,1817492.71
2025-08-01 09:21:35 AM,185.87,651,121001.37000000001,1938494.08
2025-08-01 09:22:28 AM,186.08,0,0.0,1938494.08
2025-08-01 09:22:29 AM,186.08,200,37216.0,1975710.08
2025-08-01 09:22:43 AM,186.07,9,1674.6299999999999,1977384.71
2025-08-01 09:23:14 AM,186.07,501,93221.06999999999,2070605.78
2025-08-01 09:23:21 AM,185.82,258,47941.56,2118547.34
2025-08-01 09:23:55 AM,185.8,0,0.0,2118547.34
2025-08-01 09:23:59 AM,185.8,5,929.0,2119476.34
2025-08-01 09:24:24 AM,185.77,1,185.77,2119662.11
2025-08-01 09:24:52 AM,185.29,275,50954.75,2170616.86
2025-08-01 09:25:09 AM,185.08,1141,211176.28000000003,2381793.1399999997
2025-08-01 09:25:25 AM,185.37,0,0.0,2381793.1399999997
2025-08-01 09:25:30 AM,185.37,259,48010.83,2429803.9699999997
2025-08-01 09:26:17 AM,185.25,705,130601.25,2560405.2199999997
2025-08-01 09:26:25 AM,185.25,295,54648.75,2615053.9699999997
2025-08-01 09:26:53 AM,185.57,0,0.0,2615053.9699999997
2025-08-01 09:26:53 AM,185.57,141,26165.37,2641219.34
2025-08-01 09:28:07 AM,185.53,0,0.0,2641219.34
2025-08-01 09:28:09 AM,185.53,153,28386.09,2669605.4299999997
2025-08-01 09:28:14 AM,185.49,0,0.0,2669605.4299999997
2025-08-01 09:28:17 AM,185.49,50,9274.5,2678879.9299999997
2025-08-01 09:28:36 AM,185.53,0,0.0,2678879.9299999997
2025-08-01 09:28:39 AM,185.53,5,927.65,2679807.5799999996
2025-08-01 09:29:33 AM,185.54,15,2783.1,2682590.6799999997
2025-08-01 09:29:51 AM,185.63,0,0.0,2682590.6799999997
2025-08-01 09:29:55 AM,185.63,357,66269.91,2748860.59
2025-08-01 09:30:22 AM,185.52,0,0.0,2748860.59
2025-08-01 09:30:25 AM,185.52,84,15583.68,2764444.27
2025-08-01 09:30:40 AM,185.63,1,185.63,2764629.9
2025-08-01 09:30:53 AM,185.65,0,0.0,2764629.9
2025-08-01 09:30:55 AM,185.65,32,5940.8,2770570.6999999997
2025-08-01 09:30:56 AM,185.88,0,0.0,2770570.6999999997
2025-08-01 09:31:02 AM,185.88,494,91824.72,2862395.42
2025-08-01 09:31:07 AM,185.87,0,0.0,2862395.42
2025-08-01 09:31:09 AM,185.87,100,18587.0,2880982.42
2025-08-01 09:31:17 AM,185.87,100,18587.0,2899569.42
2025-08-01 09:31:23 AM,186.0,0,0.0,2899569.42
2025-08-01 09:31:24 AM,186.0,1114,207204.0,3106773.42
2025-08-01 09:31:31 AM,186.1,0,0.0,3106773.42
2025-08-01 09:31:32 AM,186.1,66,12282.6,3119056.02
2025-08-01 09:31:38 AM,186.12,108,20100.96,3139156.98
2025-08-01 09:32:21 AM,186.37,0,0.0,3139156.98
2025-08-01 09:32:21 AM,186.37,60,11182.2,3150339.18
2025-08-01 09:32:39 AM,186.25,0,0.0,3150339.18
2025-08-01 09:32:41 AM,186.37,640,119276.8,3269615.98
2025-08-01 09:32:51 AM,186.19,0,0.0,3269615.98
2025-08-01 09:32:55 AM,186.19,20,3723.8,3273339.78
2025-08-01 09:33:02 AM,186.45,81,15102.449999999999,3288442.23
2025-08-01 09:33:58 AM,186.71,2,373.42,3288815.65
2025-08-01 09:34:09 AM,186.79,0,0.0,3288815.65
2025-08-01 09:34:12 AM,186.79,1,186.79,3289002.44
2025-08-01 09:34:19 AM,186.9,0,0.0,3289002.44
2025-08-01 09:34:26 AM,186.9,961,179610.9,3468613.34
2025-08-01 09:34:37 AM,186.81,0,0.0,3468613.34
2025-08-01 09:34:40 AM,186.81,8,1494.48,3470107.82
2025-08-01 09:34:42 AM,186.91,0,0.0,3470107.82
2025-08-01 09:34:44 AM,186.94,0,0.0,3470107.82
2025-08-01 09:34:46 AM,186.94,5,934.7,3471042.52
2025-08-01 09:35:07 AM,187.18,2363,442306.34,3913348.86
2025-08-01 09:35:29 AM,187.0,806,150722.0,4064070.86
2025-08-01 09:35:34 AM,187.05,0,0.0,4064070.86
2025-08-01 09:35:35 AM,187.05,20,3741.0,4067811.86
2025-08-01 09:36:07 AM,187.0,0,0.0,4067811.86
2025-08-01 09:36:09 AM,187.0,25,4675.0,4072486.86
2025-08-01 09:37:13 AM,186.77,0,0.0,4072486.86
2025-08-01 09:37:16 AM,186.77,26,4856.02,4077342.88
2025-08-01 09:38:02 AM,186.56,0,0.0,4077342.88
2025-08-01 09:38:03 AM,186.56,40,7462.4,4084805.28
2025-08-01 09:38:17 AM,186.56,1,186.56,4084991.84
2025-08-01 09:39:19 AM,186.71,0,0.0,4084991.84
2025-08-01 09:39:24 AM,186.45,255,47544.75,4132536.59
2025-08-01 09:39:32 AM,186.63,0,0.0,4132536.59
2025-08-01 09:39:37 AM,186.97,0,0.0,4132536.59
2025-08-01 09:39:37 AM,186.97,3060,572128.2,4704664.79
2025-08-01 09:40:30 AM,186.69,111,20722.59,4725387.38
2025-08-01 09:40:30 AM,186.79,20,3735.7999999999997,4729123.18
2025-08-01 09:40:36 AM,186.79,20,3735.7999999999997,4732858.9799999995
2025-08-01 09:40:52 AM,186.58,0,0.0,4732858.9799999995
2025-08-01 09:40:56 AM,186.58,310,57839.8,4790698.779999999
2025-08-01 09:41:30 AM,186.92,51,9532.92,4800231.699999999
2025-08-01 09:43:14 AM,186.73,0,0.0,4800231.699999999
2025-08-01 09:43:14 AM,186.73,500,93365.0,4893596.699999999
2025-08-01 09:44:06 AM,186.7,0,0.0,4893596.699999999
2025-08-01 09:44:06 AM,186.7,255,47608.5,4941205.199999999
2025-08-01 09:45:05 AM,186.52,1,186.52,4941391.719999999
2025-08-01 09:46:04 AM,185.99,0,0.0,4941391.719999999
2025-08-01 09:46:04 AM,185.99,322,59888.780000000006,5001280.499999999
2025-08-01 09:46:23 AM,185.97,0,0.0,5001280.499999999
2025-08-01 09:46:23 AM,185.97,50,9298.5,5010578.999999999
2025-08-01 09:46:31 AM,185.74,0,0.0,5010578.999999999
2025-08-01 09:46:31 AM,185.74,1,185.74,5010764.739999999
2025-08-01 09:47:34 AM,185.74,2,371.48,5011136.22
2025-08-01 09:48:46 AM,185.9,0,0.0,5011136.22
2025-08-01 09:48:46 AM,185.9,50,9295.0,5020431.22
2025-08-01 09:50:46 AM,185.9,60,11154.0,5031585.22
2025-08-01 09:51:09 AM,185.9,105,19519.5,5051104.72
2025-08-01 09:51:53 AM,185.99,0,0.0,5051104.72
2025-08-01 09:51:53 AM,185.99,162,30130.38,5081235.1
2025-08-01 09:53:16 AM,185.98,0,0.0,5081235.1
2025-08-01 09:53:19 AM,185.98,20,3719.6,5084954.699999999
2025-08-01 09:54:14 AM,186.0,0,0.0,5084954.699999999
2025-08-01 09:54:14 AM,186.0,10,1860.0,5086814.699999999
2025-08-01 09:54:23 AM,185.9,0,0.0,5086814.699999999
2025-08-01 09:54:27 AM,185.9,210,39039.0,5125853.699999999
2025-08-01 09:54:57 AM,186.0,0,0.0,5125853.699999999
2025-08-01 09:54:57 AM,186.0,10,1860.0,5127713.699999999
2025-08-01 09:55:14 AM,186.0,10,1860.0,5129573.699999999
2025-08-01 09:55:32 AM,186.0,10,1860.0,5131433.699999999
2025-08-01 09:56:15 AM,186.0,63,11718.0,5143151.699999999
2025-08-01 09:56:33 AM,186.0,157,29202.0,5172353.699999999
2025-08-01 09:58:08 AM,185.87,564,104830.68000000001,5277184.379999999
2025-08-01 09:58:17 AM,186.04,0,0.0,5277184.379999999
2025-08-01 09:58:17 AM,186.04,54,10046.16,5287230.539999999
2025-08-01 09:58:47 AM,185.91,20,3718.2,5290948.739999999
2025-08-01 09:58:56 AM,185.9,28,5205.2,5296153.9399999995
2025-08-01 09:59:02 AM,186.16,750,139620.0,5435773.9399999995
2025-08-01 10:01:47 AM,186.0,0,0.0,5435773.9399999995
2025-08-01 10:01:49 AM,186.0,300,55800.0,5491573.9399999995
2025-08-01 10:01:54 AM,186.26,0,0.0,5491573.9399999995
2025-08-01 10:01:55 AM,186.26,10,1862.6,5493436.539999999
2025-08-01 10:02:13 AM,186.39,0,0.0,5493436.539999999
2025-08-01 10:02:14 AM,186.39,500,93195.0,5586631.539999999
2025-08-01 10:02:22 AM,186.08,0,0.0,5586631.539999999
2025-08-01 10:02:22 AM,186.08,1,186.08,5586817.619999999
2025-08-01 10:02:26 AM,186.08,200,37216.0,5624033.619999999
2025-08-01 10:02:57 AM,185.91,0,0.0,5624033.619999999
2025-08-01 10:02:58 AM,185.91,311,57818.01,5681851.629999999
2025-08-01 10:03:11 AM,185.91,20,3718.2,5685569.829999999
2025-08-01 10:03:17 AM,185.77,0,0.0,5685569.829999999
2025-08-01 10:03:17 AM,185.77,361,67062.97,5752632.799999999
2025-08-01 10:06:03 AM,185.63,0,0.0,5752632.799999999
2025-08-01 10:06:05 AM,185.63,34,6311.42,5758944.219999999
2025-08-01 10:06:36 AM,185.62,0,0.0,5758944.219999999
2025-08-01 10:06:36 AM,185.62,16,2969.92,5761914.139999999
2025-08-01 10:06:48 AM,185.76,10,1857.6,5763771.739999998
2025-08-01 10:06:59 AM,185.61,256,47516.16,5811287.8999999985
2025-08-01 10:07:30 AM,185.61,18,3340.9800000000005,5814628.879999999
2025-08-01 10:07:48 AM,185.61,4,742.44,5815371.319999999
2025-08-01 10:07:56 AM,185.61,26,4825.860000000001,5820197.18
2025-08-01 10:08:08 AM,185.73,1,185.73,5820382.91
2025-08-01 10:08:24 AM,185.62,0,0.0,5820382.91
2025-08-01 10:08:25 AM,185.62,17,3155.54,5823538.45
2025-08-01 10:08:27 AM,185.84,0,0.0,5823538.45
2025-08-01 10:08:27 AM,185.84,77,14309.68,5837848.13
2025-08-01 10:09:20 AM,185.92,0,0.0,5837848.13
2025-08-01 10:09:21 AM,185.92,2,371.84,5838219.97
2025-08-01 10:11:22 AM,186.0,10,1860.0,5840079.97
2025-08-01 10:14:00 AM,185.86,1,185.86,5840265.83
2025-08-01 10:14:57 AM,186.0,0,0.0,5840265.83
2025-08-01 10:14:57 AM,186.0,140,26040.0,5866305.83
2025-08-01 10:15:27 AM,186.0,7,1302.0,5867607.83
2025-08-01 10:16:20 AM,186.0,50,9300.0,5876907.83
2025-08-01 10:16:32 AM,186.0,10,1860.0,5878767.83
2025-08-01 10:16:59 AM,185.9,0,0.0,5878767.83
2025-08-01 10:17:00 AM,185.9,244,45359.6,5924127.43
2025-08-01 10:17:29 AM,185.9,85,15801.5,5939928.93
2025-08-01 10:17:40 AM,185.9,250,46475.0,5986403.93
2025-08-01 10:17:56 AM,185.89,0,0.0,5986403.93
2025-08-01 10:17:58 AM,185.89,20,3717.7999999999997,5990121.7299999995
2025-08-01 10:18:19 AM,185.9,0,0.0,5990121.7299999995
2025-08-01 10:18:21 AM,185.9,10,1859.0,5991980.7299999995
2025-08-01 10:18:31 AM,185.84,0,0.0,5991980.7299999995
2025-08-01 10:18:33 AM,185.84,330,61327.200000000004,6053307.93
2025-08-01 10:18:55 AM,185.84,1,185.84,6053493.77
2025-08-01 10:19:06 AM,185.85,0,0.0,6053493.77
2025-08-01 10:19:07 AM,185.85,312,57985.2,6111478.97
2025-08-01 10:19:09 AM,185.94,0,0.0,6111478.97
2025-08-01 10:19:13 AM,185.94,314,58385.159999999996,6169864.13
2025-08-01 10:20:51 AM,186.15,0,0.0,6169864.13
2025-08-01 10:20:51 AM,186.15,794,147803.1,6317667.2299999995
2025-08-01 10:21:19 AM,186.15,382,71109.3,6388776.529999999
2025-08-01 10:21:32 AM,186.15,118,21965.7,6410742.2299999995
2025-08-01 10:22:05 AM,186.21,0,0.0,6410742.2299999995
2025-08-01 10:22:05 AM,186.21,536,99808.56,6510550.789999999
2025-08-01 10:22:11 AM,186.21,464,86401.44,6596952.2299999995
2025-08-01 10:22:20 AM,186.46,0,0.0,6596952.2299999995
2025-08-01 10:22:21 AM,186.44,1002,186812.88,6783765.109999999
2025-08-01 10:23:17 AM,186.44,50,9322.0,6793087.109999999
2025-08-01 10:24:18 AM,186.45,10,1864.5,6794951.609999999
2025-08-01 10:25:56 AM,186.59,0,0.0,6794951.609999999
2025-08-01 10:25:56 AM,186.59,718,133971.62,6928923.2299999995
2025-08-01 10:26:05 AM,186.88,0,0.0,6928923.2299999995
2025-08-01 10:26:07 AM,186.88,322,60175.36,6989098.59
2025-08-01 10:26:56 AM,186.82,1,186.82,6989285.41
2025-08-01 10:27:17 AM,186.89,0,0.0,6989285.41
2025-08-01 10:27:19 AM,186.89,30,5606.7,6994892.11
2025-08-01 10:29:30 AM,187.0,0,0.0,6994892.11
2025-08-01 10:29:30 AM,187.0,561,104907.0,7099799.11
2025-08-01 10:29:34 AM,186.99,0,0.0,7099799.11
2025-08-01 10:29:36 AM,186.99,10,1869.9,7101669.010000001
2025-08-01 10:30:19 AM,186.99,20,3739.8,7105408.8100000005
2025-08-01 10:30:55 AM,186.82,151,28209.82,7133618.630000001
2025-08-01 10:30:58 AM,187.0,2000,374000.0,7507618.630000001
2025-08-01 10:31:07 AM,186.97,12,2243.64,7509862.2700000005
2025-08-01 10:32:05 AM,186.95,25,4673.75,7514536.0200000005
2025-08-01 10:32:19 AM,186.7,450,84015.0,7598551.0200000005
2025-08-01 10:32:35 AM,186.89,0,0.0,7598551.0200000005
2025-08-01 10:32:35 AM,186.89,7,1308.23,7599859.250000001
2025-08-01 10:34:22 AM,186.89,10,1868.8999999999999,7601728.150000001
2025-08-01 10:34:58 AM,186.79,0,0.0,7601728.150000001
2025-08-01 10:34:59 AM,186.79,17,3175.43,7604903.580000001
2025-08-01 10:35:53 AM,186.78,0,0.0,7604903.580000001
2025-08-01 10:35:53 AM,186.78,22,4109.16,7609012.740000001
2025-08-01 10:36:43 AM,186.78,11,2054.58,7611067.320000001
2025-08-01 10:37:18 AM,186.78,13,2428.14,7613495.460000001
2025-08-01 10:37:54 AM,186.78,80,14942.4,7628437.860000001
2025-08-01 10:38:26 AM,186.58,0,0.0,7628437.860000001
2025-08-01 10:38:28 AM,186.58,19,3545.0200000000004,7631982.880000001
2025-08-01 10:39:52 AM,186.5,168,31332.0,7663314.880000001
2025-08-01 10:39:55 AM,186.5,100,18650.0,7681964.880000001
2025-08-01 10:40:13 AM,186.42,0,0.0,7681964.880000001
2025-08-01 10:40:14 AM,186.42,1,186.42,7682151.300000001
2025-08-01 10:40:17 AM,186.5,190,35435.0,7717586.300000001
2025-08-01 10:41:02 AM,186.5,500,93250.0,7810836.300000001
2025-08-01 10:41:17 AM,186.52,0,0.0,7810836.300000001
2025-08-01 10:41:19 AM,186.52,1,186.52,7811022.82
2025-08-01 10:42:38 AM,186.5,300,55950.0,7866972.82
2025-08-01 10:43:59 AM,186.5,1174,218951.0,8085923.82
2025-08-01 10:45:00 AM,186.26,0,0.0,8085923.82
2025-08-01 10:45:02 AM,186.26,12,2235.12,8088158.94
2025-08-01 10:45:36 AM,186.25,0,0.0,8088158.94
2025-08-01 10:45:37 AM,186.25,19,3538.75,8091697.69
2025-08-01 10:46:02 AM,186.25,50,9312.5,8101010.19
2025-08-01 10:46:07 AM,186.25,173,32221.25,8133231.44
2025-08-01 10:46:25 AM,186.25,18,3352.5,8136583.94
2025-08-01 10:47:25 AM,186.25,21,3911.25,8140495.19
2025-08-01 10:48:21 AM,186.25,21,3911.25,8144406.44
2025-08-01 10:49:24 AM,186.25,16,2980.0,8147386.44
2025-08-01 10:49:26 AM,186.25,150,27937.5,8175323.94
2025-08-01 10:50:13 AM,186.25,16,2980.0,8178303.94
2025-08-01 10:53:22 AM,186.36,0,0.0,8178303.94
2025-08-01 10:53:24 AM,186.36,4,745.44,8179049.380000001
2025-08-01 10:54:22 AM,186.37,0,0.0,8179049.380000001
2025-08-01 10:54:23 AM,186.37,4,745.48,8179794.860000001
2025-08-01 10:54:26 AM,186.41,0,0.0,8179794.860000001
2025-08-01 10:54:28 AM,186.41,4,745.64,8180540.500000001
2025-08-01 10:54:54 AM,186.53,0,0.0,8180540.500000001
2025-08-01 10:54:54 AM,186.53,17,3171.01,8183711.510000001
2025-08-01 10:55:38 AM,186.53,10,1865.3,8185576.8100000005
2025-08-01 10:58:33 AM,186.53,5,932.65,8186509.460000001
2025-08-01 10:58:52 AM,186.62,0,0.0,8186509.460000001
2025-08-01 10:58:55 AM,186.62,15,2799.3,8189308.760000001
2025-08-01 11:00:40 AM,186.42,0,0.0,8189308.760000001
2025-08-01 11:00:42 AM,186.42,500,93210.0,8282518.760000001
2025-08-01 11:01:55 AM,186.65,0,0.0,8282518.760000001
2025-08-01 11:01:55 AM,186.65,160,29864.0,8312382.760000001
2025-08-01 11:02:47 AM,186.43,0,0.0,8312382.760000001
2025-08-01 11:02:50 AM,186.43,34,6338.62,8318721.380000001
2025-08-01 11:04:21 AM,186.64,0,0.0,8318721.380000001
2025-08-01 11:04:23 AM,186.64,50,9332.0,8328053.380000001
2025-08-01 11:04:32 AM,186.43,0,0.0,8328053.380000001
2025-08-01 11:04:33 AM,186.43,24,4474.32,8332527.700000001
2025-08-01 11:06:08 AM,186.47,0,0.0,8332527.700000001
2025-08-01 11:06:09 AM,186.47,100,18647.0,8351174.700000001
2025-08-01 11:08:24 AM,186.4,493,91895.2,8443069.9
2025-08-01 11:08:25 AM,186.41,0,0.0,8443069.9
2025-08-01 11:08:27 AM,186.47,0,0.0,8443069.9
2025-08-01 11:08:27 AM,186.47,40,7458.8,8450528.700000001
2025-08-01 11:08:58 AM,186.25,0,0.0,8450528.700000001
2025-08-01 11:08:59 AM,186.25,80,14900.0,8465428.700000001
2025-08-01 11:09:07 AM,186.2,0,0.0,8465428.700000001
2025-08-01 11:09:08 AM,186.2,1,186.2,8465614.9
2025-08-01 11:10:32 AM,186.29,0,0.0,8465614.9
2025-08-01 11:10:32 AM,186.29,60,11177.4,8476792.3
2025-08-01 11:11:52 AM,186.28,0,0.0,8476792.3
2025-08-01 11:11:54 AM,186.28,1,186.28,8476978.58
2025-08-01 11:13:34 AM,186.29,0,0.0,8476978.58
2025-08-01 11:13:35 AM,186.29,40,7451.599999999999,8484430.18
2025-08-01 11:14:04 AM,185.98,485,90200.29999999999,8574630.48
2025-08-01 11:14:26 AM,185.92,25,4648.0,8579278.48
2025-08-01 11:15:21 AM,185.84,0,0.0,8579278.48
2025-08-01 11:15:23 AM,185.77,124,23035.48,8602313.96
2025-08-01 11:16:31 AM,186.01,0,0.0,8602313.96
2025-08-01 11:16:32 AM,186.01,50,9300.5,8611614.46
2025-08-01 11:17:07 AM,186.27,0,0.0,8611614.46
2025-08-01 11:17:09 AM,186.27,2003,373098.81,8984713.270000001
2025-08-01 11:17:40 AM,186.35,10,1863.5,8986576.770000001
2025-08-01 11:18:57 AM,186.07,0,0.0,8986576.770000001
2025-08-01 11:18:58 AM,186.07,57,10605.99,8997182.760000002
2025-08-01 11:19:04 AM,185.9,33,6134.7,9003317.46
2025-08-01 11:20:18 AM,185.82,0,0.0,9003317.46
2025-08-01 11:20:20 AM,185.82,31,5760.42,9009077.88
2025-08-01 11:24:25 AM,185.82,125,23227.5,9032305.38
2025-08-01 11:25:00 AM,186.03,0,0.0,9032305.38
2025-08-01 11:25:02 AM,186.03,501,93201.03,9125506.41
2025-08-01 11:26:13 AM,186.39,0,0.0,9125506.41
2025-08-01 11:26:15 AM,186.39,2207,411362.73,9536869.14
2025-08-01 11:26:38 AM,187.64,0,0.0,9536869.14
2025-08-01 11:26:40 AM,187.64,6938,1301846.3199999998,10838715.46
2025-08-01 11:27:22 AM,187.31,100,18731.0,10857446.46
2025-08-01 11:27:39 AM,186.82,0,0.0,10857446.46
2025-08-01 11:27:41 AM,186.82,312,58287.84,10915734.3
2025-08-01 11:28:51 AM,186.72,0,0.0,10915734.3
2025-08-01 11:28:53 AM,186.72,10,1867.2,10917601.5
2025-08-01 11:29:22 AM,186.7,0,0.0,10917601.5
2025-08-01 11:29:22 AM,186.7,10,1867.0,10919468.5
2025-08-01 11:29:30 AM,186.69,0,0.0,10919468.5
2025-08-01 11:29:32 AM,186.69,5,933.45,10920401.95
2025-08-01 11:32:39 AM,186.56,20,3731.2,10924133.149999999
2025-08-01 11:32:40 AM,186.8,0,0.0,10924133.149999999
2025-08-01 11:32:42 AM,186.8,31,5790.8,10929923.95
2025-08-01 11:34:40 AM,186.77,0,0.0,10929923.95
2025-08-01 11:34:41 AM,186.77,1,186.77,10930110.719999999
2025-08-01 11:34:51 AM,186.77,5,933.85,10931044.569999998
2025-08-01 11:37:48 AM,187.0,0,0.0,10931044.569999998
2025-08-01 11:37:49 AM,187.0,10,1870.0,10932914.569999998
2025-08-01 11:39:36 AM,186.69,0,0.0,10932914.569999998
2025-08-01 11:39:37 AM,186.78,131,24468.18,10957382.749999998
2025-08-01 11:44:07 AM,186.51,0,0.0,10957382.749999998
2025-08-01 11:44:10 AM,186.51,108,20143.079999999998,10977525.829999998
2025-08-01 11:44:39 AM,186.42,0,0.0,10977525.829999998
2025-08-01 11:44:40 AM,186.42,16,2982.72,10980508.549999999
2025-08-01 11:45:06 AM,186.27,0,0.0,10980508.549999999
2025-08-01 11:45:06 AM,186.27,25,4656.75,10985165.299999999
2025-08-01 11:45:19 AM,186.21,0,0.0,10985165.299999999
2025-08-01 11:45:22 AM,186.21,50,9310.5,10994475.799999999
2025-08-01 11:45:45 AM,186.22,0,0.0,10994475.799999999
2025-08-01 11:45:49 AM,186.22,24,4469.28,10998945.079999998
2025-08-01 11:46:54 AM,186.4,9,1677.6000000000001,11000622.679999998
2025-08-01 11:50:41 AM,186.41,0,0.0,11000622.679999998
2025-08-01 11:50:43 AM,186.7,0,0.0,11000622.679999998
2025-08-01 11:50:44 AM,186.7,1124,209850.8,11210473.479999999
2025-08-01 11:50:46 AM,186.68,0,0.0,11210473.479999999
2025-08-01 11:50:49 AM,186.68,50,9334.0,11219807.479999999
2025-08-01 11:51:19 AM,186.64,0,0.0,11219807.479999999
2025-08-01 11:51:23 AM,186.64,71,13251.439999999999,11233058.919999998
2025-08-01 11:54:08 AM,186.72,0,0.0,11233058.919999998
2025-08-01 11:54:09 AM,186.72,159,29688.48,11262747.399999999
2025-08-01 11:54:10 AM,186.65,0,0.0,11262747.399999999
2025-08-01 11:54:10 AM,186.65,1,186.65,11262934.049999999
2025-08-01 11:54:12 AM,186.56,0,0.0,11262934.049999999
2025-08-01 11:54:15 AM,186.56,44,8208.64,11271142.69
2025-08-01 12:00:57 PM,186.61,0,0.0,11271142.69
2025-08-01 12:00:58 PM,186.61,10,1866.1000000000001,11273008.79
2025-08-01 12:01:40 PM,186.65,0,0.0,11273008.79
2025-08-01 12:01:41 PM,186.65,16,2986.4,11275995.19
2025-08-01 12:01:45 PM,186.84,0,0.0,11275995.19
2025-08-01 12:01:46 PM,186.84,30,5605.2,11281600.389999999
2025-08-01 12:01:47 PM,186.63,0,0.0,11281600.389999999
2025-08-01 12:01:48 PM,186.63,1,186.63,11281787.02
2025-08-01 12:02:01 PM,186.64,0,0.0,11281787.02
2025-08-01 12:02:02 PM,186.64,20,3732.7999999999997,11285519.82
2025-08-01 12:04:29 PM,186.66,0,0.0,11285519.82
2025-08-01 12:04:30 PM,186.66,15,2799.9,11288319.72
2025-08-01 12:06:32 PM,186.65,0,0.0,11288319.72
2025-08-01 12:06:35 PM,186.65,21,3919.65,11292239.370000001
2025-08-01 12:06:46 PM,186.94,0,0.0,11292239.370000001
2025-08-01 12:06:50 PM,186.94,124,23180.56,11315419.930000002
2025-08-01 12:06:52 PM,186.66,0,0.0,11315419.930000002
2025-08-01 12:06:55 PM,186.66,51,9519.66,11324939.590000002
2025-08-01 12:07:15 PM,186.66,1017,189833.22,11514772.810000002
2025-08-01 12:07:18 PM,186.6,0,0.0,11514772.810000002
2025-08-01 12:07:20 PM,186.6,649,121103.4,11635876.210000003
2025-08-01 12:08:46 PM,186.6,55,10263.0,11646139.210000003
2025-08-01 12:09:04 PM,186.34,0,0.0,11646139.210000003
2025-08-01 12:09:06 PM,186.38,853,158982.13999999998,11805121.350000003
2025-08-01 12:10:06 PM,186.28,0,0.0,11805121.350000003
2025-08-01 12:10:11 PM,186.28,54,10059.12,11815180.470000003
2025-08-01 12:14:44 PM,186.5,0,0.0,11815180.470000003
2025-08-01 12:14:45 PM,186.5,12,2238.0,11817418.470000003
2025-08-01 12:14:55 PM,186.5,10,1865.0,11819283.470000003
2025-08-01 12:14:56 PM,186.3,25,4657.5,11823940.970000003
2025-08-01 12:15:15 PM,186.5,10,1865.0,11825805.970000003
2025-08-01 12:15:30 PM,186.5,30,5595.0,11831400.970000003
2025-08-01 12:19:00 PM,186.31,0,0.0,11831400.970000003
2025-08-01 12:19:02 PM,186.31,240,44714.4,11876115.370000003
2025-08-01 12:19:08 PM,186.31,59,10992.29,11887107.660000002
2025-08-01 12:20:36 PM,186.5,0,0.0,11887107.660000002
2025-08-01 12:20:40 PM,186.5,5,932.5,11888040.160000002
2025-08-01 12:21:35 PM,186.34,0,0.0,11888040.160000002
2025-08-01 12:21:38 PM,186.34,9,1677.06,11889717.220000003
2025-08-01 12:21:53 PM,186.34,22,4099.4800000000005,11893816.700000003
2025-08-01 12:23:05 PM,186.42,1,186.42,11894003.120000003
2025-08-01 12:23:15 PM,186.42,25,4660.5,11898663.620000003
2025-08-01 12:25:01 PM,186.43,0,0.0,11898663.620000003
2025-08-01 12:25:03 PM,186.43,50,9321.5,11907985.120000003
2025-08-01 12:25:31 PM,186.42,0,0.0,11907985.120000003
2025-08-01 12:25:34 PM,186.42,4,745.68,11908730.800000003
2025-08-01 12:25:58 PM,186.47,0,0.0,11908730.800000003
2025-08-01 12:25:59 PM,186.47,15,2797.05,11911527.850000003
2025-08-01 12:26:35 PM,186.46,20,3729.2000000000003,11915257.050000003
2025-08-01 12:27:43 PM,186.28,0,0.0,11915257.050000003
2025-08-01 12:27:45 PM,186.28,31,5774.68,11921031.730000002
2025-08-01 12:28:50 PM,186.28,350,65198.0,11986229.730000002
2025-08-01 12:28:53 PM,186.07,0,0.0,11986229.730000002
2025-08-01 12:28:53 PM,186.07,91,16932.37,12003162.100000001
2025-08-01 12:30:05 PM,186.05,5,930.25,12004092.350000001
2025-08-01 12:31:08 PM,186.27,0,0.0,12004092.350000001
2025-08-01 12:31:10 PM,186.27,1,186.27,12004278.620000001
2025-08-01 12:31:16 PM,186.34,0,0.0,12004278.620000001
2025-08-01 12:31:17 PM,186.34,97,18074.98,12022353.600000001
2025-08-01 12:31:38 PM,186.3,0,0.0,12022353.600000001
2025-08-01 12:31:42 PM,186.3,28,5216.400000000001,12027570.000000002
2025-08-01 12:32:19 PM,186.3,49,9128.7,12036698.700000001
2025-08-01 12:33:03 PM,186.3,296,55144.8,12091843.500000002
2025-08-01 12:34:14 PM,186.14,0,0.0,12091843.500000002
2025-08-01 12:34:15 PM,186.14,39,7259.459999999999,12099102.960000003
2025-08-01 12:35:36 PM,186.0,671,124806.0,12223908.960000003
2025-08-01 12:35:36 PM,186.0,20,3720.0,12227628.960000003
2025-08-01 12:36:47 PM,185.79,0,0.0,12227628.960000003
2025-08-01 12:36:49 PM,185.79,2,371.58,12228000.540000003
2025-08-01 12:37:31 PM,185.78,0,0.0,12228000.540000003
2025-08-01 12:37:34 PM,185.78,15,2786.7,12230787.240000002
2025-08-01 12:37:54 PM,185.78,5,928.9,12231716.140000002
2025-08-01 12:38:53 PM,185.78,56,10403.68,12242119.820000002
2025-08-01 12:39:01 PM,185.62,0,0.0,12242119.820000002
2025-08-01 12:39:03 PM,185.62,347,64410.14,12306529.960000003
2025-08-01 12:39:32 PM,185.89,0,0.0,12306529.960000003
2025-08-01 12:39:32 PM,185.89,1,185.89,12306715.850000003
2025-08-01 12:40:04 PM,185.86,1,185.86,12306901.710000003
2025-08-01 12:40:08 PM,185.88,0,0.0,12306901.710000003
2025-08-01 12:40:08 PM,185.88,76,14126.88,12321028.590000004
2025-08-01 12:40:50 PM,185.5,376,69748.0,12390776.590000004
2025-08-01 12:42:16 PM,185.28,0,0.0,12390776.590000004
2025-08-01 12:42:18 PM,185.28,5,926.4,12391702.990000004
2025-08-01 12:42:32 PM,185.25,0,0.0,12391702.990000004
2025-08-01 12:42:33 PM,185.25,37,6854.25,12398557.240000004
2025-08-01 12:43:42 PM,185.26,0,0.0,12398557.240000004
2025-08-01 12:43:43 PM,185.26,35,6484.099999999999,12405041.340000004
2025-08-01 12:48:06 PM,185.27,22,4075.94,12409117.280000003
2025-08-01 12:48:21 PM,185.0,1000,185000.0,12594117.280000003
2025-08-01 12:48:54 PM,185.02,0,0.0,12594117.280000003
2025-08-01 12:48:56 PM,185.02,10,1850.2,12595967.480000002
2025-08-01 12:49:20 PM,185.0,0,0.0,12595967.480000002
2025-08-01 12:49:20 PM,185.0,225,41625.0,12637592.480000002
2025-08-01 12:49:30 PM,185.03,43,7956.29,12645548.770000001
2025-08-01 12:49:45 PM,185.25,300,55575.0,12701123.770000001
2025-08-01 12:57:20 PM,185.24,10,1852.4,12702976.170000002
2025-08-01 12:57:24 PM,185.25,0,0.0,12702976.170000002
2025-08-01 12:57:25 PM,185.25,10,1852.5,12704828.670000002
2025-08-01 12:58:00 PM,185.28,0,0.0,12704828.670000002
2025-08-01 12:58:01 PM,185.28,500,92640.0,12797468.670000002
2025-08-01 12:59:06 PM,185.28,10,1852.8,12799321.470000003
2025-08-01 12:59:16 PM,185.28,10,1852.8,12801174.270000003
2025-08-01 01:00:05 PM,185.15,0,0.0,12801174.270000003
2025-08-01 01:00:08 PM,185.15,43,7961.45,12809135.720000003
2025-08-01 01:00:49 PM,185.28,0,0.0,12809135.720000003
2025-08-01 01:00:50 PM,185.28,10,1852.8,12810988.520000003
2025-08-01 01:00:55 PM,185.16,0,0.0,12810988.520000003
2025-08-01 01:00:55 PM,185.16,25,4629.0,12815617.520000003
2025-08-01 01:03:37 PM,185.16,38,7036.08,12822653.600000003
2025-08-01 01:04:40 PM,185.16,12,2221.92,12824875.520000003
2025-08-01 01:05:41 PM,185.34,0,0.0,12824875.520000003
2025-08-01 01:05:42 PM,185.34,113,20943.420000000002,12845818.940000003
2025-08-01 01:05:43 PM,185.35,0,0.0,12845818.940000003
2025-08-01 01:05:45 PM,185.37,0,0.0,12845818.940000003
2025-08-01 01:05:45 PM,185.37,57,10566.09,12856385.030000003
2025-08-01 01:06:49 PM,185.93,0,0.0,12856385.030000003
2025-08-01 01:06:52 PM,185.93,149,27703.57,12884088.600000003
2025-08-01 01:07:13 PM,185.74,35,6500.900000000001,12890589.500000004
2025-08-01 01:08:42 PM,185.85,0,0.0,12890589.500000004
2025-08-01 01:08:44 PM,185.85,17,3159.45,12893748.950000003
2025-08-01 01:09:29 PM,185.89,0,0.0,12893748.950000003
2025-08-01 01:09:32 PM,185.85,60,11151.0,12904899.950000003
2025-08-01 01:12:30 PM,185.86,0,0.0,12904899.950000003
2025-08-01 01:12:31 PM,185.86,20,3717.2000000000003,12908617.150000002
2025-08-01 01:13:32 PM,185.85,0,0.0,12908617.150000002
2025-08-01 01:13:32 PM,185.85,10,1858.5,12910475.650000002
2025-08-01 01:14:24 PM,185.65,1,185.65,12910661.300000003
2025-08-01 01:15:48 PM,185.86,13,2416.1800000000003,12913077.480000002
2025-08-01 01:15:54 PM,185.84,1,185.84,12913263.320000002
2025-08-01 01:16:26 PM,185.66,0,0.0,12913263.320000002
2025-08-01 01:16:26 PM,185.66,5,928.3,12914191.620000003
2025-08-01 01:16:58 PM,185.87,0,0.0,12914191.620000003
2025-08-01 01:16:58 PM,185.87,17,3159.79,12917351.410000002
2025-08-01 01:18:24 PM,185.7,1,185.7,12917537.110000001
2025-08-01 01:19:56 PM,185.89,0,0.0,12917537.110000001
2025-08-01 01:19:56 PM,185.89,50,9294.5,12926831.610000001
2025-08-01 01:20:32 PM,185.89,19,3531.91,12930363.520000001
2025-08-01 01:23:22 PM,185.9,0,0.0,12930363.520000001
2025-08-01 01:23:24 PM,185.9,23,4275.7,12934639.22
2025-08-01 01:24:52 PM,185.88,0,0.0,12934639.22
2025-08-01 01:24:55 PM,185.88,17,3159.96,12937799.180000002
2025-08-01 01:27:33 PM,185.88,11,2044.6799999999998,12939843.860000001
2025-08-01 01:28:27 PM,185.88,19,3531.72,12943375.580000002
2025-08-01 01:29:13 PM,185.22,0,0.0,12943375.580000002
2025-08-01 01:29:14 PM,185.48,3318,615422.64,13558798.220000003
2025-08-01 01:29:18 PM,185.22,0,0.0,13558798.220000003
2025-08-01 01:29:19 PM,185.22,98,18151.56,13576949.780000003
2025-08-01 01:29:26 PM,185.21,0,0.0,13576949.780000003
2025-08-01 01:29:29 PM,185.21,77,14261.17,13591210.950000003
2025-08-01 01:38:02 PM,185.4,0,0.0,13591210.950000003
2025-08-01 01:38:05 PM,185.4,10,1854.0,13593064.950000003
2025-08-01 01:38:36 PM,185.35,0,0.0,13593064.950000003
2025-08-01 01:38:38 PM,185.35,10,1853.5,13594918.450000003
2025-08-01 01:38:42 PM,185.07,0,0.0,13594918.450000003
2025-08-01 01:38:43 PM,185.07,2003,370695.20999999996,13965613.660000004
2025-08-01 01:38:50 PM,185.14,997,184584.58,14150198.240000004
2025-08-01 01:39:08 PM,185.16,0,0.0,14150198.240000004
2025-08-01 01:39:11 PM,185.16,51,9443.16,14159641.400000004
2025-08-01 01:41:34 PM,185.13,0,0.0,14159641.400000004
2025-08-01 01:41:36 PM,185.13,7,1295.9099999999999,14160937.310000004
2025-08-01 01:42:26 PM,185.34,0,0.0,14160937.310000004
2025-08-01 01:42:31 PM,185.34,15,2780.1,14163717.410000004
2025-08-01 01:42:58 PM,185.35,0,0.0,14163717.410000004
2025-08-01 01:43:00 PM,185.35,10,1853.5,14165570.910000004
2025-08-01 01:46:12 PM,185.36,0,0.0,14165570.910000004
2025-08-01 01:46:13 PM,185.36,10,1853.6000000000001,14167424.510000004
2025-08-01 01:46:18 PM,185.39,10,1853.8999999999999,14169278.410000004
2025-08-01 01:47:06 PM,185.34,0,0.0,14169278.410000004
2025-08-01 01:47:09 PM,185.34,2,370.68,14169649.090000004
2025-08-01 01:50:52 PM,185.39,0,0.0,14169649.090000004
2025-08-01 01:50:55 PM,185.39,18,3337.0199999999995,14172986.110000003
2025-08-01 01:51:02 PM,185.35,0,0.0,14172986.110000003
2025-08-01 01:51:05 PM,185.35,1,185.35,14173171.460000003
2025-08-01 01:53:19 PM,185.43,0,0.0,14173171.460000003
2025-08-01 01:53:20 PM,185.43,10,1854.3000000000002,14175025.760000004
2025-08-01 01:53:22 PM,185.4,0,0.0,14175025.760000004
2025-08-01 01:53:25 PM,185.4,1,185.4,14175211.160000004
2025-08-01 01:54:10 PM,185.43,0,0.0,14175211.160000004
2025-08-01 01:54:13 PM,185.43,1,185.43,14175396.590000004
2025-08-01 01:54:33 PM,185.43,10,1854.3000000000002,14177250.890000004
2025-08-01 01:55:55 PM,185.45,0,0.0,14177250.890000004
2025-08-01 01:55:56 PM,185.45,1,185.45,14177436.340000004
2025-08-01 01:57:58 PM,185.45,1,185.45,14177621.790000003
2025-08-01 01:58:30 PM,185.53,0,0.0,14177621.790000003
2025-08-01 01:58:33 PM,185.53,30,5565.9,14183187.690000003
2025-08-01 01:58:40 PM,185.54,0,0.0,14183187.690000003
2025-08-01 01:58:43 PM,185.54,20,3710.7999999999997,14186898.490000004
2025-08-01 02:01:50 PM,185.52,0,0.0,14186898.490000004
2025-08-01 02:01:52 PM,185.52,1,185.52,14187084.010000004
2025-08-01 02:02:04 PM,185.54,0,0.0,14187084.010000004
2025-08-01 02:02:06 PM,185.54,10,1855.3999999999999,14188939.410000004
2025-08-01 02:02:08 PM,185.34,0,0.0,14188939.410000004
2025-08-01 02:02:11 PM,185.34,349,64683.66,14253623.070000004
2025-08-01 02:03:41 PM,185.2,470,87044.0,14340667.070000004
2025-08-01 02:03:46 PM,185.2,22,4074.3999999999996,14344741.470000004
2025-08-01 02:04:45 PM,185.02,0,0.0,14344741.470000004
2025-08-01 02:04:46 PM,185.04,0,0.0,14344741.470000004
2025-08-01 02:04:47 PM,185.04,166,30716.64,14375458.110000005
2025-08-01 02:07:04 PM,185.04,51,9437.039999999999,14384895.150000004
2025-08-01 02:07:31 PM,185.01,0,0.0,14384895.150000004
2025-08-01 02:07:34 PM,185.0,3579,662115.0,15047010.150000004
2025-08-01 02:08:31 PM,184.52,0,0.0,15047010.150000004
2025-08-01 02:08:35 PM,184.52,8,1476.16,15048486.310000004
2025-08-01 02:08:49 PM,184.5,0,0.0,15048486.310000004
2025-08-01 02:08:51 PM,184.5,500,92250.0,15140736.310000004
2025-08-01 02:08:59 PM,184.09,0,0.0,15140736.310000004
2025-08-01 02:09:02 PM,184.09,84,15463.56,15156199.870000005
2025-08-01 02:09:27 PM,184.09,50,9204.5,15165404.370000005
2025-08-01 02:10:14 PM,183.57,0,0.0,15165404.370000005
2025-08-01 02:10:16 PM,183.57,2000,367140.0,15532544.370000005
2025-08-01 02:11:04 PM,183.94,0,0.0,15532544.370000005
2025-08-01 02:11:08 PM,183.94,773,142185.62,15674729.990000004
2025-08-01 02:14:00 PM,184.03,0,0.0,15674729.990000004
2025-08-01 02:14:00 PM,184.03,91,16746.73,15691476.720000004
2025-08-01 02:14:53 PM,184.03,128,23555.84,15715032.560000004
2025-08-01 02:15:03 PM,184.0,886,163024.0,15878056.560000004
2025-08-01 02:15:55 PM,183.6,98,17992.8,15896049.360000005
2025-08-01 02:16:16 PM,183.89,0,0.0,15896049.360000005
2025-08-01 02:16:16 PM,183.89,563,103530.06999999999,15999579.430000005
2025-08-01 02:17:26 PM,183.58,0,0.0,15999579.430000005
2025-08-01 02:17:26 PM,183.58,100,18358.0,16017937.430000005
2025-08-01 02:19:29 PM,183.36,703,128902.08000000002,16146839.510000005
2025-08-01 02:20:27 PM,183.36,2066,378821.76,16525661.270000005
2025-08-01 02:20:57 PM,183.36,100,18336.0,16543997.270000005
2025-08-01 02:21:14 PM,183.26,0,0.0,16543997.270000005
2025-08-01 02:21:18 PM,183.26,2,366.52,16544363.790000005
2025-08-01 02:21:33 PM,182.91,0,0.0,16544363.790000005
2025-08-01 02:21:33 PM,182.91,5140,940157.4,17484521.190000005
2025-08-01 02:21:49 PM,182.71,0,0.0,17484521.190000005
2025-08-01 02:21:49 PM,182.71,100,18271.0,17502792.190000005
2025-08-01 02:22:29 PM,182.42,0,0.0,17502792.190000005
2025-08-01 02:22:32 PM,182.42,716,130612.71999999999,17633404.910000004
2025-08-01 02:22:45 PM,182.66,0,0.0,17633404.910000004
2025-08-01 02:22:48 PM,182.66,10,1826.6,17635231.510000005
2025-08-01 02:23:06 PM,182.07,0,0.0,17635231.510000005
2025-08-01 02:23:10 PM,182.07,5080,924915.6,18560147.110000007
2025-08-01 02:23:30 PM,181.91,0,0.0,18560147.110000007
2025-08-01 02:23:31 PM,181.91,669,121697.79,18681844.900000006
2025-08-01 02:23:56 PM,181.86,0,0.0,18681844.900000006
2025-08-01 02:23:57 PM,181.86,100,18186.0,18700030.900000006
2025-08-01 02:24:00 PM,181.64,0,0.0,18700030.900000006
2025-08-01 02:24:03 PM,181.64,102,18527.28,18718558.180000007
2025-08-01 02:24:17 PM,181.73,0,0.0,18718558.180000007
2025-08-01 02:24:19 PM,181.73,50,9086.5,18727644.680000007
2025-08-01 02:25:47 PM,181.86,0,0.0,18727644.680000007
2025-08-01 02:25:49 PM,181.86,15,2727.9,18730372.580000006
2025-08-01 02:25:54 PM,181.86,390,70925.40000000001,18801297.980000004
2025-08-01 02:26:14 PM,181.23,0,0.0,18801297.980000004
2025-08-01 02:26:16 PM,181.23,5049,915030.2699999999,19716328.250000004
2025-08-01 02:26:17 PM,181.13,0,0.0,19716328.250000004
2025-08-01 02:26:20 PM,180.79,0,0.0,19716328.250000004
2025-08-01 02:26:21 PM,180.79,3,542.37,19716870.620000005
2025-08-01 02:26:31 PM,180.79,8108,1465845.3199999998,21182715.940000005
2025-08-01 02:26:35 PM,180.9,0,0.0,21182715.940000005
2025-08-01 02:26:36 PM,180.9,1018,184156.2,21366872.140000004
2025-08-01 02:26:45 PM,180.94,0,0.0,21366872.140000004
2025-08-01 02:26:47 PM,180.94,105,18998.7,21385870.840000004
2025-08-01 02:27:17 PM,181.0,0,0.0,21385870.840000004
2025-08-01 02:27:20 PM,181.0,635,114935.0,21500805.840000004
2025-08-01 02:27:29 PM,180.89,0,0.0,21500805.840000004
2025-08-01 02:27:30 PM,180.89,1,180.89,21500986.730000004
2025-08-01 02:28:12 PM,181.05,0,0.0,21500986.730000004
2025-08-01 02:28:14 PM,181.05,300,54315.0,21555301.730000004
2025-08-01 02:28:40 PM,181.0,0,0.0,21555301.730000004
2025-08-01 02:28:41 PM,181.0,120,21720.0,21577021.730000004
2025-08-01 02:28:48 PM,181.09,0,0.0,21577021.730000004
2025-08-01 02:28:52 PM,181.09,412,74609.08,21651630.810000002
2025-08-01 02:30:09 PM,181.29,0,0.0,21651630.810000002
2025-08-01 02:30:10 PM,181.29,5,906.4499999999999,21652537.26
2025-08-01 02:30:35 PM,181.03,0,0.0,21652537.26
2025-08-01 02:30:37 PM,181.03,402,72774.06,21725311.32
2025-08-01 02:31:32 PM,181.06,26,4707.56,21730018.88
2025-08-01 02:32:02 PM,181.31,0,0.0,21730018.88
2025-08-01 02:32:03 PM,181.31,100,18131.0,21748149.88
2025-08-01 02:32:08 PM,181.24,0,0.0,21748149.88
2025-08-01 02:32:09 PM,181.24,2,362.48,21748512.36
2025-08-01 02:32:47 PM,181.34,29,5258.86,21753771.22
2025-08-01 02:32:52 PM,182.77,0,0.0,21753771.22
2025-08-01 02:32:52 PM,183.0,2722,498126.0,22251897.22
2025-08-01 02:33:09 PM,183.0,1255,229665.0,22481562.22
2025-08-01 02:33:12 PM,183.23,41,7512.429999999999,22489074.65
2025-08-01 02:33:31 PM,183.0,0,0.0,22489074.65
2025-08-01 02:33:31 PM,183.0,250,45750.0,22534824.65
2025-08-01 02:33:50 PM,183.07,502,91901.14,22626725.79
2025-08-01 02:33:54 PM,184.5,0,0.0,22626725.79
2025-08-01 02:33:55 PM,184.5,3381,623794.5,23250520.29
2025-08-01 02:33:58 PM,184.78,1,184.78,23250705.07
2025-08-01 02:34:06 PM,184.5,0,0.0,23250705.07
2025-08-01 02:34:07 PM,184.5,160,29520.0,23280225.07
2025-08-01 02:34:09 PM,184.5,279,51475.5,23331700.57
2025-08-01 02:34:18 PM,184.5,1711,315679.5,23647380.07
2025-08-01 02:34:21 PM,184.51,2001,369204.51,24016584.580000002
2025-08-01 02:34:25 PM,184.5,0,0.0,24016584.580000002
2025-08-01 02:34:26 PM,184.5,443,81733.5,24098318.080000002
2025-08-01 02:34:29 PM,184.5,57,10516.5,24108834.580000002
2025-08-01 02:34:37 PM,184.52,1708,315160.16000000003,24423994.740000002
2025-08-01 02:34:42 PM,184.54,1,184.54,24424179.28
2025-08-01 02:34:45 PM,184.55,0,0.0,24424179.28
2025-08-01 02:34:45 PM,184.55,100,18455.0,24442634.28
2025-08-01 02:34:53 PM,184.55,570,105193.5,24547827.78
2025-08-01 02:35:04 PM,184.5,646,119187.0,24667014.78
2025-08-01 02:35:34 PM,184.5,50,9225.0,24676239.78
2025-08-01 02:35:43 PM,184.5,163,30073.5,24706313.28
2025-08-01 02:35:50 PM,184.5,50,9225.0,24715538.28
2025-08-01 02:35:58 PM,184.5,64,11808.0,24727346.28
2025-08-01 02:36:37 PM,184.5,1,184.5,24727530.78
2025-08-01 02:36:44 PM,184.5,761,140404.5,24867935.28
2025-08-01 02:36:48 PM,184.43,0,0.0,24867935.28
2025-08-01 02:36:49 PM,184.5,399,73615.5,24941550.78
2025-08-01 02:37:09 PM,184.5,402,74169.0,25015719.78
2025-08-01 02:38:13 PM,184.56,0,0.0,25015719.78
2025-08-01 02:38:14 PM,184.56,336,62012.16,25077731.94
2025-08-01 02:38:44 PM,184.74,67,12377.58,25090109.52
2025-08-01 02:38:57 PM,184.52,0,0.0,25090109.52
2025-08-01 02:39:00 PM,184.52,1,184.52,25090294.04
2025-08-01 02:39:03 PM,184.81,0,0.0,25090294.04
2025-08-01 02:39:05 PM,184.81,1,184.81,25090478.849999998
2025-08-01 02:40:41 PM,184.53,72,13286.16,25103765.009999998
2025-08-01 02:41:12 PM,184.5,0,0.0,25103765.009999998
2025-08-01 02:41:15 PM,184.5,570,105165.0,25208930.009999998
2025-08-01 02:41:20 PM,184.5,1000,184500.0,25393430.009999998
2025-08-01 02:43:23 PM,184.5,206,38007.0,25431437.009999998
2025-08-01 02:43:26 PM,184.51,0,0.0,25431437.009999998
2025-08-01 02:43:27 PM,184.51,20,3690.2,25435127.209999997
2025-08-01 02:43:53 PM,184.5,0,0.0,25435127.209999997
2025-08-01 02:43:54 PM,184.5,111,20479.5,25455606.709999997
2025-08-01 02:44:00 PM,184.5,1,184.5,25455791.209999997
2025-08-01 02:44:06 PM,184.5,221,40774.5,25496565.709999997
2025-08-01 02:44:12 PM,184.5,6,1107.0,25497672.709999997
2025-08-01 02:44:45 PM,184.5,20,3690.0,25501362.709999997
2025-08-01 02:45:13 PM,184.54,0,0.0,25501362.709999997
2025-08-01 02:45:14 PM,184.54,5,922.6999999999999,25502285.409999996
2025-08-01 02:45:28 PM,184.5,0,0.0,25502285.409999996
2025-08-01 02:45:30 PM,184.5,54,9963.0,25512248.409999996
2025-08-01 02:45:36 PM,184.5,93,17158.5,25529406.909999996
2025-08-01 02:46:37 PM,184.5,180,33210.0,25562616.909999996
2025-08-01 02:47:21 PM,184.7,0,0.0,25562616.909999996
2025-08-01 02:47:22 PM,184.7,28,5171.599999999999,25567788.509999998
2025-08-01 02:50:16 PM,184.7,10,1847.0,25569635.509999998
2025-08-01 02:51:58 PM,184.7,10,1847.0,25571482.509999998
2025-08-01 02:53:00 PM,184.68,0,0.0,25571482.509999998
2025-08-01 02:53:02 PM,184.68,30,5540.400000000001,25577022.909999996
2025-08-01 02:55:22 PM,184.64,0,0.0,25577022.909999996
2025-08-01 02:55:23 PM,184.64,20,3692.7999999999997,25580715.709999997
2025-08-01 02:55:29 PM,184.64,10,1846.3999999999999,25582562.109999996
2025-08-01 02:55:56 PM,184.5,1020,188190.0,25770752.109999996
2025-08-01 02:56:26 PM,184.67,0,0.0,25770752.109999996
2025-08-01 02:56:30 PM,184.67,10,1846.6999999999998,25772598.809999995
2025-08-01 02:56:30 PM,184.5,0,0.0,25772598.809999995
2025-08-01 02:56:30 PM,184.5,50,9225.0,25781823.809999995
2025-08-01 02:56:46 PM,184.5,132,24354.0,25806177.809999995
2025-08-01 02:57:42 PM,184.5,231,42619.5,25848797.309999995
2025-08-01 02:58:14 PM,184.5,50,9225.0,25858022.309999995
2025-08-01 02:58:43 PM,184.5,1,184.5,25858206.809999995
2025-08-01 02:59:19 PM,184.7,542,100107.4,25958314.209999993
2025-08-01 03:00:28 PM,184.89,1,184.89,25958499.099999994
2025-08-01 03:00:52 PM,184.9,10,1849.0,25960348.099999994
2025-08-01 03:00:54 PM,184.92,0,0.0,25960348.099999994
2025-08-01 03:00:55 PM,184.92,496,91720.31999999999,26052068.419999994
2025-08-01 03:01:16 PM,185.0,0,0.0,26052068.419999994
2025-08-01 03:01:17 PM,185.0,40,7400.0,26059468.419999994
2025-08-01 03:01:31 PM,184.98,0,0.0,26059468.419999994
2025-08-01 03:01:32 PM,184.98,10,1849.8,26061318.219999995
2025-08-01 03:02:12 PM,184.88,50,9244.0,26070562.219999995
2025-08-01 03:02:36 PM,184.88,10,1848.8,26072411.019999996
2025-08-01 03:02:42 PM,185.0,10,1850.0,26074261.019999996
2025-08-01 03:03:19 PM,184.99,1,184.99,26074446.009999994
2025-08-01 03:03:28 PM,184.85,0,0.0,26074446.009999994
2025-08-01 03:03:28 PM,184.85,1020,188547.0,26262993.009999994
2025-08-01 03:03:46 PM,184.52,0,0.0,26262993.009999994
2025-08-01 03:03:46 PM,184.52,50,9226.0,26272219.009999994
2025-08-01 03:03:58 PM,184.5,0,0.0,26272219.009999994
2025-08-01 03:03:58 PM,184.5,1,184.5,26272403.509999994
2025-08-01 03:04:29 PM,184.5,1,184.5,26272588.009999994
2025-08-01 03:06:06 PM,184.71,5,923.5500000000001,26273511.559999995
2025-08-01 03:06:13 PM,184.71,10,1847.1000000000001,26275358.659999996
2025-08-01 03:06:15 PM,184.71,15,2770.65,26278129.309999995
2025-08-01 03:06:18 PM,184.73,15,2770.95,26280900.259999994
2025-08-01 03:06:26 PM,184.56,0,0.0,26280900.259999994
2025-08-01 03:06:27 PM,184.56,299,55183.44,26336083.699999996
2025-08-01 03:06:33 PM,184.59,0,0.0,26336083.699999996
2025-08-01 03:06:33 PM,184.59,4,738.36,26336822.059999995
2025-08-01 03:06:47 PM,184.73,0,0.0,26336822.059999995
2025-08-01 03:06:49 PM,184.73,10,1847.3,26338669.359999996
2025-08-01 03:07:10 PM,184.76,0,0.0,26338669.359999996
2025-08-01 03:07:11 PM,184.76,10,1847.6,26340516.959999997
2025-08-01 03:07:27 PM,184.76,10,1847.6,26342364.56
2025-08-01 03:07:47 PM,184.76,172,31778.719999999998,26374143.279999997
2025-08-01 03:08:17 PM,184.53,0,0.0,26374143.279999997
2025-08-01 03:08:18 PM,184.53,500,92265.0,26466408.279999997
2025-08-01 03:08:43 PM,184.9,508,93929.2,26560337.479999997
2025-08-01 03:08:45 PM,185.0,0,0.0,26560337.479999997
2025-08-01 03:08:47 PM,185.0,840,155400.0,26715737.479999997
2025-08-01 03:08:53 PM,185.0,8,1480.0,26717217.479999997
2025-08-01 03:09:00 PM,184.93,81,14979.33,26732196.809999995
2025-08-01 03:09:03 PM,185.0,0,0.0,26732196.809999995
2025-08-01 03:09:06 PM,185.0,20,3700.0,26735896.809999995
2025-08-01 03:09:13 PM,184.8,1000,184800.0,26920696.809999995
2025-08-01 03:09:19 PM,184.88,4,739.52,26921436.329999994
2025-08-01 03:09:38 PM,184.86,4,739.44,26922175.769999996
2025-08-01 03:09:41 PM,183.95,0,0.0,26922175.769999996
2025-08-01 03:09:45 PM,184.0,20640,3797760.0,30719935.769999996
2025-08-01 03:09:47 PM,182.66,933,170421.78,30890357.549999997
2025-08-01 03:09:50 PM,182.34,0,0.0,30890357.549999997
2025-08-01 03:09:50 PM,183.06,0,0.0,30890357.549999997
2025-08-01 03:09:52 PM,183.06,65,11898.9,30902256.449999996
2025-08-01 03:09:57 PM,182.65,0,0.0,30902256.449999996
2025-08-01 03:09:59 PM,182.65,1,182.65,30902439.099999994
2025-08-01 03:10:01 PM,182.95,240,43908.0,30946347.099999994
2025-08-01 03:10:07 PM,182.46,0,0.0,30946347.099999994
2025-08-01 03:10:09 PM,182.69,191,34893.79,30981240.889999993
2025-08-01 03:10:16 PM,182.0,319,58058.0,31039298.889999993
2025-08-01 03:10:40 PM,182.39,250,45597.5,31084896.389999993
2025-08-01 03:10:46 PM,182.15,0,0.0,31084896.389999993
2025-08-01 03:10:47 PM,182.15,252,45901.8,31130798.189999994
2025-08-01 03:11:12 PM,182.15,10,1821.5,31132619.689999994
2025-08-01 03:11:29 PM,182.5,0,0.0,31132619.689999994
2025-08-01 03:11:31 PM,182.5,473,86322.5,31218942.189999994
2025-08-01 03:11:38 PM,182.5,102,18615.0,31237557.189999994
2025-08-01 03:11:40 PM,182.5,26,4745.0,31242302.189999994
2025-08-01 03:12:09 PM,181.99,0,0.0,31242302.189999994
2025-08-01 03:12:11 PM,181.99,1002,182353.98,31424656.169999994
2025-08-01 03:12:19 PM,181.92,1,181.92,31424838.089999996
2025-08-01 03:12:45 PM,181.93,0,0.0,31424838.089999996
2025-08-01 03:12:46 PM,181.93,1,181.93,31425020.019999996
2025-08-01 03:12:55 PM,182.0,0,0.0,31425020.019999996
2025-08-01 03:12:55 PM,182.0,1002,182364.0,31607384.019999996
2025-08-01 03:13:10 PM,181.93,0,0.0,31607384.019999996
2025-08-01 03:13:12 PM,182.0,19,3458.0,31610842.019999996
2025-08-01 03:13:26 PM,181.99,0,0.0,31610842.019999996
2025-08-01 03:13:28 PM,181.99,10,1819.9,31612661.919999994
2025-08-01 03:13:37 PM,181.96,12,2183.52,31614845.439999994
2025-08-01 03:14:00 PM,181.81,13,2363.53,31617208.969999995
2025-08-01 03:14:03 PM,181.95,0,0.0,31617208.969999995
2025-08-01 03:14:03 PM,181.95,1,181.95,31617390.919999994
2025-08-01 03:14:10 PM,181.95,200,36390.0,31653780.919999994
2025-08-01 03:14:13 PM,181.95,10,1819.5,31655600.419999994
2025-08-01 03:14:29 PM,181.93,0,0.0,31655600.419999994
2025-08-01 03:14:31 PM,181.93,101,18374.93,31673975.349999994
2025-08-01 03:14:37 PM,181.94,83,15101.02,31689076.369999994
2025-08-01 03:14:57 PM,181.97,0,0.0,31689076.369999994
2025-08-01 03:14:58 PM,181.97,19,3457.43,31692533.799999993
2025-08-01 03:15:02 PM,181.98,363,66058.73999999999,31758592.53999999
2025-08-01 03:15:09 PM,181.7,5002,908863.3999999999,32667455.93999999
2025-08-01 03:15:14 PM,181.71,0,0.0,32667455.93999999
2025-08-01 03:15:17 PM,181.71,25,4542.75,32671998.68999999
2025-08-01 03:15:20 PM,181.5,100,18150.0,32690148.68999999
2025-08-01 03:15:23 PM,181.7,0,0.0,32690148.68999999
2025-08-01 03:15:24 PM,181.7,6006,1091290.2,33781438.88999999
2025-08-01 03:15:38 PM,181.48,0,0.0,33781438.88999999
2025-08-01 03:15:39 PM,181.48,1,181.48,33781620.36999999
2025-08-01 03:15:42 PM,181.27,637,115468.99,33897089.35999999
2025-08-01 03:15:54 PM,180.44,2000,360880.0,34257969.35999999
2025-08-01 03:16:01 PM,180.99,50,9049.5,34267018.85999999
2025-08-01 03:16:07 PM,180.86,0,0.0,34267018.85999999
2025-08-01 03:16:08 PM,180.86,29,5244.9400000000005,34272263.79999999
2025-08-01 03:16:15 PM,180.47,4,721.88,34272985.67999999
2025-08-01 03:16:28 PM,180.46,0,0.0,34272985.67999999
2025-08-01 03:16:29 PM,180.46,5,902.3000000000001,34273887.97999999
2025-08-01 03:16:48 PM,180.5,0,0.0,34273887.97999999
2025-08-01 03:16:49 PM,180.5,1,180.5,34274068.47999999
2025-08-01 03:17:08 PM,180.1,0,0.0,34274068.47999999
2025-08-01 03:17:09 PM,180.1,3000,540300.0,34814368.47999999
2025-08-01 03:17:23 PM,180.1,700,126070.0,34940438.47999999
2025-08-01 03:17:26 PM,180.68,0,0.0,34940438.47999999
2025-08-01 03:17:29 PM,180.68,1,180.68,34940619.15999999
2025-08-01 03:17:41 PM,180.4,0,0.0,34940619.15999999
2025-08-01 03:17:42 PM,180.4,200,36080.0,34976699.15999999
2025-08-01 03:17:44 PM,180.27,2,360.54,34977059.69999999
2025-08-01 03:17:49 PM,180.1,1000,180100.0,35157159.69999999
2025-08-01 03:17:50 PM,180.52,100,18052.0,35175211.69999999
2025-08-01 03:17:57 PM,180.5,250,45125.0,35220336.69999999
2025-08-01 03:18:01 PM,182.0,0,0.0,35220336.69999999
2025-08-01 03:18:01 PM,182.0,9440,1718080.0,36938416.69999999
2025-08-01 03:18:08 PM,182.0,4,728.0,36939144.69999999
2025-08-01 03:18:10 PM,182.12,1051,191408.12,37130552.819999985
2025-08-01 03:18:22 PM,182.0,500,91000.0,37221552.819999985
2025-08-01 03:18:28 PM,182.5,134,24455.0,37246007.819999985
2025-08-01 03:18:35 PM,182.48,1,182.48,37246190.29999998
2025-08-01 03:19:06 PM,182.53,0,0.0,37246190.29999998
2025-08-01 03:19:07 PM,182.53,553,100939.09,37347129.389999986
2025-08-01 03:19:20 PM,182.52,0,0.0,37347129.389999986
2025-08-01 03:19:21 PM,182.52,50,9126.0,37356255.389999986
2025-08-01 03:19:40 PM,182.51,0,0.0,37356255.389999986
2025-08-01 03:19:40 PM,182.51,10,1825.1,37358080.48999999
2025-08-01 03:19:49 PM,182.0,85,15470.0,37373550.48999999
2025-08-01 03:20:02 PM,182.17,20,3643.3999999999996,37377193.889999986
2025-08-01 03:20:05 PM,182.0,0,0.0,37377193.889999986
2025-08-01 03:20:07 PM,182.0,29,5278.0,37382471.889999986
2025-08-01 03:20:24 PM,182.0,30,5460.0,37387931.889999986
2025-08-01 03:20:29 PM,182.1,50,9105.0,37397036.889999986
2025-08-01 03:20:37 PM,182.21,0,0.0,37397036.889999986
2025-08-01 03:20:38 PM,182.21,35,6377.35,37403414.23999999
2025-08-01 03:20:40 PM,182.13,0,0.0,37403414.23999999
2025-08-01 03:20:43 PM,182.13,62,11292.06,37414706.29999999
2025-08-01 03:21:05 PM,182.13,61,11109.93,37425816.22999999
2025-08-01 03:21:13 PM,182.0,1,182.0,37425998.22999999
2025-08-01 03:21:22 PM,182.2,0,0.0,37425998.22999999
2025-08-01 03:21:24 PM,182.2,15,2733.0,37428731.22999999
2025-08-01 03:21:27 PM,182.2,10,1822.0,37430553.22999999
2025-08-01 03:21:33 PM,182.0,1258,228956.0,37659509.22999999
2025-08-01 03:21:37 PM,182.15,0,0.0,37659509.22999999
2025-08-01 03:21:38 PM,182.22,249,45372.78,37704882.00999999
2025-08-01 03:21:47 PM,182.38,0,0.0,37704882.00999999
2025-08-01 03:21:51 PM,182.38,514,93743.31999999999,37798625.32999999
2025-08-01 03:22:11 PM,182.5,82,14965.0,37813590.32999999
2025-08-01 03:22:25 PM,182.23,0,0.0,37813590.32999999
2025-08-01 03:22:25 PM,182.23,12,2186.7599999999998,37815777.08999999
2025-08-01 03:22:52 PM,182.45,99,18062.55,37833839.639999986
2025-08-01 03:22:54 PM,182.21,10,1822.1000000000001,37835661.73999999
2025-08-01 03:23:00 PM,182.42,12,2189.04,37837850.77999999
2025-08-01 03:23:32 PM,182.27,646,117746.42000000001,37955597.19999999
2025-08-01 03:23:38 PM,182.27,100,18227.0,37973824.19999999
2025-08-01 03:23:51 PM,182.06,62,11287.72,37985111.91999999
2025-08-01 03:24:03 PM,182.34,0,0.0,37985111.91999999
2025-08-01 03:24:04 PM,182.34,20,3646.8,37988758.719999984
2025-08-01 03:24:10 PM,182.07,0,0.0,37988758.719999984
2025-08-01 03:24:12 PM,182.07,50,9103.5,37997862.219999984
2025-08-01 03:24:21 PM,182.3,0,0.0,37997862.219999984
2025-08-01 03:24:25 PM,182.3,30,5469.0,38003331.219999984
2025-08-01 03:24:47 PM,182.12,372,67748.64,38071079.859999985
2025-08-01 03:24:51 PM,182.06,0,0.0,38071079.859999985
2025-08-01 03:24:52 PM,182.06,1,182.06,38071261.91999999
2025-08-01 03:24:53 PM,182.0,131,23842.0,38095103.91999999
2025-08-01 03:24:58 PM,182.08,20,3641.6000000000004,38098745.51999999
2025-08-01 03:25:05 PM,182.08,10,1820.8000000000002,38100566.319999985
2025-08-01 03:25:06 PM,182.0,84,15288.0,38115854.319999985
2025-08-01 03:25:11 PM,182.0,137,24934.0,38140788.319999985
2025-08-01 03:25:19 PM,182.0,59,10738.0,38151526.319999985
2025-08-01 03:25:26 PM,182.0,107,19474.0,38171000.319999985
2025-08-01 03:25:50 PM,182.04,10,1820.3999999999999,38172820.719999984
2025-08-01 03:25:57 PM,182.03,326,59341.78,38232162.499999985
2025-08-01 03:25:58 PM,182.0,71,12922.0,38245084.499999985
2025-08-01 03:26:17 PM,182.03,96,17474.88,38262559.37999999
2025-08-01 03:26:31 PM,182.0,63,11466.0,38274025.37999999
2025-08-01 03:26:34 PM,182.03,0,0.0,38274025.37999999
2025-08-01 03:26:37 PM,182.03,10,1820.3,38275845.679999985
2025-08-01 03:26:50 PM,182.0,10,1820.0,38277665.679999985
2025-08-01 03:26:52 PM,182.03,10,1820.3,38279485.97999998
2025-08-01 03:26:55 PM,182.0,0,0.0,38279485.97999998
2025-08-01 03:26:57 PM,182.0,173,31486.0,38310971.97999998
2025-08-01 03:27:03 PM,182.01,26,4732.26,38315704.23999998
2025-08-01 03:27:05 PM,181.97,705,128288.85,38443993.08999998
2025-08-01 03:27:05 PM,182.0,0,0.0,38443993.08999998
2025-08-01 03:27:10 PM,182.0,473,86086.0,38530079.08999998
2025-08-01 03:27:12 PM,182.0,63,11466.0,38541545.08999998
2025-08-01 03:27:17 PM,182.0,493,89726.0,38631271.08999998
2025-08-01 03:27:22 PM,182.03,0,0.0,38631271.08999998
2025-08-01 03:27:24 PM,182.03,17,3094.51,38634365.59999998
2025-08-01 03:27:32 PM,182.03,18,3276.54,38637642.13999998
2025-08-01 03:27:46 PM,181.89,3396,617698.44,39255340.579999976
2025-08-01 03:27:47 PM,181.5,0,0.0,39255340.579999976
2025-08-01 03:27:48 PM,181.0,382,69142.0,39324482.579999976
2025-08-01 03:27:55 PM,180.55,106,19138.300000000003,39343620.87999997
2025-08-01 03:28:00 PM,180.7,2,361.4,39343982.27999997
2025-08-01 03:28:06 PM,180.7,583,105348.09999999999,39449330.37999997
2025-08-01 03:28:13 PM,180.75,0,0.0,39449330.37999997
2025-08-01 03:28:13 PM,180.75,159,28739.25,39478069.62999997
2025-08-01 03:28:17 PM,180.98,0,0.0,39478069.62999997
2025-08-01 03:28:20 PM,180.98,129,23346.42,39501416.049999975
2025-08-01 03:28:36 PM,181.85,0,0.0,39501416.049999975
2025-08-01 03:28:37 PM,181.8,267,48540.600000000006,39549956.649999976
2025-08-01 03:28:52 PM,180.99,0,0.0,39549956.649999976
2025-08-01 03:28:55 PM,180.99,2,361.98,39550318.62999997
2025-08-01 03:29:01 PM,180.99,16,2895.84,39553214.46999998
2025-08-01 03:29:04 PM,180.99,100,18099.0,39571313.46999998
2025-08-01 03:29:05 PM,180.98,0,0.0,39571313.46999998
2025-08-01 03:29:09 PM,180.99,230,41627.700000000004,39612941.16999998
2025-08-01 03:29:18 PM,181.0,77,13937.0,39626878.16999998
2025-08-01 03:29:25 PM,180.54,0,0.0,39626878.16999998
2025-08-01 03:29:25 PM,180.54,252,45496.079999999994,39672374.24999998
2025-08-01 03:29:33 PM,180.54,52,9388.08,39681762.329999976
2025-08-01 03:29:41 PM,180.2,1100,198220.0,39879982.329999976
2025-08-01 03:29:47 PM,180.15,0,0.0,39879982.329999976
2025-08-01 03:29:48 PM,180.15,136,24500.4,39904482.729999974
2025-08-01 03:29:50 PM,180.15,1,180.15,39904662.87999997
2025-08-01 03:29:55 PM,180.15,50,9007.5,39913670.37999997
2025-08-01 03:29:57 PM,181.79,2,363.58,39914033.95999997
2025-08-01 03:29:58 PM,180.15,0,0.0,39914033.95999997
