date,price,qty,trnvr,cum_trnvr
2025-08-01 09:15:01 AM,667.85,28314,18909504.900000002,18909504.900000002
2025-08-01 09:15:01 AM,666.9,1912,1275112.8,20184617.700000003
2025-08-01 09:15:01 AM,666.45,6518,4343921.100000001,24528538.800000004
2025-08-01 09:15:02 AM,665.85,41503,27634772.55,52163311.35000001
2025-08-01 09:15:02 AM,663.7,1078,715468.6000000001,52878779.95000001
2025-08-01 09:15:02 AM,663.95,0,0.0,52878779.95000001
2025-08-01 09:15:03 AM,663.3,8041,5333595.3,58212375.25000001
2025-08-01 09:15:03 AM,662.25,0,0.0,58212375.25000001
2025-08-01 09:15:03 AM,662.15,116,76809.4,58289184.650000006
2025-08-01 09:15:04 AM,663.3,9774,6483094.199999999,64772278.85000001
2025-08-01 09:15:04 AM,663.7,3166,2101274.2,66873553.05000001
2025-08-01 09:15:05 AM,663.75,3849,2554773.75,69428326.80000001
2025-08-01 09:15:05 AM,663.6,0,0.0,69428326.80000001
2025-08-01 09:15:05 AM,664.3,193,128209.9,69556536.70000002
2025-08-01 09:15:06 AM,664.35,6407,4256490.45,73813027.15000002
2025-08-01 09:15:06 AM,663.5,766,508241.0,74321268.15000002
2025-08-01 09:15:07 AM,663.4,2612,1732800.8,76054068.95000002
2025-08-01 09:15:07 AM,663.05,2010,1332730.5,77386799.45000002
2025-08-01 09:15:08 AM,663.1,1875,1243312.5,78630111.95000002
2025-08-01 09:15:08 AM,663.4,200,132680.0,78762791.95000002
2025-08-01 09:15:09 AM,663.4,2403,1594150.2,80356942.15000002
2025-08-01 09:15:09 AM,662.7,352,233270.40000000002,80590212.55000003
2025-08-01 09:15:10 AM,662.0,2532,1676184.0,82266396.55000003
2025-08-01 09:15:10 AM,662.0,506,334972.0,82601368.55000003
2025-08-01 09:15:11 AM,662.25,6551,4338399.75,86939768.30000003
2025-08-01 09:15:12 AM,661.85,3759,2487894.15,89427662.45000003
2025-08-01 09:15:13 AM,662.35,2708,1793643.8,91221306.25000003
2025-08-01 09:15:13 AM,662.3,0,0.0,91221306.25000003
2025-08-01 09:15:14 AM,662.35,2293,1518768.55,92740074.80000003
2025-08-01 09:15:14 AM,662.0,0,0.0,92740074.80000003
2025-08-01 09:15:14 AM,662.0,200,132400.0,92872474.80000003
2025-08-01 09:15:14 AM,662.4,0,0.0,92872474.80000003
2025-08-01 09:15:15 AM,662.45,5837,3866720.6500000004,96739195.45000003
2025-08-01 09:15:16 AM,662.95,896,594003.2000000001,97333198.65000004
2025-08-01 09:15:16 AM,662.6,0,0.0,97333198.65000004
2025-08-01 09:15:16 AM,662.6,34,22528.4,97355727.05000004
2025-08-01 09:15:16 AM,662.9,0,0.0,97355727.05000004
2025-08-01 09:15:17 AM,662.8,1135,752278.0,98108005.05000004
2025-08-01 09:15:17 AM,662.4,0,0.0,98108005.05000004
2025-08-01 09:15:18 AM,662.8,1045,692626.0,98800631.05000004
2025-08-01 09:15:18 AM,662.25,0,0.0,98800631.05000004
2025-08-01 09:15:19 AM,662.65,5538,3669755.6999999997,102470386.75000004
2025-08-01 09:15:19 AM,662.4,0,0.0,102470386.75000004
2025-08-01 09:15:20 AM,662.6,413,273653.8,102744040.55000004
2025-08-01 09:15:20 AM,662.95,2,1325.9,102745366.45000005
2025-08-01 09:15:21 AM,662.95,298,197559.1,102942925.55000004
2025-08-01 09:15:22 AM,663.05,1645,1090717.25,104033642.80000004
2025-08-01 09:15:22 AM,663.05,41,27185.05,104060827.85000004
2025-08-01 09:15:22 AM,662.25,0,0.0,104060827.85000004
2025-08-01 09:15:23 AM,662.5,2080,1378000.0,105438827.85000004
2025-08-01 09:15:23 AM,662.2,0,0.0,105438827.85000004
2025-08-01 09:15:24 AM,662.05,7556,5002449.8,110441277.65000004
2025-08-01 09:15:24 AM,661.3,0,0.0,110441277.65000004
2025-08-01 09:15:25 AM,661.7,4072,2694442.4000000004,113135720.05000004
2025-08-01 09:15:25 AM,661.7,331,219022.7,113354742.75000004
2025-08-01 09:15:25 AM,661.8,0,0.0,113354742.75000004
2025-08-01 09:15:26 AM,661.9,1921,1271509.9,114626252.65000005
2025-08-01 09:15:26 AM,661.95,500,330975.0,114957227.65000005
2025-08-01 09:15:27 AM,661.55,2878,1903940.9,116861168.55000006
2025-08-01 09:15:27 AM,661.75,14,9264.5,116870433.05000006
2025-08-01 09:15:28 AM,661.85,1260,833931.0,117704364.05000006
2025-08-01 09:15:28 AM,661.85,141,93320.85,117797684.90000005
2025-08-01 09:15:28 AM,661.65,0,0.0,117797684.90000005
2025-08-01 09:15:29 AM,661.6,2713,1794920.8,119592605.70000005
2025-08-01 09:15:29 AM,661.65,132,87337.8,119679943.50000004
2025-08-01 09:15:30 AM,661.6,678,448564.8,120128508.30000004
2025-08-01 09:15:30 AM,661.2,547,361676.4,120490184.70000005
2025-08-01 09:15:30 AM,661.0,0,0.0,120490184.70000005
2025-08-01 09:15:31 AM,661.05,2836,1874737.7999999998,122364922.50000004
2025-08-01 09:15:31 AM,661.15,51,33718.65,122398641.15000005
2025-08-01 09:15:32 AM,661.2,341,225469.2,122624110.35000005
2025-08-01 09:15:32 AM,661.0,476,314636.0,122938746.35000005
2025-08-01 09:15:32 AM,661.2,0,0.0,122938746.35000005
2025-08-01 09:15:32 AM,661.3,0,0.0,122938746.35000005
2025-08-01 09:15:33 AM,660.65,3360,2219784.0,125158530.35000005
2025-08-01 09:15:33 AM,661.15,26,17189.899999999998,125175720.25000006
2025-08-01 09:15:33 AM,661.05,0,0.0,125175720.25000006
2025-08-01 09:15:34 AM,661.0,1037,685457.0,125861177.25000006
2025-08-01 09:15:34 AM,660.9,1045,690640.5,126551817.75000006
2025-08-01 09:15:34 AM,660.35,0,0.0,126551817.75000006
2025-08-01 09:15:35 AM,661.1,3143,2077837.3,128629655.05000006
2025-08-01 09:15:35 AM,661.45,1572,1039799.4,129669454.45000006
2025-08-01 09:15:35 AM,661.2,0,0.0,129669454.45000006
2025-08-01 09:15:36 AM,661.75,1181,781526.75,130450981.20000006
2025-08-01 09:15:36 AM,661.55,1136,751520.7999999999,131202502.00000006
2025-08-01 09:15:37 AM,662.2,3083,2041562.6,133244064.60000005
2025-08-01 09:15:37 AM,661.8,924,611503.2,133855567.80000006
2025-08-01 09:15:37 AM,661.75,0,0.0,133855567.80000006
2025-08-01 09:15:38 AM,662.2,1139,754245.8,134609813.60000005
2025-08-01 09:15:38 AM,661.75,0,0.0,134609813.60000005
2025-08-01 09:15:38 AM,661.75,501,331536.75,134941350.35000005
2025-08-01 09:15:39 AM,662.15,767,507869.05,135449219.40000007
2025-08-01 09:15:39 AM,662.2,1334,883374.8,136332594.20000008
2025-08-01 09:15:39 AM,661.75,0,0.0,136332594.20000008
2025-08-01 09:15:40 AM,662.1,338,223789.80000000002,136556384.0000001
2025-08-01 09:15:40 AM,662.0,160,105920.0,136662304.0000001
2025-08-01 09:15:41 AM,661.9,1451,960416.9,137622720.9000001
2025-08-01 09:15:41 AM,661.55,424,280497.19999999995,137903218.10000008
2025-08-01 09:15:42 AM,661.75,886,586310.5,138489528.60000008
2025-08-01 09:15:42 AM,661.8,250,165450.0,138654978.60000008
2025-08-01 09:15:42 AM,662.35,0,0.0,138654978.60000008
2025-08-01 09:15:43 AM,662.4,1736,1149926.4,139804905.0000001
2025-08-01 09:15:43 AM,662.4,664,439833.6,140244738.60000008
2025-08-01 09:15:43 AM,662.6,0,0.0,140244738.60000008
2025-08-01 09:15:44 AM,662.35,603,399397.05,140644135.6500001
2025-08-01 09:15:44 AM,662.0,1090,721580.0,141365715.6500001
2025-08-01 09:15:44 AM,662.2,0,0.0,141365715.6500001
2025-08-01 09:15:45 AM,662.2,527,348979.4,141714695.0500001
2025-08-01 09:15:45 AM,662.45,561,371634.45,142086329.5000001
2025-08-01 09:15:46 AM,662.1,138,91369.8,142177699.3000001
2025-08-01 09:15:46 AM,662.15,5,3310.75,142181010.0500001
2025-08-01 09:15:46 AM,661.9,0,0.0,142181010.0500001
2025-08-01 09:15:47 AM,662.15,487,322467.05,142503477.1000001
2025-08-01 09:15:47 AM,662.15,525,347628.75,142851105.8500001
2025-08-01 09:15:48 AM,662.0,197,130414.0,142981519.8500001
2025-08-01 09:15:48 AM,662.1,0,0.0,142981519.8500001
2025-08-01 09:15:48 AM,662.1,10,6621.0,142988140.8500001
2025-08-01 09:15:49 AM,662.45,5814,3851484.3000000003,146839625.15000013
2025-08-01 09:15:49 AM,662.25,0,0.0,146839625.15000013
2025-08-01 09:15:49 AM,662.05,1767,1169842.3499999999,148009467.50000012
2025-08-01 09:15:49 AM,662.1,0,0.0,148009467.50000012
2025-08-01 09:15:50 AM,662.4,513,339811.2,148349278.7000001
2025-08-01 09:15:50 AM,662.2,302,199984.40000000002,148549263.1000001
2025-08-01 09:15:50 AM,662.4,0,0.0,148549263.1000001
2025-08-01 09:15:51 AM,662.35,197,130482.95000000001,148679746.0500001
2025-08-01 09:15:52 AM,662.35,33,21857.55,148701603.6000001
2025-08-01 09:15:52 AM,662.25,91,60264.75,148761868.3500001
2025-08-01 09:15:53 AM,662.0,3682,2437484.0,151199352.3500001
2025-08-01 09:15:53 AM,662.05,0,0.0,151199352.3500001
2025-08-01 09:15:53 AM,662.0,0,0.0,151199352.3500001
2025-08-01 09:15:54 AM,662.1,1643,1087830.3,152287182.65000013
2025-08-01 09:15:55 AM,661.8,1896,1254772.7999999998,153541955.45000014
2025-08-01 09:15:55 AM,662.0,60,39720.0,153581675.45000014
2025-08-01 09:15:55 AM,662.05,0,0.0,153581675.45000014
2025-08-01 09:15:56 AM,662.15,1618,1071358.7,154653034.15000013
2025-08-01 09:15:56 AM,661.8,0,0.0,154653034.15000013
2025-08-01 09:15:57 AM,661.75,2640,1747020.0,156400054.15000013
2025-08-01 09:15:57 AM,661.85,315,208482.75,156608536.90000013
2025-08-01 09:15:58 AM,661.85,1221,808118.85,157416655.75000012
2025-08-01 09:15:58 AM,661.85,98,64861.3,157481517.05000013
2025-08-01 09:15:58 AM,661.6,0,0.0,157481517.05000013
2025-08-01 09:15:58 AM,661.85,0,0.0,157481517.05000013
2025-08-01 09:15:59 AM,661.8,1497,990714.6,158472231.65000013
2025-08-01 09:15:59 AM,661.8,10,6618.0,158478849.65000013
2025-08-01 09:15:59 AM,662.0,0,0.0,158478849.65000013
2025-08-01 09:16:00 AM,661.6,6275,4151540.0,162630389.65000013
2025-08-01 09:16:00 AM,661.6,2,1323.2,162631712.8500001
2025-08-01 09:16:00 AM,661.1,0,0.0,162631712.8500001
2025-08-01 09:16:00 AM,661.05,0,0.0,162631712.8500001
2025-08-01 09:16:01 AM,661.4,796,526474.4,163158187.25000012
2025-08-01 09:16:01 AM,661.35,0,0.0,163158187.25000012
2025-08-01 09:16:02 AM,661.35,275,181871.25,163340058.50000012
2025-08-01 09:16:02 AM,661.35,550,363742.5,163703801.00000012
2025-08-01 09:16:03 AM,661.3,520,343876.0,164047677.00000012
2025-08-01 09:16:03 AM,661.3,1949,1288873.7,165336550.7000001
2025-08-01 09:16:03 AM,661.05,0,0.0,165336550.7000001
2025-08-01 09:16:04 AM,661.3,935,618315.5,165954866.2000001
2025-08-01 09:16:04 AM,661.35,994,657381.9,166612248.1000001
2025-08-01 09:16:04 AM,661.45,0,0.0,166612248.1000001
2025-08-01 09:16:05 AM,661.45,176,116415.20000000001,166728663.3000001
2025-08-01 09:16:05 AM,661.5,0,0.0,166728663.3000001
2025-08-01 09:16:05 AM,661.5,203,134284.5,166862947.8000001
2025-08-01 09:16:05 AM,661.2,0,0.0,166862947.8000001
2025-08-01 09:16:06 AM,661.25,489,323351.25,167186299.0500001
2025-08-01 09:16:06 AM,661.45,0,0.0,167186299.0500001
2025-08-01 09:16:06 AM,661.55,419,277189.44999999995,167463488.5000001
2025-08-01 09:16:07 AM,661.4,53,35054.2,167498542.70000008
2025-08-01 09:16:07 AM,661.65,0,0.0,167498542.70000008
2025-08-01 09:16:08 AM,661.65,1932,1278307.8,168776850.5000001
2025-08-01 09:16:08 AM,661.85,0,0.0,168776850.5000001
2025-08-01 09:16:09 AM,661.85,376,248855.6,169025706.10000008
2025-08-01 09:16:09 AM,661.95,0,0.0,169025706.10000008
2025-08-01 09:16:10 AM,661.6,1942,1284827.2,170310533.30000007
2025-08-01 09:16:10 AM,661.8,0,0.0,170310533.30000007
2025-08-01 09:16:11 AM,661.8,280,185304.0,170495837.30000007
2025-08-01 09:16:11 AM,661.85,1301,861066.85,171356904.15000007
2025-08-01 09:16:11 AM,661.55,0,0.0,171356904.15000007
2025-08-01 09:16:11 AM,661.4,0,0.0,171356904.15000007
2025-08-01 09:16:12 AM,661.65,2238,1480772.7,172837676.85000005
2025-08-01 09:16:12 AM,661.65,60,39699.0,172877375.85000005
2025-08-01 09:16:12 AM,661.55,0,0.0,172877375.85000005
2025-08-01 09:16:13 AM,661.6,1209,799874.4,173677250.25000006
2025-08-01 09:16:13 AM,661.3,3,1983.8999999999999,173679234.15000007
2025-08-01 09:16:13 AM,661.25,0,0.0,173679234.15000007
2025-08-01 09:16:13 AM,661.2,0,0.0,173679234.15000007
2025-08-01 09:16:14 AM,661.3,4458,2948075.4,176627309.55000007
2025-08-01 09:16:14 AM,661.3,1914,1265728.2,177893037.75000006
2025-08-01 09:16:15 AM,661.3,816,539620.7999999999,178432658.55000007
2025-08-01 09:16:15 AM,661.45,1592,1053028.4000000001,179485686.95000008
2025-08-01 09:16:16 AM,661.1,3486,2304594.6,181790281.55000007
2025-08-01 09:16:16 AM,661.25,0,0.0,181790281.55000007
2025-08-01 09:16:16 AM,661.25,252,166635.0,181956916.55000007
2025-08-01 09:16:17 AM,661.35,292,193114.2,182150030.75000006
2025-08-01 09:16:17 AM,661.35,562,371678.7,182521709.45000005
2025-08-01 09:16:18 AM,661.35,25,16533.75,182538243.20000005
2025-08-01 09:16:18 AM,661.4,0,0.0,182538243.20000005
2025-08-01 09:16:19 AM,661.4,1712,1132316.8,183670560.00000006
2025-08-01 09:16:19 AM,661.25,0,0.0,183670560.00000006
2025-08-01 09:16:20 AM,661.5,3000,1984500.0,185655060.00000006
2025-08-01 09:16:20 AM,660.9,16808,11108407.2,196763467.20000005
2025-08-01 09:16:20 AM,661.15,0,0.0,196763467.20000005
2025-08-01 09:16:20 AM,661.2,0,0.0,196763467.20000005
2025-08-01 09:16:21 AM,661.2,813,537555.6000000001,197301022.80000004
2025-08-01 09:16:21 AM,661.1,2195,1451114.5,198752137.30000004
2025-08-01 09:16:21 AM,661.0,0,0.0,198752137.30000004
2025-08-01 09:16:21 AM,661.05,0,0.0,198752137.30000004
2025-08-01 09:16:22 AM,660.65,1302,860166.2999999999,199612303.60000005
2025-08-01 09:16:22 AM,660.95,849,561146.55,200173450.15000007
2025-08-01 09:16:22 AM,661.0,0,0.0,200173450.15000007
2025-08-01 09:16:23 AM,661.05,1447,956539.35,201129989.50000006
2025-08-01 09:16:23 AM,661.05,58,38340.899999999994,201168330.40000007
2025-08-01 09:16:23 AM,661.0,0,0.0,201168330.40000007
2025-08-01 09:16:24 AM,661.05,746,493143.3,201661473.70000008
2025-08-01 09:16:24 AM,660.9,10,6609.0,201668082.70000008
2025-08-01 09:16:24 AM,661.0,0,0.0,201668082.70000008
2025-08-01 09:16:25 AM,661.15,5927,3918636.05,205586718.7500001
2025-08-01 09:16:25 AM,660.9,121,79968.9,205666687.6500001
2025-08-01 09:16:25 AM,660.7,0,0.0,205666687.6500001
2025-08-01 09:16:25 AM,660.9,0,0.0,205666687.6500001
2025-08-01 09:16:26 AM,660.95,982,649052.9,206315740.5500001
2025-08-01 09:16:26 AM,661.0,90,59490.0,206375230.5500001
2025-08-01 09:16:26 AM,661.05,0,0.0,206375230.5500001
2025-08-01 09:16:27 AM,661.05,113,74698.65,206449929.2000001
2025-08-01 09:16:27 AM,661.0,237,156657.0,206606586.2000001
2025-08-01 09:16:27 AM,661.0,5,3305.0,206609891.2000001
2025-08-01 09:16:28 AM,661.0,489,323229.0,206933120.2000001
2025-08-01 09:16:28 AM,661.0,38,25118.0,206958238.2000001
2025-08-01 09:16:29 AM,660.95,2628,1736976.6,208695214.8000001
2025-08-01 09:16:29 AM,661.1,0,0.0,208695214.8000001
2025-08-01 09:16:29 AM,661.1,1001,661761.1,209356975.9000001
2025-08-01 09:16:30 AM,661.1,220,145442.0,209502417.9000001
2025-08-01 09:16:31 AM,661.15,0,0.0,209502417.9000001
2025-08-01 09:16:31 AM,661.2,0,0.0,209502417.9000001
2025-08-01 09:16:31 AM,661.15,4299,2842283.85,212344701.7500001
2025-08-01 09:16:31 AM,661.15,130,85949.5,212430651.2500001
2025-08-01 09:16:32 AM,661.05,0,0.0,212430651.2500001
2025-08-01 09:16:32 AM,661.05,408,269708.39999999997,212700359.6500001
2025-08-01 09:16:33 AM,661.2,0,0.0,212700359.6500001
2025-08-01 09:16:33 AM,661.2,637,421184.4,213121544.0500001
2025-08-01 09:16:34 AM,661.25,210,138862.5,213260406.5500001
2025-08-01 09:16:34 AM,661.2,0,0.0,213260406.5500001
2025-08-01 09:16:34 AM,661.2,3082,2037818.4000000001,215298224.9500001
2025-08-01 09:16:35 AM,661.2,9,5950.8,215304175.75000012
2025-08-01 09:16:35 AM,661.1,0,0.0,215304175.75000012
2025-08-01 09:16:35 AM,661.15,0,0.0,215304175.75000012
2025-08-01 09:16:35 AM,661.15,1605,1061145.75,216365321.50000012
2025-08-01 09:16:36 AM,661.05,83,54867.149999999994,216420188.65000013
2025-08-01 09:16:36 AM,661.3,0,0.0,216420188.65000013
2025-08-01 09:16:36 AM,661.3,810,535653.0,216955841.65000013
2025-08-01 09:16:37 AM,661.1,229,151391.9,217107233.55000013
2025-08-01 09:16:37 AM,661.05,0,0.0,217107233.55000013
2025-08-01 09:16:37 AM,661.15,0,0.0,217107233.55000013
2025-08-01 09:16:37 AM,661.15,439,290244.85,217397478.40000013
2025-08-01 09:16:38 AM,661.15,582,384789.3,217782267.70000014
2025-08-01 09:16:38 AM,661.2,0,0.0,217782267.70000014
2025-08-01 09:16:38 AM,661.2,275,181830.0,217964097.70000014
2025-08-01 09:16:39 AM,661.05,1427,943318.35,218907416.05000013
2025-08-01 09:16:39 AM,661.3,0,0.0,218907416.05000013
2025-08-01 09:16:39 AM,661.35,0,0.0,218907416.05000013
2025-08-01 09:16:39 AM,661.35,640,423264.0,219330680.05000013
2025-08-01 09:16:40 AM,661.1,747,493841.7,219824521.75000012
2025-08-01 09:16:41 AM,661.25,234,154732.5,219979254.25000012
2025-08-01 09:16:41 AM,661.3,0,0.0,219979254.25000012
2025-08-01 09:16:41 AM,661.3,40,26452.0,220005706.25000012
2025-08-01 09:16:42 AM,661.1,0,0.0,220005706.25000012
2025-08-01 09:16:42 AM,661.1,601,397321.10000000003,220403027.3500001
2025-08-01 09:16:42 AM,661.15,0,0.0,220403027.3500001
2025-08-01 09:16:42 AM,661.15,2,1322.3,220404349.65000013
2025-08-01 09:16:43 AM,661.15,313,206939.94999999998,220611289.6000001
2025-08-01 09:16:43 AM,661.1,0,0.0,220611289.6000001
2025-08-01 09:16:44 AM,661.1,40,26444.0,220637733.6000001
2025-08-01 09:16:44 AM,661.15,0,0.0,220637733.6000001
2025-08-01 09:16:44 AM,661.2,642,424490.4,221062224.00000012
2025-08-01 09:16:45 AM,661.1,0,0.0,221062224.00000012
2025-08-01 09:16:45 AM,661.1,154,101809.40000000001,221164033.40000013
2025-08-01 09:16:46 AM,661.1,210,138831.0,221302864.40000013
2025-08-01 09:16:46 AM,661.05,0,0.0,221302864.40000013
2025-08-01 09:16:46 AM,661.05,483,319287.14999999997,221622151.55000013
2025-08-01 09:16:47 AM,661.0,549,362889.0,221985040.55000013
2025-08-01 09:16:47 AM,661.3,0,0.0,221985040.55000013
2025-08-01 09:16:47 AM,661.3,1711,1131484.2999999998,223116524.85000014
2025-08-01 09:16:48 AM,661.35,1168,772456.8,223888981.65000015
2025-08-01 09:16:48 AM,661.35,114,75393.90000000001,223964375.55000016
2025-08-01 09:16:49 AM,661.5,5,3307.5,223967683.05000016
2025-08-01 09:16:49 AM,661.2,0,0.0,223967683.05000016
2025-08-01 09:16:49 AM,661.2,805,532266.0,224499949.05000016
2025-08-01 09:16:50 AM,661.5,2901,1919011.5,226418960.55000016
2025-08-01 09:16:50 AM,661.6,0,0.0,226418960.55000016
2025-08-01 09:16:50 AM,661.6,112,74099.2,226493059.75000015
2025-08-01 09:16:50 AM,661.9,0,0.0,226493059.75000015
2025-08-01 09:16:51 AM,661.9,1307,865103.2999999999,227358163.05000016
2025-08-01 09:16:51 AM,661.9,50,33095.0,227391258.05000016
2025-08-01 09:16:51 AM,661.55,0,0.0,227391258.05000016
2025-08-01 09:16:52 AM,661.55,12,7938.599999999999,227399196.65000015
2025-08-01 09:16:52 AM,661.9,0,0.0,227399196.65000015
2025-08-01 09:16:52 AM,661.9,10,6619.0,227405815.65000015
2025-08-01 09:16:53 AM,661.9,222,146941.8,227552757.45000017
2025-08-01 09:16:54 AM,661.5,1293,855319.5,228408076.95000017
2025-08-01 09:16:55 AM,661.5,34,22491.0,228430567.95000017
2025-08-01 09:16:56 AM,661.5,33,21829.5,228452397.45000017
2025-08-01 09:16:56 AM,661.35,0,0.0,228452397.45000017
2025-08-01 09:16:57 AM,661.65,2795,1849311.75,230301709.20000017
2025-08-01 09:16:57 AM,661.65,1003,663634.95,230965344.15000015
2025-08-01 09:16:57 AM,661.6,0,0.0,230965344.15000015
2025-08-01 09:16:58 AM,661.35,905,598521.75,231563865.90000015
2025-08-01 09:16:58 AM,661.75,0,0.0,231563865.90000015
2025-08-01 09:16:58 AM,661.75,2930,1938927.5,233502793.40000015
2025-08-01 09:16:58 AM,661.65,0,0.0,233502793.40000015
2025-08-01 09:16:59 AM,661.65,175,115788.75,233618582.15000015
2025-08-01 09:16:59 AM,661.8,0,0.0,233618582.15000015
2025-08-01 09:16:59 AM,661.8,7,4632.599999999999,233623214.75000015
2025-08-01 09:17:00 AM,661.8,116,76768.79999999999,233699983.55000016
2025-08-01 09:17:01 AM,661.8,940,622092.0,234322075.55000016
2025-08-01 09:17:02 AM,661.7,7,4631.900000000001,234326707.45000017
2025-08-01 09:17:02 AM,661.9,11,7280.9,234333988.35000017
2025-08-01 09:17:02 AM,661.8,0,0.0,234333988.35000017
2025-08-01 09:17:03 AM,661.75,301,199186.75,234533175.10000017
2025-08-01 09:17:03 AM,661.8,1647,1089984.5999999999,235623159.70000017
2025-08-01 09:17:03 AM,661.75,0,0.0,235623159.70000017
2025-08-01 09:17:04 AM,662.0,144,95328.0,235718487.70000017
2025-08-01 09:17:04 AM,661.95,0,0.0,235718487.70000017
2025-08-01 09:17:04 AM,661.95,188,124446.6,235842934.30000016
2025-08-01 09:17:05 AM,661.8,122,80739.59999999999,235923673.90000015
2025-08-01 09:17:05 AM,661.75,0,0.0,235923673.90000015
2025-08-01 09:17:05 AM,661.5,3029,2003683.5,237927357.40000015
2025-08-01 09:17:06 AM,661.5,109,72103.5,237999460.90000015
2025-08-01 09:17:06 AM,661.55,0,0.0,237999460.90000015
2025-08-01 09:17:07 AM,661.8,557,368622.6,238368083.50000015
2025-08-01 09:17:07 AM,661.55,62,41016.1,238409099.60000014
2025-08-01 09:17:07 AM,661.5,0,0.0,238409099.60000014
2025-08-01 09:17:08 AM,661.85,3621,2396558.85,240805658.45000014
2025-08-01 09:17:08 AM,661.95,1440,953208.0000000001,241758866.45000014
2025-08-01 09:17:08 AM,662.0,0,0.0,241758866.45000014
2025-08-01 09:17:08 AM,661.8,0,0.0,241758866.45000014
2025-08-01 09:17:09 AM,661.8,1251,827911.7999999999,242586778.25000015
2025-08-01 09:17:09 AM,661.8,326,215746.8,242802525.05000016
2025-08-01 09:17:09 AM,661.75,0,0.0,242802525.05000016
2025-08-01 09:17:10 AM,661.8,427,282588.6,243085113.65000015
2025-08-01 09:17:10 AM,661.8,104,68827.2,243153940.85000014
2025-08-01 09:17:11 AM,661.95,2758,1825658.1,244979598.95000014
2025-08-01 09:17:11 AM,662.35,8526,5647196.100000001,250626795.05000013
2025-08-01 09:17:11 AM,662.4,0,0.0,250626795.05000013
2025-08-01 09:17:12 AM,662.25,63,41721.75,250668516.80000013
2025-08-01 09:17:12 AM,661.85,825,546026.25,251214543.05000013
2025-08-01 09:17:13 AM,662.2,0,0.0,251214543.05000013
2025-08-01 09:17:13 AM,662.2,164,108600.8,251323143.85000014
2025-08-01 09:17:14 AM,661.9,1045,691685.5,252014829.35000014
2025-08-01 09:17:14 AM,662.15,0,0.0,252014829.35000014
2025-08-01 09:17:15 AM,662.15,22,14567.3,252029396.65000015
2025-08-01 09:17:15 AM,662.1,624,413150.4,252442547.05000016
2025-08-01 09:17:16 AM,662.1,90,59589.0,252502136.05000016
2025-08-01 09:17:16 AM,661.85,0,0.0,252502136.05000016
2025-08-01 09:17:16 AM,661.85,1690,1118526.5,253620662.55000016
2025-08-01 09:17:17 AM,661.85,200,132370.0,253753032.55000016
2025-08-01 09:17:17 AM,661.7,0,0.0,253753032.55000016
2025-08-01 09:17:17 AM,661.75,0,0.0,253753032.55000016
2025-08-01 09:17:17 AM,661.75,1567,1036962.25,254789994.80000016
2025-08-01 09:17:18 AM,661.8,28,18530.399999999998,254808525.20000017
2025-08-01 09:17:18 AM,661.6,0,0.0,254808525.20000017
2025-08-01 09:17:18 AM,661.85,0,0.0,254808525.20000017
2025-08-01 09:17:19 AM,661.85,1994,1319728.9000000001,256128254.10000017
2025-08-01 09:17:19 AM,661.85,5074,3358226.9,259486481.00000018
2025-08-01 09:17:19 AM,661.55,0,0.0,259486481.00000018
2025-08-01 09:17:20 AM,661.55,634,419422.69999999995,259905903.70000017
2025-08-01 09:17:20 AM,661.7,3,1985.1000000000001,259907888.80000016
2025-08-01 09:17:20 AM,661.75,0,0.0,259907888.80000016
2025-08-01 09:17:20 AM,661.5,0,0.0,259907888.80000016
2025-08-01 09:17:21 AM,661.8,2693,1782227.4,261690116.20000017
2025-08-01 09:17:21 AM,661.8,38,25148.399999999998,261715264.60000017
2025-08-01 09:17:21 AM,661.65,0,0.0,261715264.60000017
2025-08-01 09:17:21 AM,661.95,0,0.0,261715264.60000017
2025-08-01 09:17:22 AM,662.1,3056,2023377.6,263738642.20000017
2025-08-01 09:17:22 AM,662.6,558,369730.8,264108373.00000018
2025-08-01 09:17:22 AM,662.55,0,0.0,264108373.00000018
2025-08-01 09:17:23 AM,662.15,805,533030.75,264641403.75000018
2025-08-01 09:17:23 AM,662.05,334,221124.69999999998,264862528.45000017
2025-08-01 09:17:23 AM,662.2,0,0.0,264862528.45000017
2025-08-01 09:17:24 AM,662.35,2369,1569107.1500000001,266431635.60000017
2025-08-01 09:17:24 AM,662.35,78,51663.3,266483298.90000018
2025-08-01 09:17:24 AM,662.4,0,0.0,266483298.90000018
2025-08-01 09:17:25 AM,662.1,2235,1479793.5,267963092.40000018
2025-08-01 09:17:25 AM,662.1,1,662.1,267963754.50000018
2025-08-01 09:17:26 AM,661.8,38,25148.399999999998,267988902.90000018
2025-08-01 09:17:26 AM,662.15,0,0.0,267988902.90000018
2025-08-01 09:17:27 AM,662.15,301,199307.15,268188210.0500002
2025-08-01 09:17:27 AM,662.25,47,31125.75,268219335.8000002
2025-08-01 09:17:27 AM,662.35,0,0.0,268219335.8000002
2025-08-01 09:17:28 AM,662.35,3,1987.0500000000002,268221322.8500002
2025-08-01 09:17:28 AM,662.3,0,0.0,268221322.8500002
2025-08-01 09:17:28 AM,662.3,417,276179.1,268497501.9500002
2025-08-01 09:17:29 AM,662.45,0,0.0,268497501.9500002
2025-08-01 09:17:29 AM,662.75,0,0.0,268497501.9500002
2025-08-01 09:17:29 AM,662.75,723,479168.25,268976670.2000002
2025-08-01 09:17:30 AM,662.45,256,169587.2,269146257.4000002
2025-08-01 09:17:30 AM,662.35,0,0.0,269146257.4000002
2025-08-01 09:17:31 AM,662.35,138,91404.3,269237661.7000002
2025-08-01 09:17:31 AM,662.05,2834,1876249.7,271113911.4000002
2025-08-01 09:17:31 AM,662.25,0,0.0,271113911.4000002
2025-08-01 09:17:32 AM,662.25,152,100662.0,271214573.4000002
2025-08-01 09:17:32 AM,662.05,1843,1220158.15,272434731.5500002
2025-08-01 09:17:32 AM,662.35,0,0.0,272434731.5500002
2025-08-01 09:17:33 AM,662.35,77,51000.950000000004,272485732.5000002
2025-08-01 09:17:33 AM,662.4,7,4636.8,272490369.3000002
2025-08-01 09:17:34 AM,662.55,1555,1030265.2499999999,273520634.5500002
2025-08-01 09:17:34 AM,662.4,140,92736.0,273613370.5500002
2025-08-01 09:17:34 AM,662.35,0,0.0,273613370.5500002
2025-08-01 09:17:35 AM,662.1,122,80776.2,273694146.7500002
2025-08-01 09:17:35 AM,662.25,92,60927.0,273755073.7500002
2025-08-01 09:17:36 AM,662.25,50,33112.5,273788186.2500002
2025-08-01 09:17:36 AM,662.25,218,144370.5,273932556.7500002
2025-08-01 09:17:37 AM,662.25,291,192714.75,274125271.5000002
2025-08-01 09:17:38 AM,662.25,211,139734.75,274265006.2500002
2025-08-01 09:17:38 AM,662.3,2061,1365000.2999999998,275630006.5500002
2025-08-01 09:17:39 AM,662.3,151,100007.29999999999,275730013.8500002
2025-08-01 09:17:39 AM,662.15,338,223806.69999999998,275953820.5500002
2025-08-01 09:17:40 AM,662.25,120,79470.0,276033290.5500002
2025-08-01 09:17:40 AM,662.25,698,462250.5,276495541.0500002
2025-08-01 09:17:41 AM,662.25,30,19867.5,276515408.5500002
2025-08-01 09:17:41 AM,662.1,709,469428.9,276984837.45000017
2025-08-01 09:17:41 AM,662.0,0,0.0,276984837.45000017
2025-08-01 09:17:42 AM,661.95,26149,17309330.55,294294168.0000002
2025-08-01 09:17:42 AM,661.95,1330,880393.5000000001,295174561.5000002
2025-08-01 09:17:43 AM,661.9,2336,1546198.4,296720759.90000015
2025-08-01 09:17:43 AM,661.9,1300,860470.0,297581229.90000015
2025-08-01 09:17:44 AM,661.85,826,546688.1,298127918.0000002
2025-08-01 09:17:44 AM,661.9,0,0.0,298127918.0000002
2025-08-01 09:17:45 AM,661.9,226,149589.4,298277507.40000015
2025-08-01 09:17:45 AM,662.05,3330,2204626.5,300482133.90000015
2025-08-01 09:17:45 AM,662.1,0,0.0,300482133.90000015
2025-08-01 09:17:45 AM,662.0,0,0.0,300482133.90000015
2025-08-01 09:17:46 AM,662.0,240,158880.0,300641013.90000015
2025-08-01 09:17:46 AM,662.0,149,98638.0,300739651.90000015
2025-08-01 09:17:47 AM,662.0,206,136372.0,300876023.90000015
2025-08-01 09:17:47 AM,662.1,1003,664086.3,301540110.20000017
2025-08-01 09:17:47 AM,662.2,0,0.0,301540110.20000017
2025-08-01 09:17:48 AM,662.0,557,368734.0,301908844.20000017
2025-08-01 09:17:48 AM,662.2,2,1324.4,301910168.60000014
2025-08-01 09:17:49 AM,662.15,2701,1788467.15,303698635.7500001
2025-08-01 09:17:49 AM,662.2,0,0.0,303698635.7500001
2025-08-01 09:17:50 AM,662.3,2911,1927955.2999999998,305626591.05000013
2025-08-01 09:17:50 AM,662.25,639,423177.75,306049768.80000013
2025-08-01 09:17:50 AM,662.2,0,0.0,306049768.80000013
2025-08-01 09:17:51 AM,662.25,216,143046.0,306192814.80000013
2025-08-01 09:17:51 AM,662.0,10,6620.0,306199434.80000013
2025-08-01 09:17:52 AM,662.05,1003,664036.1499999999,306863470.9500001
2025-08-01 09:17:52 AM,662.2,0,0.0,306863470.9500001
2025-08-01 09:17:52 AM,662.2,52,34434.4,306897905.3500001
2025-08-01 09:17:53 AM,662.05,13771,9117090.549999999,316014995.9000001
2025-08-01 09:17:54 AM,662.0,607,401834.0,316416829.9000001
2025-08-01 09:17:54 AM,661.8,16144,10684099.2,327100929.1000001
2025-08-01 09:17:54 AM,661.5,0,0.0,327100929.1000001
2025-08-01 09:17:54 AM,661.75,0,0.0,327100929.1000001
2025-08-01 09:17:55 AM,661.75,986,652485.5,327753414.6000001
2025-08-01 09:17:55 AM,661.6,0,0.0,327753414.6000001
2025-08-01 09:17:55 AM,661.75,860,569105.0,328322519.6000001
2025-08-01 09:17:56 AM,661.5,63,41674.5,328364194.1000001
2025-08-01 09:17:57 AM,661.5,459,303628.5,328667822.6000001
2025-08-01 09:17:57 AM,661.75,50,33087.5,328700910.1000001
2025-08-01 09:17:57 AM,661.8,0,0.0,328700910.1000001
2025-08-01 09:17:57 AM,661.5,620,410130.0,329111040.1000001
2025-08-01 09:17:57 AM,661.8,0,0.0,329111040.1000001
2025-08-01 09:17:58 AM,661.8,119,78754.2,329189794.3000001
2025-08-01 09:17:59 AM,661.8,101,66841.79999999999,329256636.1000001
2025-08-01 09:17:59 AM,661.6,0,0.0,329256636.1000001
2025-08-01 09:18:00 AM,661.5,3123,2065864.5,331322500.6000001
2025-08-01 09:18:00 AM,661.5,905,598657.5,331921158.1000001
2025-08-01 09:18:00 AM,661.7,0,0.0,331921158.1000001
2025-08-01 09:18:01 AM,661.7,457,302396.9,332223555.00000006
2025-08-01 09:18:01 AM,661.5,0,0.0,332223555.00000006
2025-08-01 09:18:01 AM,661.5,90,59535.0,332283090.00000006
2025-08-01 09:18:01 AM,661.45,0,0.0,332283090.00000006
2025-08-01 09:18:02 AM,661.5,268,177282.0,332460372.00000006
2025-08-01 09:18:02 AM,661.5,2,1323.0,332461695.00000006
2025-08-01 09:18:03 AM,661.45,559,369750.55000000005,332831445.5500001
2025-08-01 09:18:03 AM,661.05,0,0.0,332831445.5500001
2025-08-01 09:18:03 AM,661.05,11075,7321128.749999999,340152574.3000001
2025-08-01 09:18:03 AM,661.25,0,0.0,340152574.3000001
2025-08-01 09:18:04 AM,661.05,64,42307.2,340194881.50000006
2025-08-01 09:18:04 AM,661.25,0,0.0,340194881.50000006
2025-08-01 09:18:04 AM,661.25,10,6612.5,340201494.00000006
2025-08-01 09:18:05 AM,661.25,317,209616.25,340411110.25000006
2025-08-01 09:18:05 AM,661.25,35,23143.75,340434254.00000006
2025-08-01 09:18:05 AM,661.1,0,0.0,340434254.00000006
2025-08-01 09:18:06 AM,661.05,647,427699.35,340861953.3500001
2025-08-01 09:18:06 AM,661.1,0,0.0,340861953.3500001
2025-08-01 09:18:06 AM,661.1,445,294189.5,341156142.8500001
2025-08-01 09:18:07 AM,661.1,72,47599.200000000004,341203742.0500001
2025-08-01 09:18:07 AM,661.1,80,52888.0,341256630.0500001
2025-08-01 09:18:07 AM,661.15,0,0.0,341256630.0500001
2025-08-01 09:18:08 AM,661.2,481,318037.2,341574667.25000006
2025-08-01 09:18:08 AM,661.25,0,0.0,341574667.25000006
2025-08-01 09:18:08 AM,661.25,5001,3306911.25,344881578.50000006
2025-08-01 09:18:09 AM,661.1,929,614161.9,345495740.40000004
2025-08-01 09:18:09 AM,661.0,0,0.0,345495740.40000004
2025-08-01 09:18:09 AM,661.0,276,182436.0,345678176.40000004
2025-08-01 09:18:10 AM,661.1,11530,7622483.0,353300659.40000004
2025-08-01 09:18:10 AM,661.0,509,336449.0,353637108.40000004
2025-08-01 09:18:10 AM,661.15,0,0.0,353637108.40000004
2025-08-01 09:18:11 AM,661.1,227,150069.7,353787178.1
2025-08-01 09:18:11 AM,661.2,456,301507.2,354088685.3
2025-08-01 09:18:12 AM,661.1,311,205602.1,354294287.40000004
2025-08-01 09:18:12 AM,661.2,11,7273.200000000001,354301560.6
2025-08-01 09:18:13 AM,661.35,7092,4690294.2,358991854.8
2025-08-01 09:18:13 AM,661.5,0,0.0,358991854.8
2025-08-01 09:18:13 AM,661.5,158,104517.0,359096371.8
2025-08-01 09:18:14 AM,661.3,230,152099.0,359248470.8
2025-08-01 09:18:14 AM,661.2,0,0.0,359248470.8
2025-08-01 09:18:14 AM,661.2,503,332583.60000000003,359581054.40000004
2025-08-01 09:18:15 AM,661.3,197,130276.09999999999,359711330.50000006
2025-08-01 09:18:15 AM,661.3,25,16532.5,359727863.00000006
2025-08-01 09:18:15 AM,661.8,0,0.0,359727863.00000006
2025-08-01 09:18:16 AM,661.75,872,577046.0,360304909.00000006
2025-08-01 09:18:16 AM,661.8,202,133683.59999999998,360438592.6000001
2025-08-01 09:18:16 AM,661.55,0,0.0,360438592.6000001
2025-08-01 09:18:17 AM,661.55,1065,704550.75,361143143.3500001
2025-08-01 09:18:17 AM,661.5,3,1984.5,361145127.8500001
2025-08-01 09:18:18 AM,661.5,1,661.5,361145789.3500001
2025-08-01 09:18:18 AM,661.5,5,3307.5,361149096.8500001
2025-08-01 09:18:18 AM,661.3,0,0.0,361149096.8500001
2025-08-01 09:18:19 AM,661.85,2826,1870388.1,363019484.9500001
2025-08-01 09:18:19 AM,661.9,0,0.0,363019484.9500001
2025-08-01 09:18:20 AM,661.95,5172,3423605.4000000004,366443090.3500001
2025-08-01 09:18:20 AM,662.15,6,3972.8999999999996,366447063.25000006
2025-08-01 09:18:21 AM,662.2,1,662.2,366447725.45000005
2025-08-01 09:18:21 AM,662.0,51,33762.0,366481487.45000005
2025-08-01 09:18:21 AM,662.2,0,0.0,366481487.45000005
2025-08-01 09:18:22 AM,662.3,586,388107.8,366869595.25000006
2025-08-01 09:18:22 AM,662.25,0,0.0,366869595.25000006
2025-08-01 09:18:23 AM,662.15,495,327764.25,367197359.50000006
2025-08-01 09:18:24 AM,662.05,6,3972.2999999999997,367201331.8000001
2025-08-01 09:18:24 AM,662.25,0,0.0,367201331.8000001
2025-08-01 09:18:25 AM,662.3,898,594745.3999999999,367796077.20000005
2025-08-01 09:18:25 AM,662.05,0,0.0,367796077.20000005
2025-08-01 09:18:26 AM,662.25,1156,765561.0,368561638.20000005
2025-08-01 09:18:26 AM,662.35,251,166249.85,368727888.0500001
2025-08-01 09:18:27 AM,662.25,660,437085.0,369164973.0500001
2025-08-01 09:18:27 AM,662.25,10,6622.5,369171595.5500001
2025-08-01 09:18:28 AM,661.65,7105,4701023.25,373872618.8000001
2025-08-01 09:18:28 AM,661.8,313,207143.4,374079762.20000005
2025-08-01 09:18:28 AM,661.6,0,0.0,374079762.20000005
2025-08-01 09:18:28 AM,661.65,0,0.0,374079762.20000005
2025-08-01 09:18:29 AM,661.65,696,460508.39999999997,374540270.6
2025-08-01 09:18:29 AM,661.65,185,122405.25,374662675.85
2025-08-01 09:18:29 AM,661.75,0,0.0,374662675.85
2025-08-01 09:18:30 AM,661.7,951,629276.7000000001,375291952.55
2025-08-01 09:18:30 AM,661.55,1051,695289.0499999999,375987241.6
2025-08-01 09:18:30 AM,661.5,0,0.0,375987241.6
2025-08-01 09:18:30 AM,661.75,0,0.0,375987241.6
2025-08-01 09:18:31 AM,661.85,2095,1386575.75,377373817.35
2025-08-01 09:18:31 AM,661.85,92,60890.200000000004,377434707.55
2025-08-01 09:18:32 AM,661.8,132,87357.59999999999,377522065.15000004
2025-08-01 09:18:32 AM,661.7,464,307028.80000000005,377829093.95000005
2025-08-01 09:18:33 AM,661.65,65,43007.25,377872101.20000005
2025-08-01 09:18:33 AM,661.65,12,7939.799999999999,377880041.00000006
2025-08-01 09:18:33 AM,661.5,0,0.0,377880041.00000006
2025-08-01 09:18:34 AM,661.7,233,154176.1,378034217.1000001
2025-08-01 09:18:34 AM,661.7,10,6617.0,378040834.1000001
2025-08-01 09:18:35 AM,661.7,120,79404.0,378120238.1000001
2025-08-01 09:18:35 AM,661.7,15,9925.5,378130163.6000001
2025-08-01 09:18:35 AM,661.65,0,0.0,378130163.6000001
2025-08-01 09:18:36 AM,661.8,92,60885.6,378191049.2000001
2025-08-01 09:18:36 AM,661.8,10,6618.0,378197667.2000001
2025-08-01 09:18:37 AM,661.8,323,213761.4,378411428.6000001
2025-08-01 09:18:38 AM,661.9,15,9928.5,378421357.1000001
2025-08-01 09:18:38 AM,661.9,102,67513.8,378488870.9000001
2025-08-01 09:18:39 AM,661.7,5,3308.5,378492179.4000001
2025-08-01 09:18:39 AM,661.85,0,0.0,378492179.4000001
2025-08-01 09:18:40 AM,661.85,786,520214.10000000003,379012393.5000001
2025-08-01 09:18:40 AM,661.8,11,7279.799999999999,379019673.30000013
2025-08-01 09:18:40 AM,661.85,0,0.0,379019673.30000013
2025-08-01 09:18:41 AM,661.85,16,10589.6,379030262.90000015
2025-08-01 09:18:41 AM,661.9,363,240269.69999999998,379270532.60000014
2025-08-01 09:18:42 AM,661.7,375,248137.50000000003,379518670.10000014
2025-08-01 09:18:42 AM,661.95,0,0.0,379518670.10000014
2025-08-01 09:18:43 AM,661.85,316,209144.6,379727814.70000017
2025-08-01 09:18:43 AM,661.8,81,53605.799999999996,379781420.5000002
2025-08-01 09:18:43 AM,661.9,0,0.0,379781420.5000002
2025-08-01 09:18:43 AM,661.8,0,0.0,379781420.5000002
2025-08-01 09:18:44 AM,661.65,6438,4259702.7,384041123.20000017
2025-08-01 09:18:45 AM,661.65,343,226945.94999999998,384268069.15000015
2025-08-01 09:18:46 AM,661.75,172,113821.0,384381890.15000015
2025-08-01 09:18:46 AM,661.8,10,6618.0,384388508.15000015
2025-08-01 09:18:47 AM,661.8,91,60223.799999999996,384448731.95000017
2025-08-01 09:18:47 AM,661.75,0,0.0,384448731.95000017
2025-08-01 09:18:48 AM,662.05,20995,13899739.749999998,398348471.70000017
2025-08-01 09:18:48 AM,661.95,0,0.0,398348471.70000017
2025-08-01 09:18:48 AM,661.75,0,0.0,398348471.70000017
2025-08-01 09:18:49 AM,661.75,1606,1062770.5,399411242.20000017
2025-08-01 09:18:49 AM,662.0,50,33100.0,399444342.20000017
2025-08-01 09:18:49 AM,661.8,0,0.0,399444342.20000017
2025-08-01 09:18:50 AM,662.0,554,366748.0,399811090.20000017
2025-08-01 09:18:50 AM,662.2,3735,2473317.0,402284407.20000017
2025-08-01 09:18:50 AM,662.4,0,0.0,402284407.20000017
2025-08-01 09:18:51 AM,662.3,2265,1500109.5,403784516.70000017
2025-08-01 09:18:51 AM,662.5,2,1325.0,403785841.70000017
2025-08-01 09:18:52 AM,662.5,101,66912.5,403852754.20000017
2025-08-01 09:18:52 AM,662.5,41,27162.5,403879916.70000017
2025-08-01 09:18:52 AM,662.4,0,0.0,403879916.70000017
2025-08-01 09:18:52 AM,662.5,0,0.0,403879916.70000017
2025-08-01 09:18:53 AM,662.5,427,282887.5,404162804.20000017
2025-08-01 09:18:53 AM,662.5,10,6625.0,404169429.20000017
2025-08-01 09:18:53 AM,662.4,0,0.0,404169429.20000017
2025-08-01 09:18:54 AM,662.35,1330,880925.5,405050354.70000017
2025-08-01 09:18:54 AM,662.4,1000,662400.0,405712754.70000017
2025-08-01 09:18:54 AM,662.25,0,0.0,405712754.70000017
2025-08-01 09:18:55 AM,662.05,450,297922.5,406010677.20000017
2025-08-01 09:18:56 AM,662.05,1007,666684.35,406677361.5500002
2025-08-01 09:18:56 AM,661.7,2827,1870625.9000000001,408547987.45000017
2025-08-01 09:18:56 AM,662.0,0,0.0,408547987.45000017
2025-08-01 09:18:57 AM,662.05,200,132410.0,408680397.45000017
2025-08-01 09:18:57 AM,662.05,31,20523.55,408700921.0000002
2025-08-01 09:18:57 AM,662.15,0,0.0,408700921.0000002
2025-08-01 09:18:58 AM,662.2,1229,813843.8,409514764.8000002
2025-08-01 09:18:58 AM,662.3,57,37751.1,409552515.9000002
2025-08-01 09:18:59 AM,662.4,419,277545.6,409830061.50000024
2025-08-01 09:18:59 AM,662.4,1,662.4,409830723.9000002
2025-08-01 09:18:59 AM,662.3,0,0.0,409830723.9000002
2025-08-01 09:19:00 AM,662.3,25,16557.5,409847281.4000002
2025-08-01 09:19:00 AM,662.4,0,0.0,409847281.4000002
2025-08-01 09:19:00 AM,662.4,3,1987.1999999999998,409849268.6000002
2025-08-01 09:19:01 AM,662.4,27,17884.8,409867153.4000002
2025-08-01 09:19:02 AM,662.4,133,88099.2,409955252.6000002
2025-08-01 09:19:02 AM,662.3,0,0.0,409955252.6000002
2025-08-01 09:19:03 AM,662.4,921,610070.4,410565323.0000002
2025-08-01 09:19:03 AM,662.4,100,66240.0,410631563.0000002
2025-08-01 09:19:04 AM,661.65,1986,1314036.9,411945599.90000015
2025-08-01 09:19:04 AM,661.95,0,0.0,411945599.90000015
2025-08-01 09:19:05 AM,661.85,0,0.0,411945599.90000015
2025-08-01 09:19:05 AM,661.85,229,151563.65,412097163.55000013
2025-08-01 09:19:06 AM,661.9,2015,1333728.5,413430892.05000013
2025-08-01 09:19:07 AM,661.9,424,280645.6,413711537.65000015
2025-08-01 09:19:07 AM,662.15,0,0.0,413711537.65000015
2025-08-01 09:19:07 AM,662.1,305,201940.5,413913478.15000015
2025-08-01 09:19:08 AM,662.15,0,0.0,413913478.15000015
2025-08-01 09:19:08 AM,662.15,402,266184.3,414179662.45000017
2025-08-01 09:19:09 AM,662.2,3946,2613041.2,416792703.65000015
2025-08-01 09:19:09 AM,661.85,0,0.0,416792703.65000015
2025-08-01 09:19:09 AM,661.85,32,21179.2,416813882.85000014
2025-08-01 09:19:10 AM,662.2,264,174820.80000000002,416988703.65000015
2025-08-01 09:19:10 AM,662.25,0,0.0,416988703.65000015
2025-08-01 09:19:10 AM,662.25,853,564899.25,417553602.90000015
2025-08-01 09:19:11 AM,662.1,37,24497.7,417578100.60000014
2025-08-01 09:19:11 AM,662.3,0,0.0,417578100.60000014
2025-08-01 09:19:11 AM,662.3,120,79476.0,417657576.60000014
2025-08-01 09:19:11 AM,662.1,0,0.0,417657576.60000014
2025-08-01 09:19:12 AM,662.05,3010,1992770.4999999998,419650347.10000014
2025-08-01 09:19:12 AM,662.05,22,14565.099999999999,419664912.20000017
2025-08-01 09:19:13 AM,661.8,2902,1920543.5999999999,421585455.8000002
2025-08-01 09:19:13 AM,662.05,70,46343.5,421631799.3000002
2025-08-01 09:19:13 AM,661.8,0,0.0,421631799.3000002
2025-08-01 09:19:14 AM,662.1,1166,772008.6,422403807.9000002
2025-08-01 09:19:14 AM,662.1,711,470753.10000000003,422874561.00000024
2025-08-01 09:19:14 AM,662.05,0,0.0,422874561.00000024
2025-08-01 09:19:15 AM,661.85,1229,813413.65,423687974.6500002
2025-08-01 09:19:15 AM,662.05,0,0.0,423687974.6500002
2025-08-01 09:19:16 AM,662.05,44,29130.199999999997,423717104.8500002
2025-08-01 09:19:17 AM,662.05,254,168160.69999999998,423885265.5500002
2025-08-01 09:19:17 AM,662.0,848,561376.0,424446641.5500002
2025-08-01 09:19:18 AM,662.0,498,329676.0,424776317.5500002
2025-08-01 09:19:19 AM,662.0,1,662.0,424776979.5500002
2025-08-01 09:19:19 AM,661.8,1174,776953.2,425553932.7500002
2025-08-01 09:19:19 AM,661.75,0,0.0,425553932.7500002
2025-08-01 09:19:20 AM,661.65,601,397651.64999999997,425951584.40000015
2025-08-01 09:19:20 AM,661.85,65,43020.25,425994604.65000015
2025-08-01 09:19:21 AM,661.85,533,352766.05,426347370.70000017
2025-08-01 09:19:21 AM,661.85,212,140312.2,426487682.90000015
2025-08-01 09:19:22 AM,661.85,69,45667.65,426533350.55000013
2025-08-01 09:19:23 AM,661.65,654,432719.1,426966069.65000015
2025-08-01 09:19:23 AM,661.8,57,37722.6,427003792.2500002
2025-08-01 09:19:24 AM,661.95,5483,3629471.85,430633264.1000002
2025-08-01 09:19:24 AM,661.95,496,328327.2,430961591.3000002
2025-08-01 09:19:25 AM,662.15,1,662.15,430962253.45000017
2025-08-01 09:19:25 AM,662.15,201,133092.15,431095345.60000014
2025-08-01 09:19:26 AM,661.85,205,135679.25,431231024.85000014
2025-08-01 09:19:26 AM,661.9,0,0.0,431231024.85000014
2025-08-01 09:19:27 AM,661.8,272,180009.59999999998,431411034.45000017
2025-08-01 09:19:27 AM,661.95,0,0.0,431411034.45000017
2025-08-01 09:19:28 AM,661.65,2797,1850635.05,433261669.5000002
2025-08-01 09:19:28 AM,661.65,101,66826.65,433328496.15000015
2025-08-01 09:19:29 AM,661.8,57,37722.6,433366218.7500002
2025-08-01 09:19:29 AM,661.85,0,0.0,433366218.7500002
2025-08-01 09:19:30 AM,661.85,325,215101.25,433581320.0000002
2025-08-01 09:19:30 AM,661.85,165,109205.25,433690525.2500002
2025-08-01 09:19:30 AM,661.7,0,0.0,433690525.2500002
2025-08-01 09:19:31 AM,661.7,1051,695446.7000000001,434385971.95000017
2025-08-01 09:19:31 AM,661.55,231,152818.05,434538790.0000002
2025-08-01 09:19:31 AM,661.1,0,0.0,434538790.0000002
2025-08-01 09:19:31 AM,661.4,0,0.0,434538790.0000002
2025-08-01 09:19:32 AM,661.45,12328,8154355.600000001,442693145.6000002
2025-08-01 09:19:32 AM,661.4,20,13228.0,442706373.6000002
2025-08-01 09:19:32 AM,661.45,0,0.0,442706373.6000002
2025-08-01 09:19:33 AM,661.45,415,274501.75,442980875.3500002
2025-08-01 09:19:33 AM,661.45,201,132951.45,443113826.8000002
2025-08-01 09:19:33 AM,661.05,0,0.0,443113826.8000002
2025-08-01 09:19:34 AM,661.15,796,526275.4,443640102.20000017
2025-08-01 09:19:34 AM,661.2,160,105792.0,443745894.20000017
2025-08-01 09:19:34 AM,661.05,0,0.0,443745894.20000017
2025-08-01 09:19:35 AM,661.2,1100,727320.0,444473214.20000017
2025-08-01 09:19:35 AM,661.2,100,66120.0,444539334.20000017
2025-08-01 09:19:36 AM,661.2,662,437714.4,444977048.60000014
2025-08-01 09:19:36 AM,661.05,0,0.0,444977048.60000014
2025-08-01 09:19:36 AM,661.2,0,0.0,444977048.60000014
2025-08-01 09:19:37 AM,661.2,357,236048.40000000002,445213097.0000001
2025-08-01 09:19:38 AM,661.25,484,320045.0,445533142.0000001
2025-08-01 09:19:38 AM,661.25,10,6612.5,445539754.5000001
2025-08-01 09:19:39 AM,661.25,302,199697.5,445739452.0000001
2025-08-01 09:19:39 AM,661.2,0,0.0,445739452.0000001
2025-08-01 09:19:39 AM,661.2,10,6612.0,445746064.0000001
2025-08-01 09:19:39 AM,661.25,0,0.0,445746064.0000001
2025-08-01 09:19:40 AM,661.35,1103,729469.05,446475533.05000013
2025-08-01 09:19:40 AM,661.2,0,0.0,446475533.05000013
2025-08-01 09:19:40 AM,661.2,1876,1240411.2000000002,447715944.2500001
2025-08-01 09:19:41 AM,661.15,18,11900.699999999999,447727844.9500001
2025-08-01 09:19:41 AM,661.25,0,0.0,447727844.9500001
2025-08-01 09:19:42 AM,661.25,83,54883.75,447782728.7000001
2025-08-01 09:19:42 AM,661.2,8,5289.6,447788018.30000013
2025-08-01 09:19:42 AM,661.25,0,0.0,447788018.30000013
2025-08-01 09:19:43 AM,661.2,694,458872.80000000005,448246891.10000014
2025-08-01 09:19:43 AM,661.05,192,126921.59999999999,448373812.70000017
2025-08-01 09:19:44 AM,661.25,13,8596.25,448382408.95000017
2025-08-01 09:19:44 AM,661.15,132,87271.8,448469680.7500002
2025-08-01 09:19:45 AM,661.15,93,61486.95,448531167.70000017
2025-08-01 09:19:45 AM,661.15,100,66115.0,448597282.70000017
2025-08-01 09:19:45 AM,661.2,0,0.0,448597282.70000017
2025-08-01 09:19:45 AM,661.1,0,0.0,448597282.70000017
2025-08-01 09:19:46 AM,661.1,253,167258.30000000002,448764541.0000002
2025-08-01 09:19:46 AM,661.2,0,0.0,448764541.0000002
2025-08-01 09:19:47 AM,661.25,533,352446.25,449116987.2500002
2025-08-01 09:19:48 AM,661.0,26036,17209796.0,466326783.2500002
2025-08-01 09:19:48 AM,661.0,533,352313.0,466679096.2500002
2025-08-01 09:19:49 AM,661.0,636,420396.0,467099492.2500002
2025-08-01 09:19:49 AM,660.65,125,82581.25,467182073.5000002
2025-08-01 09:19:49 AM,660.9,0,0.0,467182073.5000002
2025-08-01 09:19:50 AM,660.9,285,188356.5,467370430.0000002
2025-08-01 09:19:50 AM,660.9,120,79308.0,467449738.0000002
2025-08-01 09:19:50 AM,660.65,0,0.0,467449738.0000002
2025-08-01 09:19:51 AM,660.85,393,259714.05000000002,467709452.0500002
2025-08-01 09:19:51 AM,660.9,0,0.0,467709452.0500002
2025-08-01 09:19:51 AM,660.9,250,165225.0,467874677.0500002
2025-08-01 09:19:51 AM,660.4,0,0.0,467874677.0500002
2025-08-01 09:19:52 AM,660.55,8248,5448216.399999999,473322893.45000017
2025-08-01 09:19:52 AM,660.6,0,0.0,473322893.45000017
2025-08-01 09:19:52 AM,660.6,79,52187.4,473375080.85000014
2025-08-01 09:19:53 AM,660.35,575,379701.25,473754782.10000014
2025-08-01 09:19:53 AM,660.2,0,0.0,473754782.10000014
2025-08-01 09:19:53 AM,660.4,0,0.0,473754782.10000014
2025-08-01 09:19:54 AM,660.4,5512,3640124.8,477394906.90000015
2025-08-01 09:19:54 AM,660.7,1,660.7,477395567.60000014
2025-08-01 09:19:54 AM,660.35,0,0.0,477395567.60000014
2025-08-01 09:19:54 AM,660.3,0,0.0,477395567.60000014
2025-08-01 09:19:55 AM,660.5,1161,766840.5,478162408.10000014
2025-08-01 09:19:55 AM,660.2,18,11883.6,478174291.70000017
2025-08-01 09:19:55 AM,660.1,0,0.0,478174291.70000017
2025-08-01 09:19:55 AM,660.25,0,0.0,478174291.70000017
2025-08-01 09:19:56 AM,660.25,5790,3822847.5,481997139.20000017
2025-08-01 09:19:56 AM,660.05,190,125409.49999999999,482122548.70000017
2025-08-01 09:19:56 AM,660.3,0,0.0,482122548.70000017
2025-08-01 09:19:57 AM,660.3,1594,1052518.2,483175066.90000015
2025-08-01 09:19:57 AM,660.25,0,0.0,483175066.90000015
2025-08-01 09:19:58 AM,660.3,1311,865653.2999999999,484040720.20000017
2025-08-01 09:19:58 AM,660.3,10,6603.0,484047323.20000017
2025-08-01 09:19:59 AM,660.3,1260,831978.0,484879301.20000017
2025-08-01 09:19:59 AM,660.35,42,27734.7,484907035.90000015
2025-08-01 09:19:59 AM,660.15,0,0.0,484907035.90000015
2025-08-01 09:19:59 AM,660.35,0,0.0,484907035.90000015
2025-08-01 09:20:00 AM,660.35,727,480074.45,485387110.35000014
2025-08-01 09:20:00 AM,660.05,823,543221.1499999999,485930331.5000001
2025-08-01 09:20:00 AM,660.25,0,0.0,485930331.5000001
2025-08-01 09:20:01 AM,659.6,0,0.0,485930331.5000001
2025-08-01 09:20:01 AM,659.7,49273,32505398.1,518435729.60000014
2025-08-01 09:20:01 AM,659.6,123,81130.8,518516860.40000015
2025-08-01 09:20:01 AM,659.8,0,0.0,518516860.40000015
2025-08-01 09:20:02 AM,659.4,0,0.0,518516860.40000015
2025-08-01 09:20:02 AM,659.35,3405,2245086.75,520761947.15000015
2025-08-01 09:20:03 AM,659.5,0,0.0,520761947.15000015
2025-08-01 09:20:03 AM,659.3,8427,5555921.1,526317868.2500002
2025-08-01 09:20:04 AM,659.6,0,0.0,526317868.2500002
2025-08-01 09:20:04 AM,659.75,7087,4675648.25,530993516.5000002
2025-08-01 09:20:05 AM,659.75,361,238169.75,531231686.2500002
2025-08-01 09:20:05 AM,659.15,0,0.0,531231686.2500002
2025-08-01 09:20:05 AM,659.15,1800,1186470.0,532418156.2500002
2025-08-01 09:20:06 AM,659.35,415,273630.25,532691786.5000002
2025-08-01 09:20:06 AM,659.3,0,0.0,532691786.5000002
2025-08-01 09:20:06 AM,659.3,2807,1850655.0999999999,534542441.6000002
2025-08-01 09:20:07 AM,659.05,60,39543.0,534581984.6000002
2025-08-01 09:20:07 AM,659.15,0,0.0,534581984.6000002
2025-08-01 09:20:07 AM,659.0,5791,3816269.0,538398253.6000001
2025-08-01 09:20:07 AM,659.05,0,0.0,538398253.6000001
2025-08-01 09:20:08 AM,659.2,53,34937.600000000006,538433191.2000002
2025-08-01 09:20:08 AM,659.0,479,315661.0,538748852.2000002
2025-08-01 09:20:09 AM,658.95,665,438201.75000000006,539187053.9500002
2025-08-01 09:20:09 AM,658.95,57,37560.15,539224614.1000001
2025-08-01 09:20:09 AM,658.8,0,0.0,539224614.1000001
2025-08-01 09:20:10 AM,658.75,477,314223.75,539538837.8500001
2025-08-01 09:20:10 AM,658.75,3,1976.25,539540814.1000001
2025-08-01 09:20:11 AM,658.5,2109,1388776.5,540929590.6000001
2025-08-01 09:20:11 AM,658.65,0,0.0,540929590.6000001
2025-08-01 09:20:11 AM,658.3,0,0.0,540929590.6000001
2025-08-01 09:20:12 AM,658.25,7554,4972420.5,545902011.1000001
2025-08-01 09:20:12 AM,658.05,0,0.0,545902011.1000001
2025-08-01 09:20:12 AM,658.05,504,331657.19999999995,546233668.3000002
2025-08-01 09:20:13 AM,658.25,4158,2737003.5,548970671.8000002
2025-08-01 09:20:13 AM,658.05,0,0.0,548970671.8000002
2025-08-01 09:20:14 AM,658.05,425,279671.25,549250343.0500002
2025-08-01 09:20:14 AM,658.05,2234,1470083.7,550720426.7500002
2025-08-01 09:20:15 AM,658.0,802,527716.0,551248142.7500002
2025-08-01 09:20:15 AM,658.0,741,487578.0,551735720.7500002
2025-08-01 09:20:15 AM,658.25,0,0.0,551735720.7500002
2025-08-01 09:20:16 AM,658.0,866,569828.0,552305548.7500002
2025-08-01 09:20:16 AM,658.25,31,20405.75,552325954.5000002
2025-08-01 09:20:17 AM,658.1,258,169789.80000000002,552495744.3000002
2025-08-01 09:20:17 AM,658.1,6295,4142739.5,556638483.8000002
2025-08-01 09:20:17 AM,658.0,0,0.0,556638483.8000002
2025-08-01 09:20:18 AM,658.05,2048,1347686.4,557986170.2000002
2025-08-01 09:20:18 AM,658.05,66,43431.299999999996,558029601.5000001
2025-08-01 09:20:18 AM,658.0,0,0.0,558029601.5000001
2025-08-01 09:20:19 AM,658.3,4834,3182222.1999999997,561211823.7000002
2025-08-01 09:20:19 AM,658.35,3193,2102111.5500000003,563313935.2500001
2025-08-01 09:20:20 AM,658.25,2112,1390224.0,564704159.2500001
2025-08-01 09:20:20 AM,658.35,32,21067.2,564725226.4500002
2025-08-01 09:20:20 AM,658.4,0,0.0,564725226.4500002
2025-08-01 09:20:21 AM,658.35,1054,693900.9,565419127.3500001
2025-08-01 09:20:21 AM,658.3,148,97428.4,565516555.7500001
2025-08-01 09:20:22 AM,658.35,260,171171.0,565687726.7500001
2025-08-01 09:20:22 AM,658.35,12,7900.200000000001,565695626.9500002
2025-08-01 09:20:23 AM,658.3,780,513473.99999999994,566209100.9500002
2025-08-01 09:20:23 AM,658.4,0,0.0,566209100.9500002
2025-08-01 09:20:24 AM,658.25,833,548322.25,566757423.2000002
2025-08-01 09:20:24 AM,658.3,193,127051.9,566884475.1000001
2025-08-01 09:20:25 AM,658.3,44,28965.199999999997,566913440.3000002
2025-08-01 09:20:25 AM,658.15,1310,862176.5,567775616.8000002
2025-08-01 09:20:25 AM,658.25,0,0.0,567775616.8000002
2025-08-01 09:20:25 AM,658.3,0,0.0,567775616.8000002
2025-08-01 09:20:26 AM,658.3,235,154700.5,567930317.3000002
2025-08-01 09:20:26 AM,658.25,482,317276.5,568247593.8000002
2025-08-01 09:20:26 AM,658.4,0,0.0,568247593.8000002
2025-08-01 09:20:26 AM,658.25,0,0.0,568247593.8000002
2025-08-01 09:20:27 AM,658.4,252,165916.8,568413510.6000001
2025-08-01 09:20:27 AM,658.4,11,7242.4,568420753.0000001
2025-08-01 09:20:27 AM,658.25,0,0.0,568420753.0000001
2025-08-01 09:20:27 AM,658.15,0,0.0,568420753.0000001
2025-08-01 09:20:28 AM,658.5,11249,7407466.5,575828219.5000001
2025-08-01 09:20:28 AM,658.65,805,530213.25,576358432.7500001
2025-08-01 09:20:28 AM,658.35,0,0.0,576358432.7500001
2025-08-01 09:20:29 AM,658.4,1327,873696.7999999999,577232129.5500001
2025-08-01 09:20:29 AM,658.7,0,0.0,577232129.5500001
2025-08-01 09:20:30 AM,658.6,1213,798881.8,578031011.35
2025-08-01 09:20:30 AM,658.75,40,26350.0,578057361.35
2025-08-01 09:20:30 AM,658.65,0,0.0,578057361.35
2025-08-01 09:20:31 AM,658.75,778,512507.5,578569868.85
2025-08-01 09:20:31 AM,658.85,0,0.0,578569868.85
2025-08-01 09:20:31 AM,658.5,0,0.0,578569868.85
2025-08-01 09:20:32 AM,658.65,2712,1786258.8,580356127.65
2025-08-01 09:20:32 AM,658.85,0,0.0,580356127.65
2025-08-01 09:20:32 AM,658.7,0,0.0,580356127.65
2025-08-01 09:20:33 AM,658.85,304,200290.4,580556418.05
2025-08-01 09:20:33 AM,658.95,1900,1252005.0,581808423.05
2025-08-01 09:20:33 AM,659.0,0,0.0,581808423.05
2025-08-01 09:20:34 AM,659.0,930,612870.0,582421293.05
2025-08-01 09:20:34 AM,659.1,812,535189.2000000001,582956482.25
2025-08-01 09:20:35 AM,659.05,2148,1415639.4,584372121.65
2025-08-01 09:20:35 AM,658.8,789,519793.19999999995,584891914.85
2025-08-01 09:20:35 AM,659.05,0,0.0,584891914.85
2025-08-01 09:20:36 AM,658.75,392,258230.0,585150144.85
2025-08-01 09:20:36 AM,658.95,0,0.0,585150144.85
2025-08-01 09:20:36 AM,658.95,203,133766.85,585283911.7
2025-08-01 09:20:36 AM,658.75,0,0.0,585283911.7
2025-08-01 09:20:37 AM,658.8,2491,1641070.7999999998,586924982.5
2025-08-01 09:20:37 AM,659.05,0,0.0,586924982.5
2025-08-01 09:20:38 AM,659.05,200,131810.0,587056792.5
2025-08-01 09:20:38 AM,659.1,5,3295.5,587060088.0
2025-08-01 09:20:39 AM,659.1,641,422483.10000000003,587482571.1
2025-08-01 09:20:39 AM,659.1,28,18454.8,587501025.9
2025-08-01 09:20:40 AM,659.1,144,94910.40000000001,587595936.3
2025-08-01 09:20:40 AM,659.1,349,230025.9,587825962.1999999
2025-08-01 09:20:40 AM,659.15,0,0.0,587825962.1999999
2025-08-01 09:20:41 AM,659.2,1413,931449.6000000001,588757411.8
2025-08-01 09:20:41 AM,659.05,0,0.0,588757411.8
2025-08-01 09:20:41 AM,659.2,0,0.0,588757411.8
2025-08-01 09:20:42 AM,658.9,2705,1782324.5,590539736.3
2025-08-01 09:20:42 AM,658.8,214,140983.19999999998,590680719.5
2025-08-01 09:20:42 AM,658.85,0,0.0,590680719.5
2025-08-01 09:20:43 AM,658.95,1505,991719.7500000001,591672439.25
2025-08-01 09:20:43 AM,658.9,0,0.0,591672439.25
2025-08-01 09:20:44 AM,658.75,479,315541.25,591987980.5
2025-08-01 09:20:44 AM,658.7,167,110002.90000000001,592097983.4
2025-08-01 09:20:44 AM,658.9,0,0.0,592097983.4
2025-08-01 09:20:45 AM,658.9,2072,1365240.8,593463224.1999999
2025-08-01 09:20:45 AM,658.95,546,359786.7,593823010.9
2025-08-01 09:20:45 AM,659.0,0,0.0,593823010.9
2025-08-01 09:20:46 AM,659.0,2824,1861016.0,595684026.9
2025-08-01 09:20:46 AM,658.75,1365,899193.75,596583220.65
2025-08-01 09:20:46 AM,658.9,0,0.0,596583220.65
2025-08-01 09:20:46 AM,658.85,0,0.0,596583220.65
2025-08-01 09:20:47 AM,658.85,324,213467.4,596796688.05
2025-08-01 09:20:47 AM,658.95,1506,992378.7000000001,597789066.75
2025-08-01 09:20:48 AM,659.0,44,28996.0,597818062.75
2025-08-01 09:20:48 AM,659.0,1809,1192131.0,599010193.75
2025-08-01 09:20:48 AM,658.9,0,0.0,599010193.75
2025-08-01 09:20:49 AM,658.9,2,1317.8,599011511.55
2025-08-01 09:20:49 AM,659.0,0,0.0,599011511.55
2025-08-01 09:20:49 AM,659.0,1000,659000.0,599670511.55
2025-08-01 09:20:50 AM,658.75,1399,921591.25,600592102.8
2025-08-01 09:20:50 AM,658.7,0,0.0,600592102.8
2025-08-01 09:20:51 AM,658.7,1367,900442.9,601492545.6999999
2025-08-01 09:20:51 AM,658.8,198,130442.4,601622988.0999999
2025-08-01 09:20:51 AM,658.75,0,0.0,601622988.0999999
2025-08-01 09:20:51 AM,658.45,0,0.0,601622988.0999999
2025-08-01 09:20:52 AM,658.7,6139,4043759.3000000003,605666747.3999999
2025-08-01 09:20:52 AM,658.55,2271,1495567.0499999998,607162314.4499998
2025-08-01 09:20:52 AM,658.75,0,0.0,607162314.4499998
2025-08-01 09:20:52 AM,658.65,0,0.0,607162314.4499998
2025-08-01 09:20:53 AM,658.85,2644,1741999.4000000001,608904313.8499998
2025-08-01 09:20:53 AM,658.85,1,658.85,608904972.6999998
2025-08-01 09:20:53 AM,658.9,0,0.0,608904972.6999998
2025-08-01 09:20:54 AM,659.05,803,529217.1499999999,609434189.8499998
2025-08-01 09:20:54 AM,659.1,0,0.0,609434189.8499998
2025-08-01 09:20:55 AM,658.85,1509,994204.65,610428394.4999998
2025-08-01 09:20:55 AM,658.85,100,65885.0,610494279.4999998
2025-08-01 09:20:55 AM,659.0,0,0.0,610494279.4999998
2025-08-01 09:20:55 AM,658.85,0,0.0,610494279.4999998
2025-08-01 09:20:56 AM,659.0,72,47448.0,610541727.4999998
2025-08-01 09:20:56 AM,658.95,0,0.0,610541727.4999998
2025-08-01 09:20:57 AM,659.0,1122,739398.0,611281125.4999998
2025-08-01 09:20:57 AM,659.1,25,16477.5,611297602.9999998
2025-08-01 09:20:57 AM,659.15,0,0.0,611297602.9999998
2025-08-01 09:20:58 AM,659.0,1025,675475.0,611973077.9999998
2025-08-01 09:20:58 AM,659.05,50,32952.5,612006030.4999998
2025-08-01 09:20:59 AM,658.85,192,126499.20000000001,612132529.6999998
2025-08-01 09:20:59 AM,658.95,1080,711666.0,612844195.6999998
2025-08-01 09:21:00 AM,658.95,33,21745.350000000002,612865941.0499998
2025-08-01 09:21:00 AM,658.9,0,0.0,612865941.0499998
2025-08-01 09:21:00 AM,658.8,0,0.0,612865941.0499998
2025-08-01 09:21:01 AM,659.0,618,407262.0,613273203.0499998
2025-08-01 09:21:01 AM,659.0,2,1318.0,613274521.0499998
2025-08-01 09:21:02 AM,659.0,285,187815.0,613462336.0499998
2025-08-01 09:21:02 AM,658.75,0,0.0,613462336.0499998
2025-08-01 09:21:03 AM,659.0,528,347952.0,613810288.0499998
2025-08-01 09:21:03 AM,659.05,0,0.0,613810288.0499998
2025-08-01 09:21:04 AM,659.05,1993,1313486.65,615123774.6999998
2025-08-01 09:21:04 AM,658.9,0,0.0,615123774.6999998
2025-08-01 09:21:05 AM,658.9,1974,1300668.5999999999,616424443.2999998
2025-08-01 09:21:05 AM,658.75,6,3952.5,616428395.7999998
2025-08-01 09:21:05 AM,658.9,0,0.0,616428395.7999998
2025-08-01 09:21:06 AM,658.9,172,113330.8,616541726.5999998
2025-08-01 09:21:06 AM,659.0,234,154206.0,616695932.5999998
2025-08-01 09:21:07 AM,659.05,345,227372.24999999997,616923304.8499998
2025-08-01 09:21:07 AM,659.1,0,0.0,616923304.8499998
2025-08-01 09:21:08 AM,659.1,4117,2713514.7,619636819.5499998
2025-08-01 09:21:08 AM,659.1,316,208275.6,619845095.1499999
2025-08-01 09:21:09 AM,659.1,510,336141.0,620181236.1499999
2025-08-01 09:21:10 AM,659.35,0,0.0,620181236.1499999
2025-08-01 09:21:10 AM,659.35,149,98243.15000000001,620279479.2999998
2025-08-01 09:21:11 AM,659.35,25,16483.75,620295963.0499998
2025-08-01 09:21:11 AM,659.25,28,18459.0,620314422.0499998
2025-08-01 09:21:12 AM,659.35,0,0.0,620314422.0499998
2025-08-01 09:21:12 AM,659.35,93,61319.55,620375741.5999998
2025-08-01 09:21:13 AM,659.35,50,32967.5,620408709.0999998
2025-08-01 09:21:13 AM,659.2,0,0.0,620408709.0999998
2025-08-01 09:21:14 AM,659.2,43,28345.600000000002,620437054.6999998
2025-08-01 09:21:14 AM,659.35,3,1978.0500000000002,620439032.7499998
2025-08-01 09:21:14 AM,659.3,0,0.0,620439032.7499998
2025-08-01 09:21:15 AM,659.35,160,105496.0,620544528.7499998
2025-08-01 09:21:15 AM,659.35,755,497809.25,621042337.9999998
2025-08-01 09:21:16 AM,659.2,1196,788403.2000000001,621830741.1999998
2025-08-01 09:21:16 AM,659.3,18,11867.4,621842608.5999998
2025-08-01 09:21:16 AM,659.5,0,0.0,621842608.5999998
2025-08-01 09:21:17 AM,659.5,3015,1988392.5,623831001.0999998
2025-08-01 09:21:17 AM,659.4,302,199138.8,624030139.8999997
2025-08-01 09:21:17 AM,659.65,0,0.0,624030139.8999997
2025-08-01 09:21:18 AM,659.65,100,65965.0,624096104.8999997
2025-08-01 09:21:18 AM,659.7,0,0.0,624096104.8999997
2025-08-01 09:21:19 AM,659.75,200,131950.0,624228054.8999997
2025-08-01 09:21:20 AM,659.7,2211,1458596.7000000002,625686651.5999998
2025-08-01 09:21:20 AM,659.65,0,0.0,625686651.5999998
2025-08-01 09:21:21 AM,659.7,750,494775.00000000006,626181426.5999998
2025-08-01 09:21:22 AM,659.7,818,539634.6000000001,626721061.1999998
2025-08-01 09:21:22 AM,659.5,0,0.0,626721061.1999998
2025-08-01 09:21:23 AM,659.65,1066,703186.9,627424248.0999998
2025-08-01 09:21:24 AM,659.45,0,0.0,627424248.0999998
2025-08-01 09:21:24 AM,659.45,2737,1804914.6500000001,629229162.7499998
2025-08-01 09:21:25 AM,659.35,0,0.0,629229162.7499998
2025-08-01 09:21:25 AM,659.35,6820,4496767.0,633725929.7499998
2025-08-01 09:21:25 AM,659.4,0,0.0,633725929.7499998
2025-08-01 09:21:26 AM,659.45,70,46161.5,633772091.2499998
2025-08-01 09:21:26 AM,659.25,0,0.0,633772091.2499998
2025-08-01 09:21:26 AM,659.25,297,195797.25,633967888.4999998
2025-08-01 09:21:27 AM,659.4,0,0.0,633967888.4999998
2025-08-01 09:21:28 AM,659.4,237,156277.8,634124166.2999997
2025-08-01 09:21:28 AM,659.4,125,82425.0,634206591.2999997
2025-08-01 09:21:28 AM,659.55,0,0.0,634206591.2999997
2025-08-01 09:21:29 AM,659.55,1142,753206.1,634959797.3999997
2025-08-01 09:21:29 AM,659.5,46,30337.0,634990134.3999997
2025-08-01 09:21:29 AM,659.45,0,0.0,634990134.3999997
2025-08-01 09:21:30 AM,659.2,1184,780492.8,635770627.1999997
2025-08-01 09:21:30 AM,659.45,10,6594.5,635777221.6999997
2025-08-01 09:21:31 AM,659.45,103,67923.35,635845145.0499997
2025-08-01 09:21:31 AM,659.25,250,164812.5,636009957.5499997
2025-08-01 09:21:31 AM,659.45,0,0.0,636009957.5499997
2025-08-01 09:21:31 AM,659.55,0,0.0,636009957.5499997
2025-08-01 09:21:32 AM,659.55,760,501257.99999999994,636511215.5499997
2025-08-01 09:21:32 AM,659.35,1058,697592.3,637208807.8499997
2025-08-01 09:21:32 AM,659.05,0,0.0,637208807.8499997
2025-08-01 09:21:33 AM,659.4,1543,1017454.2,638226262.0499997
2025-08-01 09:21:33 AM,659.4,2,1318.8,638227580.8499997
2025-08-01 09:21:34 AM,659.3,307,202405.09999999998,638429985.9499997
2025-08-01 09:21:34 AM,659.35,0,0.0,638429985.9499997
2025-08-01 09:21:34 AM,659.35,16,10549.6,638440535.5499997
2025-08-01 09:21:35 AM,659.35,50,32967.5,638473503.0499997
2025-08-01 09:21:35 AM,659.25,0,0.0,638473503.0499997
2025-08-01 09:21:35 AM,659.25,24,15822.0,638489325.0499997
2025-08-01 09:21:36 AM,659.3,1530,1008728.9999999999,639498054.0499997
2025-08-01 09:21:37 AM,659.3,140,92302.0,639590356.0499997
2025-08-01 09:21:37 AM,659.3,4,2637.2,639592993.2499998
2025-08-01 09:21:38 AM,659.3,41,27031.3,639620024.5499997
2025-08-01 09:21:38 AM,659.3,10,6593.0,639626617.5499997
2025-08-01 09:21:39 AM,659.3,31,20438.3,639647055.8499997
2025-08-01 09:21:40 AM,659.3,406,267675.8,639914731.6499996
2025-08-01 09:21:40 AM,659.3,20,13186.0,639927917.6499996
2025-08-01 09:21:41 AM,659.3,189,124607.7,640052525.3499997
2025-08-01 09:21:41 AM,659.35,30,19780.5,640072305.8499997
2025-08-01 09:21:42 AM,659.35,61,40220.35,640112526.1999997
2025-08-01 09:21:42 AM,659.35,26,17143.100000000002,640129669.2999997
2025-08-01 09:21:43 AM,659.4,560,369264.0,640498933.2999997
2025-08-01 09:21:43 AM,659.35,8,5274.8,640504208.0999997
2025-08-01 09:21:43 AM,659.4,0,0.0,640504208.0999997
2025-08-01 09:21:44 AM,659.4,114,75171.59999999999,640579379.6999997
2025-08-01 09:21:45 AM,659.4,101,66599.4,640645979.0999997
2025-08-01 09:21:45 AM,659.35,0,0.0,640645979.0999997
2025-08-01 09:21:46 AM,659.4,527,347503.8,640993482.8999996
2025-08-01 09:21:46 AM,659.5,0,0.0,640993482.8999996
2025-08-01 09:21:47 AM,659.35,4457,2938722.95,643932205.8499997
2025-08-01 09:21:47 AM,659.3,30,19779.0,643951984.8499997
2025-08-01 09:21:47 AM,659.35,0,0.0,643951984.8499997
2025-08-01 09:21:48 AM,659.3,996,656662.7999999999,644608647.6499996
2025-08-01 09:21:49 AM,659.3,351,231414.3,644840061.9499996
2025-08-01 09:21:49 AM,659.25,0,0.0,644840061.9499996
2025-08-01 09:21:49 AM,659.25,55,36258.75,644876320.6999996
2025-08-01 09:21:50 AM,659.1,2761,1819775.1,646696095.7999996
2025-08-01 09:21:51 AM,659.3,453,298662.89999999997,646994758.6999996
2025-08-01 09:21:51 AM,659.3,20,13186.0,647007944.6999996
2025-08-01 09:21:52 AM,659.3,143,94279.9,647102224.5999995
2025-08-01 09:21:53 AM,659.3,10,6593.0,647108817.5999995
2025-08-01 09:21:53 AM,659.3,150,98895.0,647207712.5999995
2025-08-01 09:21:54 AM,659.25,1,659.25,647208371.8499995
2025-08-01 09:21:54 AM,659.15,0,0.0,647208371.8499995
2025-08-01 09:21:54 AM,659.15,2023,1333460.45,648541832.2999996
2025-08-01 09:21:55 AM,659.15,92,60641.799999999996,648602474.0999995
2025-08-01 09:21:56 AM,659.15,189,124579.34999999999,648727053.4499996
2025-08-01 09:21:56 AM,658.85,0,0.0,648727053.4499996
2025-08-01 09:21:57 AM,659.0,19141,12613919.0,661340972.4499996
2025-08-01 09:21:57 AM,659.0,156,102804.0,661443776.4499996
2025-08-01 09:21:57 AM,658.85,0,0.0,661443776.4499996
2025-08-01 09:21:57 AM,658.95,0,0.0,661443776.4499996
2025-08-01 09:21:58 AM,658.95,327,215476.65000000002,661659253.0999995
2025-08-01 09:21:58 AM,658.95,627,413161.65,662072414.7499995
2025-08-01 09:21:58 AM,658.9,0,0.0,662072414.7499995
2025-08-01 09:21:59 AM,658.9,84,55347.6,662127762.3499995
2025-08-01 09:21:59 AM,658.9,80,52712.0,662180474.3499995
2025-08-01 09:21:59 AM,658.8,0,0.0,662180474.3499995
2025-08-01 09:22:00 AM,658.85,539,355120.15,662535594.4999995
2025-08-01 09:22:01 AM,658.85,145,95533.25,662631127.7499995
2025-08-01 09:22:01 AM,658.85,70,46119.5,662677247.2499995
2025-08-01 09:22:02 AM,658.85,101,66543.85,662743791.0999995
2025-08-01 09:22:02 AM,658.75,0,0.0,662743791.0999995
2025-08-01 09:22:02 AM,658.75,110,72462.5,662816253.5999995
2025-08-01 09:22:03 AM,658.75,187,123186.25,662939439.8499995
2025-08-01 09:22:03 AM,658.85,2,1317.7,662940757.5499996
2025-08-01 09:22:04 AM,658.9,0,0.0,662940757.5499996
2025-08-01 09:22:04 AM,658.9,385,253676.5,663194434.0499996
2025-08-01 09:22:05 AM,658.95,0,0.0,663194434.0499996
2025-08-01 09:22:05 AM,658.95,1459,961408.05,664155842.0999995
2025-08-01 09:22:06 AM,658.95,213,140356.35,664296198.4499996
2025-08-01 09:22:07 AM,658.95,50,32947.5,664329145.9499996
2025-08-01 09:22:07 AM,659.0,0,0.0,664329145.9499996
2025-08-01 09:22:07 AM,659.0,1058,697222.0,665026367.9499996
2025-08-01 09:22:08 AM,659.0,25,16475.0,665042842.9499996
2025-08-01 09:22:08 AM,659.0,10,6590.0,665049432.9499996
2025-08-01 09:22:08 AM,658.9,0,0.0,665049432.9499996
2025-08-01 09:22:09 AM,659.0,165,108735.0,665158167.9499996
2025-08-01 09:22:09 AM,659.05,0,0.0,665158167.9499996
2025-08-01 09:22:09 AM,659.05,254,167398.69999999998,665325566.6499996
2025-08-01 09:22:10 AM,659.05,311,204964.55,665530531.1999996
2025-08-01 09:22:10 AM,659.1,0,0.0,665530531.1999996
2025-08-01 09:22:10 AM,659.1,633,417210.3,665947741.4999995
2025-08-01 09:22:11 AM,659.1,31,20432.100000000002,665968173.5999995
2025-08-01 09:22:12 AM,659.1,230,151593.0,666119766.5999995
2025-08-01 09:22:13 AM,659.1,276,181911.6,666301678.1999996
2025-08-01 09:22:13 AM,659.1,81,53387.1,666355065.2999996
2025-08-01 09:22:13 AM,659.0,0,0.0,666355065.2999996
2025-08-01 09:22:14 AM,659.0,1511,995749.0,667350814.2999996
2025-08-01 09:22:15 AM,659.0,969,638571.0,667989385.2999996
2025-08-01 09:22:15 AM,659.0,29,19111.0,668008496.2999996
2025-08-01 09:22:16 AM,658.95,197,129813.15000000001,668138309.4499996
2025-08-01 09:22:16 AM,658.85,197,129793.45000000001,668268102.8999996
2025-08-01 09:22:17 AM,659.0,395,260305.0,668528407.8999996
2025-08-01 09:22:17 AM,658.9,0,0.0,668528407.8999996
2025-08-01 09:22:18 AM,658.9,12,7906.799999999999,668536314.6999996
2025-08-01 09:22:18 AM,659.0,562,370358.0,668906672.6999996
2025-08-01 09:22:19 AM,659.0,23,15157.0,668921829.6999996
2025-08-01 09:22:19 AM,659.0,134,88306.0,669010135.6999996
2025-08-01 09:22:20 AM,658.9,210,138369.0,669148504.6999996
2025-08-01 09:22:20 AM,658.95,195,128495.25000000001,669276999.9499996
2025-08-01 09:22:21 AM,658.85,44,28989.4,669305989.3499995
2025-08-01 09:22:21 AM,658.95,275,181211.25,669487200.5999995
2025-08-01 09:22:22 AM,658.95,1318,868496.1000000001,670355696.6999996
2025-08-01 09:22:22 AM,659.0,5,3295.0,670358991.6999996
2025-08-01 09:22:23 AM,659.0,42,27678.0,670386669.6999996
2025-08-01 09:22:23 AM,659.0,122,80398.0,670467067.6999996
2025-08-01 09:22:23 AM,658.85,0,0.0,670467067.6999996
2025-08-01 09:22:24 AM,658.85,525,345896.25,670812963.9499996
2025-08-01 09:22:25 AM,658.7,8399,5532421.300000001,676345385.2499995
2025-08-01 09:22:25 AM,658.7,200,131740.0,676477125.2499995
2025-08-01 09:22:26 AM,658.65,335,220647.75,676697772.9999995
2025-08-01 09:22:27 AM,658.6,661,435334.60000000003,677133107.5999995
2025-08-01 09:22:28 AM,658.6,648,426772.8,677559880.3999995
2025-08-01 09:22:28 AM,658.6,15,9879.0,677569759.3999995
2025-08-01 09:22:29 AM,658.6,152,100107.2,677669866.5999995
2025-08-01 09:22:30 AM,658.6,412,271343.2,677941209.7999996
2025-08-01 09:22:30 AM,658.75,6379,4202166.25,682143376.0499996
2025-08-01 09:22:31 AM,658.75,39,25691.25,682169067.2999996
2025-08-01 09:22:31 AM,658.6,69,45443.4,682214510.6999996
2025-08-01 09:22:32 AM,658.65,479,315493.35,682530004.0499996
2025-08-01 09:22:32 AM,658.65,2,1317.3,682531321.3499995
2025-08-01 09:22:32 AM,658.7,0,0.0,682531321.3499995
2025-08-01 09:22:33 AM,658.7,191,125811.70000000001,682657133.0499996
2025-08-01 09:22:33 AM,658.8,303,199616.4,682856749.4499996
2025-08-01 09:22:33 AM,658.7,0,0.0,682856749.4499996
2025-08-01 09:22:34 AM,658.75,21905,14429918.75,697286668.1999996
2025-08-01 09:22:34 AM,658.75,21,13833.75,697300501.9499996
2025-08-01 09:22:34 AM,658.7,0,0.0,697300501.9499996
2025-08-01 09:22:35 AM,658.7,125,82337.5,697382839.4499996
2025-08-01 09:22:35 AM,658.65,521,343156.64999999997,697725996.0999995
2025-08-01 09:22:36 AM,658.75,2276,1499315.0,699225311.0999995
2025-08-01 09:22:36 AM,658.9,1406,926413.4,700151724.4999995
2025-08-01 09:22:36 AM,659.25,0,0.0,700151724.4999995
2025-08-01 09:22:37 AM,659.25,970,639472.5,700791196.9999995
2025-08-01 09:22:38 AM,659.05,930,612916.5,701404113.4999995
2025-08-01 09:22:39 AM,659.05,103,67882.15,701471995.6499995
2025-08-01 09:22:40 AM,659.05,739,487037.94999999995,701959033.5999995
2025-08-01 09:22:41 AM,659.25,56,36918.0,701995951.5999995
2025-08-01 09:22:42 AM,659.25,42,27688.5,702023640.0999995
2025-08-01 09:22:42 AM,659.3,4511,2974102.3,704997742.3999995
2025-08-01 09:22:42 AM,659.55,0,0.0,704997742.3999995
2025-08-01 09:22:43 AM,659.55,9,5935.95,705003678.3499995
2025-08-01 09:22:43 AM,659.35,86,56704.1,705060382.4499996
2025-08-01 09:22:44 AM,659.55,764,503896.19999999995,705564278.6499996
2025-08-01 09:22:44 AM,659.55,55,36275.25,705600553.8999996
2025-08-01 09:22:45 AM,659.55,1,659.55,705601213.4499996
2025-08-01 09:22:45 AM,659.5,60,39570.0,705640783.4499996
2025-08-01 09:22:45 AM,659.25,0,0.0,705640783.4499996
2025-08-01 09:22:46 AM,659.5,793,522983.5,706163766.9499996
2025-08-01 09:22:46 AM,659.45,0,0.0,706163766.9499996
2025-08-01 09:22:47 AM,659.65,1113,734190.45,706897957.3999996
2025-08-01 09:22:47 AM,659.45,18,11870.1,706909827.4999996
2025-08-01 09:22:48 AM,659.5,91,60014.5,706969841.9999996
2025-08-01 09:22:48 AM,659.6,4,2638.4,706972480.3999996
2025-08-01 09:22:49 AM,659.6,444,292862.4,707265342.7999996
2025-08-01 09:22:50 AM,659.55,157,103549.34999999999,707368892.1499996
2025-08-01 09:22:50 AM,659.5,52,34294.0,707403186.1499996
2025-08-01 09:22:51 AM,659.5,59,38910.5,707442096.6499996
2025-08-01 09:22:51 AM,659.65,20316,13401449.4,720843546.0499996
2025-08-01 09:22:52 AM,659.5,6,3957.0,720847503.0499996
2025-08-01 09:22:53 AM,659.5,13,8573.5,720856076.5499996
2025-08-01 09:22:54 AM,659.5,146,96287.0,720952363.5499996
2025-08-01 09:22:54 AM,659.5,160,105520.0,721057883.5499996
2025-08-01 09:22:55 AM,659.5,354,233463.0,721291346.5499996
2025-08-01 09:22:55 AM,659.5,11,7254.5,721298601.0499996
2025-08-01 09:22:56 AM,659.5,172,113434.0,721412035.0499996
2025-08-01 09:22:56 AM,659.5,12,7914.0,721419949.0499996
2025-08-01 09:22:57 AM,659.5,59,38910.5,721458859.5499996
2025-08-01 09:22:57 AM,659.35,0,0.0,721458859.5499996
2025-08-01 09:22:58 AM,659.45,369,243337.05000000002,721702196.5999995
2025-08-01 09:22:59 AM,659.45,520,342914.0,722045110.5999995
2025-08-01 09:23:00 AM,659.45,227,149695.15000000002,722194805.7499995
2025-08-01 09:23:00 AM,659.45,1,659.45,722195465.1999996
2025-08-01 09:23:01 AM,659.6,0,0.0,722195465.1999996
2025-08-01 09:23:01 AM,659.6,24580,16212968.0,738408433.1999996
2025-08-01 09:23:02 AM,659.45,0,0.0,738408433.1999996
2025-08-01 09:23:02 AM,659.45,1134,747816.3,739156249.4999995
2025-08-01 09:23:02 AM,659.5,0,0.0,739156249.4999995
2025-08-01 09:23:03 AM,659.25,0,0.0,739156249.4999995
2025-08-01 09:23:03 AM,659.25,572,377091.0,739533340.4999995
2025-08-01 09:23:04 AM,659.5,0,0.0,739533340.4999995
2025-08-01 09:23:04 AM,659.5,76,50122.0,739583462.4999995
2025-08-01 09:23:04 AM,659.25,0,0.0,739583462.4999995
2025-08-01 09:23:05 AM,659.2,0,0.0,739583462.4999995
2025-08-01 09:23:05 AM,659.2,703,463417.60000000003,740046880.0999995
2025-08-01 09:23:05 AM,659.45,5,3297.25,740050177.3499995
2025-08-01 09:23:06 AM,659.3,1951,1286294.2999999998,741336471.6499995
2025-08-01 09:23:06 AM,659.3,254,167462.19999999998,741503933.8499995
2025-08-01 09:23:07 AM,659.45,1814,1196242.3,742700176.1499995
2025-08-01 09:23:07 AM,659.2,0,0.0,742700176.1499995
2025-08-01 09:23:08 AM,659.4,679,447732.6,743147908.7499995
2025-08-01 09:23:08 AM,659.2,1434,945292.8,744093201.5499995
2025-08-01 09:23:08 AM,659.35,0,0.0,744093201.5499995
2025-08-01 09:23:09 AM,659.4,790,520926.0,744614127.5499995
2025-08-01 09:23:10 AM,659.4,1154,760947.6,745375075.1499995
2025-08-01 09:23:11 AM,659.45,402,265098.9,745640174.0499995
2025-08-01 09:23:12 AM,659.4,169,111438.59999999999,745751612.6499995
2025-08-01 09:23:13 AM,659.45,1131,745837.9500000001,746497450.5999995
2025-08-01 09:23:14 AM,659.45,542,357421.9,746854872.4999995
2025-08-01 09:23:15 AM,659.45,259,170797.55000000002,747025670.0499995
2025-08-01 09:23:16 AM,659.45,58,38248.100000000006,747063918.1499995
2025-08-01 09:23:16 AM,659.45,101,66604.45000000001,747130522.5999995
2025-08-01 09:23:17 AM,659.45,1167,769578.15,747900100.7499995
2025-08-01 09:23:18 AM,659.45,411,271033.95,748171134.6999996
2025-08-01 09:23:18 AM,659.4,0,0.0,748171134.6999996
2025-08-01 09:23:19 AM,659.45,3,1978.3500000000001,748173113.0499996
2025-08-01 09:23:20 AM,659.5,1491,983314.5,749156427.5499996
2025-08-01 09:23:20 AM,659.5,1,659.5,749157087.0499996
2025-08-01 09:23:21 AM,659.45,147,96939.15000000001,749254026.1999996
2025-08-01 09:23:22 AM,659.45,585,385778.25,749639804.4499996
2025-08-01 09:23:22 AM,659.45,6,3956.7000000000003,749643761.1499996
2025-08-01 09:23:23 AM,659.45,96,63307.200000000004,749707068.3499997
2025-08-01 09:23:23 AM,659.45,80,52756.0,749759824.3499997
2025-08-01 09:23:24 AM,659.45,64,42204.8,749802029.1499996
2025-08-01 09:23:24 AM,659.35,54,35604.9,749837634.0499996
2025-08-01 09:23:24 AM,659.45,0,0.0,749837634.0499996
2025-08-01 09:23:25 AM,659.45,325,214321.25000000003,750051955.2999996
2025-08-01 09:23:25 AM,659.3,0,0.0,750051955.2999996
2025-08-01 09:23:25 AM,659.45,0,0.0,750051955.2999996
2025-08-01 09:23:26 AM,659.45,168,110787.6,750162742.8999996
2025-08-01 09:23:26 AM,659.4,2,1318.8,750164061.6999996
2025-08-01 09:23:26 AM,659.45,0,0.0,750164061.6999996
2025-08-01 09:23:27 AM,659.5,21645,14274877.5,764438939.1999996
2025-08-01 09:23:27 AM,659.3,22,14504.599999999999,764453443.7999996
2025-08-01 09:23:27 AM,659.45,0,0.0,764453443.7999996
2025-08-01 09:23:27 AM,659.4,0,0.0,764453443.7999996
2025-08-01 09:23:28 AM,659.3,267,176033.09999999998,764629476.8999996
2025-08-01 09:23:28 AM,659.3,3,1977.8999999999999,764631454.7999996
2025-08-01 09:23:29 AM,659.3,50,32965.0,764664419.7999996
2025-08-01 09:23:29 AM,658.8,0,0.0,764664419.7999996
2025-08-01 09:23:30 AM,659.05,18346,12090931.299999999,776755351.0999995
2025-08-01 09:23:30 AM,659.0,0,0.0,776755351.0999995
2025-08-01 09:23:30 AM,658.65,0,0.0,776755351.0999995
2025-08-01 09:23:31 AM,659.0,1332,877788.0,777633139.0999995
2025-08-01 09:23:31 AM,659.0,10,6590.0,777639729.0999995
2025-08-01 09:23:31 AM,658.95,0,0.0,777639729.0999995
2025-08-01 09:23:32 AM,658.95,75,49421.25,777689150.3499995
2025-08-01 09:23:32 AM,658.95,2,1317.9,777690468.2499995
2025-08-01 09:23:32 AM,658.7,0,0.0,777690468.2499995
2025-08-01 09:23:32 AM,658.95,0,0.0,777690468.2499995
2025-08-01 09:23:33 AM,658.95,370,243811.50000000003,777934279.7499995
2025-08-01 09:23:34 AM,658.85,279,183819.15,778118098.8999995
2025-08-01 09:23:35 AM,658.85,1033,680592.05,778798690.9499995
2025-08-01 09:23:35 AM,658.65,113,74427.45,778873118.3999995
2025-08-01 09:23:35 AM,658.85,0,0.0,778873118.3999995
2025-08-01 09:23:36 AM,658.85,1345,886153.25,779759271.6499995
2025-08-01 09:23:36 AM,658.65,200,131730.0,779891001.6499995
2025-08-01 09:23:36 AM,658.9,0,0.0,779891001.6499995
2025-08-01 09:23:37 AM,658.9,39,25697.1,779916698.7499995
2025-08-01 09:23:37 AM,658.9,25,16472.5,779933171.2499995
2025-08-01 09:23:37 AM,658.6,0,0.0,779933171.2499995
2025-08-01 09:23:38 AM,658.95,733,483010.35000000003,780416181.5999995
2025-08-01 09:23:38 AM,658.95,3,1976.8500000000001,780418158.4499996
2025-08-01 09:23:39 AM,658.7,25,16467.5,780434625.9499996
2025-08-01 09:23:39 AM,658.85,5,3294.25,780437920.1999996
2025-08-01 09:23:40 AM,658.8,319,210157.19999999998,780648077.3999996
2025-08-01 09:23:40 AM,658.7,553,364261.10000000003,781012338.4999996
2025-08-01 09:23:40 AM,659.0,0,0.0,781012338.4999996
2025-08-01 09:23:41 AM,658.65,10658,7019891.7,788032230.1999997
2025-08-01 09:23:41 AM,658.8,41,27010.8,788059240.9999996
2025-08-01 09:23:42 AM,658.8,197,129783.59999999999,788189024.5999997
2025-08-01 09:23:42 AM,658.8,15,9882.0,788198906.5999997
2025-08-01 09:23:43 AM,658.8,635,418338.0,788617244.5999997
2025-08-01 09:23:43 AM,658.6,0,0.0,788617244.5999997
2025-08-01 09:23:44 AM,658.85,1516,998816.6,789616061.1999997
2025-08-01 09:23:44 AM,658.9,0,0.0,789616061.1999997
2025-08-01 09:23:45 AM,658.95,2185,1439805.75,791055866.9499997
2025-08-01 09:23:45 AM,658.85,0,0.0,791055866.9499997
2025-08-01 09:23:46 AM,658.85,135,88944.75,791144811.6999997
2025-08-01 09:23:46 AM,659.2,7,4614.400000000001,791149426.0999997
2025-08-01 09:23:47 AM,659.2,10,6592.0,791156018.0999997
2025-08-01 09:23:48 AM,659.2,12,7910.400000000001,791163928.4999996
2025-08-01 09:23:48 AM,658.85,6,3953.1000000000004,791167881.5999997
2025-08-01 09:23:48 AM,659.05,0,0.0,791167881.5999997
2025-08-01 09:23:49 AM,659.05,20,13181.0,791181062.5999997
2025-08-01 09:23:49 AM,659.05,4,2636.2,791183698.7999997
2025-08-01 09:23:49 AM,659.15,0,0.0,791183698.7999997
2025-08-01 09:23:50 AM,658.85,2620,1726187.0,792909885.7999997
2025-08-01 09:23:51 AM,659.05,806,531194.2999999999,793441080.0999997
2025-08-01 09:23:52 AM,659.1,114,75137.40000000001,793516217.4999996
2025-08-01 09:23:52 AM,659.1,26,17136.600000000002,793533354.0999997
2025-08-01 09:23:52 AM,659.0,0,0.0,793533354.0999997
2025-08-01 09:23:53 AM,659.0,101,66559.0,793599913.0999997
2025-08-01 09:23:53 AM,659.0,135,88965.0,793688878.0999997
2025-08-01 09:23:54 AM,659.0,160,105440.0,793794318.0999997
2025-08-01 09:23:54 AM,658.85,0,0.0,793794318.0999997
2025-08-01 09:23:55 AM,659.0,105,69195.0,793863513.0999997
2025-08-01 09:23:55 AM,659.0,101,66559.0,793930072.0999997
2025-08-01 09:23:56 AM,658.85,37,24377.45,793954449.5499997
2025-08-01 09:23:56 AM,659.0,0,0.0,793954449.5499997
2025-08-01 09:23:57 AM,658.75,6273,4132338.75,798086788.2999997
2025-08-01 09:23:57 AM,658.65,792,521650.8,798608439.0999997
2025-08-01 09:23:57 AM,658.85,0,0.0,798608439.0999997
2025-08-01 09:23:58 AM,658.7,5285,3481229.5000000005,802089668.5999997
2025-08-01 09:23:58 AM,658.7,3,1976.1000000000001,802091644.6999997
2025-08-01 09:23:59 AM,658.7,3500,2305450.0,804397094.6999997
2025-08-01 09:23:59 AM,658.65,0,0.0,804397094.6999997
2025-08-01 09:24:00 AM,658.65,348,229210.19999999998,804626304.8999997
2025-08-01 09:24:00 AM,658.65,10,6586.5,804632891.3999997
2025-08-01 09:24:01 AM,658.65,2104,1385799.5999999999,806018690.9999998
2025-08-01 09:24:01 AM,658.8,0,0.0,806018690.9999998
2025-08-01 09:24:02 AM,658.8,1586,1044856.7999999999,807063547.7999997
2025-08-01 09:24:02 AM,658.8,15,9882.0,807073429.7999997
2025-08-01 09:24:02 AM,658.85,0,0.0,807073429.7999997
2025-08-01 09:24:03 AM,658.7,2932,1931308.4000000001,809004738.1999997
2025-08-01 09:24:03 AM,658.65,114,75086.09999999999,809079824.2999997
2025-08-01 09:24:03 AM,658.75,0,0.0,809079824.2999997
2025-08-01 09:24:04 AM,658.75,1132,745705.0,809825529.2999997
2025-08-01 09:24:04 AM,658.75,6,3952.5,809829481.7999997
2025-08-01 09:24:04 AM,658.65,0,0.0,809829481.7999997
2025-08-01 09:24:05 AM,658.75,1686,1110652.5,810940134.2999997
2025-08-01 09:24:06 AM,658.7,1019,671215.3,811611349.5999997
2025-08-01 09:24:07 AM,658.75,56,36890.0,811648239.5999997
2025-08-01 09:24:07 AM,658.8,0,0.0,811648239.5999997
2025-08-01 09:24:07 AM,658.7,0,0.0,811648239.5999997
2025-08-01 09:24:08 AM,658.7,834,549355.8,812197595.3999996
2025-08-01 09:24:08 AM,658.6,877,577592.2000000001,812775187.5999997
2025-08-01 09:24:08 AM,658.8,0,0.0,812775187.5999997
2025-08-01 09:24:09 AM,658.8,1,658.8,812775846.3999996
2025-08-01 09:24:09 AM,658.75,20,13175.0,812789021.3999996
2025-08-01 09:24:09 AM,658.8,0,0.0,812789021.3999996
2025-08-01 09:24:10 AM,658.8,48,31622.399999999998,812820643.7999996
2025-08-01 09:24:10 AM,658.8,111,73126.79999999999,812893770.5999995
2025-08-01 09:24:10 AM,658.7,0,0.0,812893770.5999995
2025-08-01 09:24:11 AM,658.9,2109,1389620.0999999999,814283390.6999996
2025-08-01 09:24:11 AM,658.75,0,0.0,814283390.6999996
2025-08-01 09:24:12 AM,658.75,775,510531.25,814793921.9499996
2025-08-01 09:24:12 AM,658.9,0,0.0,814793921.9499996
2025-08-01 09:24:13 AM,659.0,7158,4717122.0,819511043.9499996
2025-08-01 09:24:13 AM,659.2,0,0.0,819511043.9499996
2025-08-01 09:24:14 AM,659.2,59,38892.8,819549936.7499995
2025-08-01 09:24:14 AM,659.2,33,21753.600000000002,819571690.3499995
2025-08-01 09:24:14 AM,659.1,0,0.0,819571690.3499995
2025-08-01 09:24:15 AM,659.2,161,106131.20000000001,819677821.5499996
2025-08-01 09:24:15 AM,659.05,351,231326.55,819909148.0999995
2025-08-01 09:24:16 AM,659.2,30,19776.0,819928924.0999995
2025-08-01 09:24:16 AM,659.2,2,1318.4,819930242.4999995
2025-08-01 09:24:17 AM,659.2,1,659.2,819930901.6999996
2025-08-01 09:24:18 AM,659.2,100,65920.0,819996821.6999996
2025-08-01 09:24:18 AM,659.2,501,330259.2,820327080.8999996
2025-08-01 09:24:18 AM,659.3,0,0.0,820327080.8999996
2025-08-01 09:24:18 AM,659.35,0,0.0,820327080.8999996
2025-08-01 09:24:19 AM,659.35,133,87693.55,820414774.4499996
2025-08-01 09:24:19 AM,659.35,323,212970.05000000002,820627744.4999995
2025-08-01 09:24:19 AM,659.3,0,0.0,820627744.4999995
2025-08-01 09:24:20 AM,659.3,20,13186.0,820640930.4999995
2025-08-01 09:24:20 AM,659.3,23,15163.9,820656094.3999995
2025-08-01 09:24:20 AM,659.35,0,0.0,820656094.3999995
2025-08-01 09:24:21 AM,659.35,500,329675.0,820985769.3999995
2025-08-01 09:24:21 AM,659.25,186,122620.5,821108389.8999995
2025-08-01 09:24:21 AM,659.05,0,0.0,821108389.8999995
2025-08-01 09:24:22 AM,659.2,913,601849.6000000001,821710239.4999995
2025-08-01 09:24:22 AM,659.2,51,33619.200000000004,821743858.6999996
2025-08-01 09:24:22 AM,659.15,0,0.0,821743858.6999996
2025-08-01 09:24:23 AM,659.0,906,597054.0,822340912.6999996
2025-08-01 09:24:23 AM,659.15,1,659.15,822341571.8499995
2025-08-01 09:24:23 AM,659.1,0,0.0,822341571.8499995
2025-08-01 09:24:24 AM,659.1,526,346686.60000000003,822688258.4499996
2025-08-01 09:24:24 AM,659.0,50,32950.0,822721208.4499996
2025-08-01 09:24:24 AM,659.1,0,0.0,822721208.4499996
2025-08-01 09:24:25 AM,659.0,116,76444.0,822797652.4499996
2025-08-01 09:24:25 AM,659.0,14,9226.0,822806878.4499996
2025-08-01 09:24:25 AM,659.05,0,0.0,822806878.4499996
2025-08-01 09:24:26 AM,659.05,1049,691343.45,823498221.8999996
2025-08-01 09:24:26 AM,659.05,10,6590.5,823504812.3999996
2025-08-01 09:24:26 AM,659.0,0,0.0,823504812.3999996
2025-08-01 09:24:27 AM,659.05,4006,2640154.3,826144966.6999996
2025-08-01 09:24:27 AM,659.0,0,0.0,826144966.6999996
2025-08-01 09:24:27 AM,658.9,0,0.0,826144966.6999996
2025-08-01 09:24:28 AM,659.0,1124,740716.0,826885682.6999996
2025-08-01 09:24:28 AM,659.0,40,26360.0,826912042.6999996
2025-08-01 09:24:29 AM,659.0,1018,670862.0,827582904.6999996
2025-08-01 09:24:29 AM,659.0,25,16475.0,827599379.6999996
2025-08-01 09:24:30 AM,659.0,126,83034.0,827682413.6999996
2025-08-01 09:24:30 AM,659.0,380,250420.0,827932833.6999996
2025-08-01 09:24:31 AM,659.0,53,34927.0,827967760.6999996
2025-08-01 09:24:31 AM,658.9,0,0.0,827967760.6999996
2025-08-01 09:24:31 AM,659.0,68,44812.0,828012572.6999996
2025-08-01 09:24:32 AM,658.9,6,3953.3999999999996,828016526.0999995
2025-08-01 09:24:32 AM,659.0,0,0.0,828016526.0999995
2025-08-01 09:24:32 AM,658.9,0,0.0,828016526.0999995
2025-08-01 09:24:33 AM,658.9,217,142981.3,828159507.3999995
2025-08-01 09:24:33 AM,659.0,0,0.0,828159507.3999995
2025-08-01 09:24:33 AM,658.95,0,0.0,828159507.3999995
2025-08-01 09:24:34 AM,658.95,21,13837.95,828173345.3499995
2025-08-01 09:24:34 AM,659.0,0,0.0,828173345.3499995
2025-08-01 09:24:35 AM,658.9,345,227320.5,828400665.8499995
2025-08-01 09:24:35 AM,659.0,0,0.0,828400665.8499995
2025-08-01 09:24:36 AM,659.0,91,59969.0,828460634.8499995
2025-08-01 09:24:36 AM,659.0,703,463277.0,828923911.8499995
2025-08-01 09:24:37 AM,659.0,351,231309.0,829155220.8499995
2025-08-01 09:24:37 AM,659.0,17,11203.0,829166423.8499995
2025-08-01 09:24:38 AM,659.0,25,16475.0,829182898.8499995
2025-08-01 09:24:38 AM,658.9,0,0.0,829182898.8499995
2025-08-01 09:24:38 AM,659.0,0,0.0,829182898.8499995
2025-08-01 09:24:39 AM,659.0,101,66559.0,829249457.8499995
2025-08-01 09:24:39 AM,659.0,23,15157.0,829264614.8499995
2025-08-01 09:24:40 AM,659.0,2517,1658703.0,830923317.8499995
2025-08-01 09:24:41 AM,658.95,172,113339.40000000001,831036657.2499995
2025-08-01 09:24:41 AM,658.9,0,0.0,831036657.2499995
2025-08-01 09:24:41 AM,658.9,30,19767.0,831056424.2499995
2025-08-01 09:24:42 AM,658.95,0,0.0,831056424.2499995
2025-08-01 09:24:42 AM,658.95,178,117293.1,831173717.3499995
2025-08-01 09:24:43 AM,658.85,0,0.0,831173717.3499995
2025-08-01 09:24:43 AM,658.85,1083,713534.55,831887251.8999995
2025-08-01 09:24:44 AM,658.7,6,3952.2000000000003,831891204.0999995
2025-08-01 09:24:44 AM,658.85,0,0.0,831891204.0999995
2025-08-01 09:24:44 AM,658.85,3268,2153121.8000000003,834044325.8999995
2025-08-01 09:24:45 AM,658.7,0,0.0,834044325.8999995
2025-08-01 09:24:45 AM,658.7,225,148207.5,834192533.3999995
2025-08-01 09:24:46 AM,658.75,0,0.0,834192533.3999995
2025-08-01 09:24:46 AM,658.75,4952,3262130.0,837454663.3999995
2025-08-01 09:24:47 AM,658.75,13,8563.75,837463227.1499995
2025-08-01 09:24:47 AM,658.8,0,0.0,837463227.1499995
2025-08-01 09:24:47 AM,658.8,2419,1593637.2,839056864.3499995
2025-08-01 09:24:48 AM,658.85,860,566611.0,839623475.3499995
2025-08-01 09:24:48 AM,658.85,52,34260.200000000004,839657735.5499996
2025-08-01 09:24:49 AM,658.85,211,139017.35,839796752.8999996
2025-08-01 09:24:49 AM,658.85,116,76426.6,839873179.4999996
2025-08-01 09:24:50 AM,658.7,416,274019.2,840147198.6999997
2025-08-01 09:24:50 AM,658.8,34,22399.199999999997,840169597.8999997
2025-08-01 09:24:51 AM,658.85,202,133087.7,840302685.5999998
2025-08-01 09:24:51 AM,658.85,1,658.85,840303344.4499998
2025-08-01 09:24:52 AM,658.8,389,256273.19999999998,840559617.6499999
2025-08-01 09:24:52 AM,658.85,61,40189.85,840599807.4999999
2025-08-01 09:24:52 AM,658.75,0,0.0,840599807.4999999
2025-08-01 09:24:53 AM,658.75,1737,1144248.75,841744056.2499999
2025-08-01 09:24:53 AM,658.6,1052,692847.2000000001,842436903.4499999
2025-08-01 09:24:53 AM,658.8,0,0.0,842436903.4499999
2025-08-01 09:24:54 AM,658.8,2641,1739890.7999999998,844176794.2499999
2025-08-01 09:24:54 AM,658.8,2,1317.6,844178111.8499999
2025-08-01 09:24:55 AM,658.6,1422,936529.2000000001,845114641.05
2025-08-01 09:24:56 AM,658.55,121,79684.54999999999,845194325.5999999
2025-08-01 09:24:56 AM,658.7,0,0.0,845194325.5999999
2025-08-01 09:24:56 AM,658.7,783,515762.10000000003,845710087.6999999
2025-08-01 09:24:57 AM,658.7,150,98805.0,845808892.6999999
2025-08-01 09:24:58 AM,658.7,240,158088.0,845966980.6999999
2025-08-01 09:24:58 AM,658.5,870,572895.0,846539875.6999999
2025-08-01 09:24:58 AM,658.65,0,0.0,846539875.6999999
2025-08-01 09:24:58 AM,658.7,0,0.0,846539875.6999999
2025-08-01 09:24:59 AM,658.7,43,28324.100000000002,846568199.8
2025-08-01 09:24:59 AM,658.5,612,403002.0,846971201.8
2025-08-01 09:24:59 AM,658.7,0,0.0,846971201.8
2025-08-01 09:25:00 AM,658.7,113,74433.1,847045634.9
2025-08-01 09:25:01 AM,658.7,19,12515.300000000001,847058150.1999999
2025-08-01 09:25:01 AM,658.7,53,34911.100000000006,847093061.3
2025-08-01 09:25:01 AM,658.65,0,0.0,847093061.3
2025-08-01 09:25:01 AM,658.65,6,3951.8999999999996,847097013.1999999
2025-08-01 09:25:02 AM,658.65,350,230527.5,847327540.6999999
2025-08-01 09:25:02 AM,658.5,0,0.0,847327540.6999999
2025-08-01 09:25:02 AM,658.65,17,11197.05,847338737.7499999
2025-08-01 09:25:03 AM,658.4,0,0.0,847338737.7499999
2025-08-01 09:25:03 AM,658.4,3262,2147700.8,849486438.5499998
2025-08-01 09:25:04 AM,658.55,0,0.0,849486438.5499998
2025-08-01 09:25:04 AM,658.55,143,94172.65,849580611.1999998
2025-08-01 09:25:05 AM,658.55,4397,2895644.3499999996,852476255.5499998
2025-08-01 09:25:05 AM,658.5,0,0.0,852476255.5499998
2025-08-01 09:25:06 AM,658.5,82,53997.0,852530252.5499998
2025-08-01 09:25:06 AM,658.5,49,32266.5,852562519.0499998
2025-08-01 09:25:07 AM,658.4,76,50038.4,852612557.4499998
2025-08-01 09:25:07 AM,658.5,268,176478.0,852789035.4499998
2025-08-01 09:25:08 AM,658.4,376,247558.4,853036593.8499998
2025-08-01 09:25:08 AM,658.4,34,22385.6,853058979.4499998
2025-08-01 09:25:09 AM,658.4,296,194886.4,853253865.8499998
2025-08-01 09:25:09 AM,658.3,697,458835.1,853712700.9499998
2025-08-01 09:25:10 AM,658.1,5312,3495827.2,857208528.1499999
2025-08-01 09:25:10 AM,658.2,7,4607.400000000001,857213135.5499998
2025-08-01 09:25:11 AM,658.2,22,14480.400000000001,857227615.9499998
2025-08-01 09:25:11 AM,658.05,53,34876.649999999994,857262492.5999998
2025-08-01 09:25:12 AM,658.15,1907,1255092.05,858517584.6499997
2025-08-01 09:25:12 AM,658.2,1,658.2,858518242.8499998
2025-08-01 09:25:12 AM,658.0,0,0.0,858518242.8499998
2025-08-01 09:25:13 AM,658.1,2363,1555090.3,860073333.1499997
2025-08-01 09:25:13 AM,658.15,0,0.0,860073333.1499997
2025-08-01 09:25:13 AM,658.0,0,0.0,860073333.1499997
2025-08-01 09:25:14 AM,657.9,40953,26942978.7,887016311.8499998
2025-08-01 09:25:15 AM,657.85,1760,1157816.0,888174127.8499998
2025-08-01 09:25:15 AM,657.65,0,0.0,888174127.8499998
2025-08-01 09:25:15 AM,657.65,151,99305.15,888273432.9999998
2025-08-01 09:25:16 AM,657.6,3361,2210193.6,890483626.5999998
2025-08-01 09:25:16 AM,657.5,0,0.0,890483626.5999998
2025-08-01 09:25:16 AM,657.5,30,19725.0,890503351.5999998
2025-08-01 09:25:16 AM,657.6,0,0.0,890503351.5999998
2025-08-01 09:25:17 AM,657.4,2452,1611944.8,892115296.3999997
2025-08-01 09:25:17 AM,657.6,0,0.0,892115296.3999997
2025-08-01 09:25:17 AM,657.95,0,0.0,892115296.3999997
2025-08-01 09:25:17 AM,657.95,12539,8250035.050000001,900365331.4499997
2025-08-01 09:25:18 AM,657.7,63,41435.100000000006,900406766.5499997
2025-08-01 09:25:19 AM,657.75,20,13155.0,900419921.5499997
2025-08-01 09:25:19 AM,657.5,563,370172.5,900790094.0499997
2025-08-01 09:25:20 AM,657.75,178,117079.5,900907173.5499997
2025-08-01 09:25:20 AM,657.7,408,268341.60000000003,901175515.1499997
2025-08-01 09:25:20 AM,657.6,0,0.0,901175515.1499997
2025-08-01 09:25:21 AM,657.6,11,7233.6,901182748.7499998
2025-08-01 09:25:21 AM,657.55,456,299842.8,901482591.5499997
2025-08-01 09:25:21 AM,657.6,0,0.0,901482591.5499997
2025-08-01 09:25:22 AM,657.6,30,19728.0,901502319.5499997
2025-08-01 09:25:22 AM,657.6,151,99297.6,901601617.1499997
2025-08-01 09:25:23 AM,657.6,57,37483.200000000004,901639100.3499998
2025-08-01 09:25:23 AM,657.6,60,39456.0,901678556.3499998
2025-08-01 09:25:23 AM,657.4,0,0.0,901678556.3499998
2025-08-01 09:25:24 AM,657.55,317,208443.34999999998,901886999.6999998
2025-08-01 09:25:24 AM,657.4,0,0.0,901886999.6999998
2025-08-01 09:25:25 AM,657.55,129,84823.95,901971823.6499999
2025-08-01 09:25:25 AM,657.55,406,266965.3,902238788.9499998
2025-08-01 09:25:25 AM,657.4,0,0.0,902238788.9499998
2025-08-01 09:25:26 AM,657.4,38,24981.2,902263770.1499999
2025-08-01 09:25:26 AM,657.55,0,0.0,902263770.1499999
2025-08-01 09:25:27 AM,657.55,401,263677.55,902527447.6999998
2025-08-01 09:25:27 AM,657.6,0,0.0,902527447.6999998
2025-08-01 09:25:28 AM,657.55,1098,721989.8999999999,903249437.5999998
2025-08-01 09:25:28 AM,657.6,5,3288.0,903252725.5999998
2025-08-01 09:25:28 AM,657.55,0,0.0,903252725.5999998
2025-08-01 09:25:28 AM,657.6,0,0.0,903252725.5999998
2025-08-01 09:25:29 AM,657.6,917,603019.2000000001,903855744.7999998
2025-08-01 09:25:30 AM,657.65,1119,735910.35,904591655.1499999
2025-08-01 09:25:31 AM,657.65,461,303176.64999999997,904894831.7999998
2025-08-01 09:25:32 AM,657.6,36,23673.600000000002,904918505.3999999
2025-08-01 09:25:32 AM,657.65,0,0.0,904918505.3999999
2025-08-01 09:25:33 AM,657.65,185,121665.25,905040170.6499999
2025-08-01 09:25:33 AM,657.65,90,59188.5,905099359.1499999
2025-08-01 09:25:33 AM,657.6,0,0.0,905099359.1499999
2025-08-01 09:25:34 AM,657.65,684,449832.6,905549191.7499999
2025-08-01 09:25:34 AM,657.65,804,528750.6,906077942.3499999
2025-08-01 09:25:34 AM,657.6,0,0.0,906077942.3499999
2025-08-01 09:25:35 AM,657.6,22,14467.2,906092409.55
2025-08-01 09:25:35 AM,657.65,78,51296.7,906143706.25
2025-08-01 09:25:35 AM,657.6,0,0.0,906143706.25
2025-08-01 09:25:36 AM,657.7,708,465651.60000000003,906609357.85
2025-08-01 09:25:36 AM,657.7,119,78266.3,906687624.15
2025-08-01 09:25:37 AM,657.7,451,296622.7,906984246.85
2025-08-01 09:25:37 AM,657.7,105,69058.5,907053305.35
2025-08-01 09:25:38 AM,657.7,92,60508.4,907113813.75
2025-08-01 09:25:38 AM,657.65,683,449174.95,907562988.7
2025-08-01 09:25:39 AM,657.75,1082,711685.5,908274674.2
2025-08-01 09:25:40 AM,657.75,23,15128.25,908289802.45
2025-08-01 09:25:40 AM,657.75,38,24994.5,908314796.95
2025-08-01 09:25:41 AM,657.75,193,126945.75,908441742.7
2025-08-01 09:25:42 AM,657.75,160,105240.0,908546982.7
2025-08-01 09:25:43 AM,657.8,1324,870927.2,909417909.9000001
2025-08-01 09:25:44 AM,657.8,3,1973.3999999999999,909419883.3000001
2025-08-01 09:25:44 AM,657.8,37,24338.6,909444221.9000001
2025-08-01 09:25:45 AM,657.8,1,657.8,909444879.7
2025-08-01 09:25:45 AM,657.7,3189,2097405.3000000003,911542285.0
2025-08-01 09:25:46 AM,657.7,53,34858.100000000006,911577143.1
2025-08-01 09:25:46 AM,657.7,271,178236.7,911755379.8000001
2025-08-01 09:25:46 AM,657.9,0,0.0,911755379.8000001
2025-08-01 09:25:47 AM,657.9,1,657.9,911756037.7
2025-08-01 09:25:47 AM,657.8,827,544000.6,912300038.3000001
2025-08-01 09:25:48 AM,657.95,372,244757.40000000002,912544795.7
2025-08-01 09:25:48 AM,657.95,32,21054.4,912565850.1
2025-08-01 09:25:48 AM,657.9,0,0.0,912565850.1
2025-08-01 09:25:48 AM,657.8,0,0.0,912565850.1
2025-08-01 09:25:49 AM,657.65,822,540588.2999999999,913106438.4
2025-08-01 09:25:49 AM,657.6,244,160454.4,913266892.8
2025-08-01 09:25:49 AM,657.85,0,0.0,913266892.8
2025-08-01 09:25:50 AM,657.7,291,191390.7,913458283.5
2025-08-01 09:25:50 AM,657.65,13,8549.449999999999,913466832.95
2025-08-01 09:25:50 AM,657.6,0,0.0,913466832.95
2025-08-01 09:25:51 AM,657.55,912,599685.6,914066518.5500001
2025-08-01 09:25:52 AM,657.8,163,107221.4,914173739.95
2025-08-01 09:25:52 AM,657.7,80,52616.0,914226355.95
2025-08-01 09:25:52 AM,657.8,0,0.0,914226355.95
2025-08-01 09:25:53 AM,657.75,121,79587.75,914305943.7
2025-08-01 09:25:53 AM,657.5,0,0.0,914305943.7
2025-08-01 09:25:53 AM,657.7,0,0.0,914305943.7
2025-08-01 09:25:54 AM,657.65,1726,1135103.9,915441047.6
2025-08-01 09:25:54 AM,657.8,0,0.0,915441047.6
2025-08-01 09:25:55 AM,657.75,500,328875.0,915769922.6
2025-08-01 09:25:56 AM,657.6,60,39456.0,915809378.6
2025-08-01 09:25:56 AM,657.75,0,0.0,915809378.6
2025-08-01 09:25:57 AM,657.75,16,10524.0,915819902.6
2025-08-01 09:25:57 AM,657.7,1851,1217402.7000000002,917037305.3000001
2025-08-01 09:25:57 AM,657.65,0,0.0,917037305.3000001
2025-08-01 09:25:57 AM,657.7,0,0.0,917037305.3000001
2025-08-01 09:25:58 AM,657.7,535,351869.5,917389174.8000001
2025-08-01 09:25:58 AM,657.7,283,186129.1,917575303.9000001
2025-08-01 09:25:58 AM,657.5,0,0.0,917575303.9000001
2025-08-01 09:25:59 AM,657.5,41,26957.5,917602261.4000001
2025-08-01 09:25:59 AM,657.65,218,143367.69999999998,917745629.1000001
2025-08-01 09:25:59 AM,657.5,0,0.0,917745629.1000001
2025-08-01 09:26:00 AM,657.65,91,59846.15,917805475.2500001
2025-08-01 09:26:00 AM,657.75,0,0.0,917805475.2500001
2025-08-01 09:26:00 AM,657.75,924,607761.0,918413236.2500001
2025-08-01 09:26:00 AM,657.7,0,0.0,918413236.2500001
2025-08-01 09:26:01 AM,657.65,43,28278.95,918441515.2000002
2025-08-01 09:26:01 AM,657.65,25,16441.25,918457956.4500002
2025-08-01 09:26:02 AM,657.2,8955,5885226.0,924343182.4500002
2025-08-01 09:26:02 AM,657.5,401,263657.5,924606839.9500002
2025-08-01 09:26:02 AM,657.25,0,0.0,924606839.9500002
2025-08-01 09:26:03 AM,657.5,148,97310.0,924704149.9500002
2025-08-01 09:26:03 AM,657.5,523,343872.5,925048022.4500002
2025-08-01 09:26:04 AM,657.5,408,268260.0,925316282.4500002
2025-08-01 09:26:04 AM,657.5,93,61147.5,925377429.9500002
2025-08-01 09:26:05 AM,657.4,174,114387.59999999999,925491817.5500002
2025-08-01 09:26:05 AM,657.55,160,105208.0,925597025.5500002
2025-08-01 09:26:06 AM,657.55,260,170963.0,925767988.5500002
2025-08-01 09:26:06 AM,657.55,6,3945.2999999999997,925771933.8500001
2025-08-01 09:26:07 AM,657.55,58,38137.899999999994,925810071.7500001
2025-08-01 09:26:07 AM,657.5,58,38135.0,925848206.7500001
2025-08-01 09:26:08 AM,657.55,762,501053.1,926349259.8500001
2025-08-01 09:26:08 AM,657.5,55,36162.5,926385422.3500001
2025-08-01 09:26:08 AM,657.55,0,0.0,926385422.3500001
2025-08-01 09:26:09 AM,657.5,275,180812.5,926566234.8500001
2025-08-01 09:26:09 AM,657.5,180,118350.0,926684584.8500001
2025-08-01 09:26:09 AM,657.45,0,0.0,926684584.8500001
2025-08-01 09:26:10 AM,657.5,118,77585.0,926762169.8500001
2025-08-01 09:26:10 AM,657.5,361,237357.5,926999527.3500001
2025-08-01 09:26:11 AM,657.5,524,344530.0,927344057.3500001
2025-08-01 09:26:11 AM,657.5,535,351762.5,927695819.8500001
2025-08-01 09:26:12 AM,657.5,205,134787.5,927830607.3500001
2025-08-01 09:26:12 AM,657.55,161,105865.54999999999,927936472.9000001
2025-08-01 09:26:13 AM,657.55,1084,712784.2,928649257.1000001
2025-08-01 09:26:13 AM,657.55,24,15781.199999999999,928665038.3000002
2025-08-01 09:26:14 AM,657.6,555,364968.0,929030006.3000002
2025-08-01 09:26:14 AM,657.55,0,0.0,929030006.3000002
2025-08-01 09:26:15 AM,657.6,520,341952.0,929371958.3000002
2025-08-01 09:26:15 AM,657.6,28,18412.8,929390371.1000001
2025-08-01 09:26:16 AM,657.6,110,72336.0,929462707.1000001
2025-08-01 09:26:16 AM,657.55,0,0.0,929462707.1000001
2025-08-01 09:26:16 AM,657.5,0,0.0,929462707.1000001
2025-08-01 09:26:17 AM,657.5,5813,3822047.5,933284754.6000001
2025-08-01 09:26:17 AM,657.25,800,525800.0,933810554.6000001
2025-08-01 09:26:17 AM,657.45,0,0.0,933810554.6000001
2025-08-01 09:26:17 AM,657.5,0,0.0,933810554.6000001
2025-08-01 09:26:18 AM,657.5,1303,856722.5,934667277.1000001
2025-08-01 09:26:18 AM,657.45,239,157130.55000000002,934824407.6500001
2025-08-01 09:26:19 AM,657.45,1004,660079.8,935484487.45
2025-08-01 09:26:19 AM,657.45,542,356337.9,935840825.35
2025-08-01 09:26:20 AM,657.45,289,190003.05000000002,936030828.4
2025-08-01 09:26:21 AM,657.45,609,400387.05000000005,936431215.4499999
2025-08-01 09:26:21 AM,657.45,6,3944.7000000000003,936435160.15
2025-08-01 09:26:21 AM,657.5,0,0.0,936435160.15
2025-08-01 09:26:22 AM,657.5,281,184757.5,936619917.65
2025-08-01 09:26:22 AM,657.5,50,32875.0,936652792.65
2025-08-01 09:26:23 AM,657.5,71,46682.5,936699475.15
2025-08-01 09:26:23 AM,657.55,67,44055.85,936743531.0
2025-08-01 09:26:23 AM,657.5,0,0.0,936743531.0
2025-08-01 09:26:24 AM,657.5,411,270232.5,937013763.5
2025-08-01 09:26:24 AM,657.5,15,9862.5,937023626.0
2025-08-01 09:26:24 AM,657.45,0,0.0,937023626.0
2025-08-01 09:26:25 AM,657.45,15,9861.75,937033487.75
2025-08-01 09:26:25 AM,657.45,197,129517.65000000001,937163005.4
2025-08-01 09:26:25 AM,657.5,0,0.0,937163005.4
2025-08-01 09:26:26 AM,657.5,1112,731140.0,937894145.4
2025-08-01 09:26:26 AM,657.45,208,136749.6,938030895.0
2025-08-01 09:26:27 AM,657.45,717,471391.65,938502286.65
2025-08-01 09:26:27 AM,657.4,403,264932.2,938767218.85
2025-08-01 09:26:28 AM,657.4,215,141341.0,938908559.85
2025-08-01 09:26:28 AM,657.4,51,33527.4,938942087.25
2025-08-01 09:26:28 AM,657.2,0,0.0,938942087.25
2025-08-01 09:26:29 AM,657.4,219,143970.6,939086057.85
2025-08-01 09:26:29 AM,657.4,101,66397.4,939152455.25
2025-08-01 09:26:29 AM,657.45,0,0.0,939152455.25
2025-08-01 09:26:30 AM,657.45,636,418138.2,939570593.45
2025-08-01 09:26:30 AM,657.55,75,49316.25,939619909.7
2025-08-01 09:26:31 AM,657.4,884,581141.6,940201051.3000001
2025-08-01 09:26:31 AM,657.55,0,0.0,940201051.3000001
2025-08-01 09:26:32 AM,657.55,60,39453.0,940240504.3000001
2025-08-01 09:26:32 AM,657.55,75,49316.25,940289820.5500001
2025-08-01 09:26:32 AM,657.5,0,0.0,940289820.5500001
2025-08-01 09:26:33 AM,657.5,225,147937.5,940437758.0500001
2025-08-01 09:26:33 AM,657.55,57,37480.35,940475238.4000001
2025-08-01 09:26:34 AM,657.55,6,3945.2999999999997,940479183.7
2025-08-01 09:26:34 AM,657.6,4002,2631715.2,943110898.9000001
2025-08-01 09:26:34 AM,657.7,0,0.0,943110898.9000001
2025-08-01 09:26:34 AM,657.6,0,0.0,943110898.9000001
2025-08-01 09:26:35 AM,657.6,556,365625.60000000003,943476524.5000001
2025-08-01 09:26:35 AM,657.6,716,470841.60000000003,943947366.1000001
2025-08-01 09:26:36 AM,657.6,11,7233.6,943954599.7000002
2025-08-01 09:26:36 AM,657.7,247,162451.90000000002,944117051.6000001
2025-08-01 09:26:36 AM,657.65,0,0.0,944117051.6000001
2025-08-01 09:26:36 AM,657.75,0,0.0,944117051.6000001
