date,price,qty,trnvr,cum_trnvr
2025-08-01 09:15:00 AM,983.55,994,977648.7,977648.7
2025-08-01 09:15:01 AM,985.9,0,0.0,977648.7
2025-08-01 09:15:01 AM,985.9,701,691115.9,1668764.6
2025-08-01 09:15:10 AM,986.95,0,0.0,1668764.6
2025-08-01 09:15:11 AM,986.95,4190,4135320.5,5804085.1
2025-08-01 09:15:13 AM,984.95,3,2954.8500000000004,5807039.949999999
2025-08-01 09:15:19 AM,986.1,0,0.0,5807039.949999999
2025-08-01 09:15:22 AM,986.1,1531,1509719.1,7316759.049999999
2025-08-01 09:15:24 AM,987.1,55,54290.5,7371049.549999999
2025-08-01 09:15:30 AM,988.65,0,0.0,7371049.549999999
2025-08-01 09:15:31 AM,987.7,690,681513.0,8052562.549999999
2025-08-01 09:15:32 AM,987.85,209,206460.65,8259023.199999999
2025-08-01 09:15:34 AM,987.4,0,0.0,8259023.199999999
2025-08-01 09:15:38 AM,987.7,0,0.0,8259023.199999999
2025-08-01 09:15:39 AM,987.7,1413,1395620.1,9654643.299999999
2025-08-01 09:15:41 AM,987.1,257,253684.7,9908327.999999998
2025-08-01 09:15:43 AM,988.35,0,0.0,9908327.999999998
2025-08-01 09:15:46 AM,988.9,0,0.0,9908327.999999998
2025-08-01 09:15:48 AM,988.9,310,306559.0,10214886.999999998
2025-08-01 09:15:52 AM,987.8,0,0.0,10214886.999999998
2025-08-01 09:15:54 AM,988.35,0,0.0,10214886.999999998
2025-08-01 09:15:56 AM,988.4,280,276752.0,10491638.999999998
2025-08-01 09:15:57 AM,986.8,3078,3037370.4,13529009.399999999
2025-08-01 09:16:01 AM,986.4,0,0.0,13529009.399999999
2025-08-01 09:16:03 AM,985.9,0,0.0,13529009.399999999
2025-08-01 09:16:04 AM,985.9,1298,1279698.2,14808707.599999998
2025-08-01 09:16:06 AM,986.65,171,168717.15,14977424.749999998
2025-08-01 09:16:08 AM,986.95,0,0.0,14977424.749999998
2025-08-01 09:16:12 AM,985.0,635,625475.0,15602899.749999998
2025-08-01 09:16:13 AM,984.85,10,9848.5,15612748.249999998
2025-08-01 09:16:14 AM,984.45,0,0.0,15612748.249999998
2025-08-01 09:16:17 AM,985.6,0,0.0,15612748.249999998
2025-08-01 09:16:20 AM,986.95,1703,1680775.85,17293524.099999998
2025-08-01 09:16:22 AM,986.25,405,399431.25,17692955.349999998
2025-08-01 09:16:25 AM,987.1,0,0.0,17692955.349999998
2025-08-01 09:16:27 AM,988.5,0,0.0,17692955.349999998
2025-08-01 09:16:29 AM,988.5,775,766087.5,18459042.849999998
2025-08-01 09:16:37 AM,988.3,256,253004.8,18712047.65
2025-08-01 09:16:45 AM,987.0,149,147063.0,18859110.65
2025-08-01 09:16:46 AM,987.35,250,246837.5,19105948.15
2025-08-01 09:16:53 AM,985.25,979,964559.75,20070507.9
2025-08-01 09:16:55 AM,985.95,1,985.95,20071493.849999998
2025-08-01 09:16:57 AM,986.35,0,0.0,20071493.849999998
2025-08-01 09:17:00 AM,986.15,784,773141.6,20844635.45
2025-08-01 09:17:03 AM,986.2,0,0.0,20844635.45
2025-08-01 09:17:04 AM,986.2,6,5917.200000000001,20850552.65
2025-08-01 09:17:06 AM,986.25,10,9862.5,20860415.15
2025-08-01 09:17:09 AM,987.15,400,394860.0,21255275.15
2025-08-01 09:17:10 AM,987.15,1,987.15,21256262.299999997
2025-08-01 09:17:14 AM,987.35,0,0.0,21256262.299999997
2025-08-01 09:17:15 AM,987.35,6,5924.1,21262186.4
2025-08-01 09:17:18 AM,986.3,0,0.0,21262186.4
2025-08-01 09:17:18 AM,986.3,6,5917.799999999999,21268104.2
2025-08-01 09:17:19 AM,986.45,0,0.0,21268104.2
2025-08-01 09:17:20 AM,986.45,50,49322.5,21317426.7
2025-08-01 09:17:20 AM,986.8,0,0.0,21317426.7
2025-08-01 09:17:21 AM,986.8,175,172690.0,21490116.7
2025-08-01 09:17:27 AM,986.9,1,986.9,21491103.599999998
2025-08-01 09:17:29 AM,986.45,2,1972.9,21493076.499999996
2025-08-01 09:17:32 AM,986.2,0,0.0,21493076.499999996
2025-08-01 09:17:32 AM,986.2,100,98620.0,21591696.499999996
2025-08-01 09:17:36 AM,985.3,0,0.0,21591696.499999996
2025-08-01 09:17:36 AM,984.9,0,0.0,21591696.499999996
2025-08-01 09:17:37 AM,984.9,3287,3237366.3,24829062.799999997
2025-08-01 09:17:39 AM,985.6,37,36467.200000000004,24865529.999999996
2025-08-01 09:17:39 AM,985.9,0,0.0,24865529.999999996
2025-08-01 09:17:40 AM,985.9,15,14788.5,24880318.499999996
2025-08-01 09:17:42 AM,985.2,5,4926.0,24885244.499999996
2025-08-01 09:17:46 AM,985.2,1,985.2,24886229.699999996
2025-08-01 09:17:48 AM,985.6,0,0.0,24886229.699999996
2025-08-01 09:17:49 AM,985.6,2,1971.2,24888200.899999995
2025-08-01 09:17:49 AM,985.7,0,0.0,24888200.899999995
2025-08-01 09:17:50 AM,985.7,10,9857.0,24898057.899999995
2025-08-01 09:17:50 AM,985.8,0,0.0,24898057.899999995
2025-08-01 09:17:51 AM,985.8,10,9858.0,24907915.899999995
2025-08-01 09:17:51 AM,985.2,150,147780.0,25055695.899999995
2025-08-01 09:17:52 AM,985.85,0,0.0,25055695.899999995
2025-08-01 09:17:53 AM,985.85,2,1971.7,25057667.599999994
2025-08-01 09:17:54 AM,985.8,200,197160.0,25254827.599999994
2025-08-01 09:17:57 AM,985.7,487,480035.9,25734863.499999993
2025-08-01 09:18:00 AM,985.6,33,32524.8,25767388.299999993
2025-08-01 09:18:03 AM,986.4,0,0.0,25767388.299999993
2025-08-01 09:18:08 AM,986.45,479,472509.55000000005,26239897.849999994
2025-08-01 09:18:16 AM,987.1,20,19742.0,26259639.849999994
2025-08-01 09:18:17 AM,986.5,1,986.5,26260626.349999994
2025-08-01 09:18:19 AM,987.1,0,0.0,26260626.349999994
2025-08-01 09:18:24 AM,987.1,109,107593.90000000001,26368220.249999993
2025-08-01 09:18:27 AM,987.05,0,0.0,26368220.249999993
2025-08-01 09:18:29 AM,987.65,0,0.0,26368220.249999993
2025-08-01 09:18:32 AM,987.65,18,17777.7,26385997.94999999
2025-08-01 09:18:34 AM,987.65,20,19753.0,26405750.94999999
2025-08-01 09:18:35 AM,987.1,0,0.0,26405750.94999999
2025-08-01 09:18:41 AM,987.1,53,52316.3,26458067.249999993
2025-08-01 09:18:45 AM,987.0,0,0.0,26458067.249999993
2025-08-01 09:18:49 AM,987.1,290,286259.0,26744326.249999993
2025-08-01 09:18:50 AM,987.3,15,14809.5,26759135.749999993
2025-08-01 09:18:53 AM,986.8,0,0.0,26759135.749999993
2025-08-01 09:18:57 AM,986.65,140,138131.0,26897266.749999993
2025-08-01 09:19:01 AM,986.3,0,0.0,26897266.749999993
2025-08-01 09:19:05 AM,985.6,510,502656.0,27399922.749999993
2025-08-01 09:19:14 AM,986.8,30,29604.0,27429526.749999993
2025-08-01 09:19:15 AM,986.1,0,0.0,27429526.749999993
2025-08-01 09:19:21 AM,986.1,1,986.1,27430512.849999994
2025-08-01 09:19:22 AM,985.85,0,0.0,27430512.849999994
2025-08-01 09:19:22 AM,985.85,7,6900.95,27437413.799999993
2025-08-01 09:19:24 AM,985.9,0,0.0,27437413.799999993
2025-08-01 09:19:29 AM,985.95,35,34508.25,27471922.049999993
2025-08-01 09:19:37 AM,984.1,96,94473.6,27566395.649999995
2025-08-01 09:19:39 AM,984.35,3,2953.05,27569348.699999996
2025-08-01 09:20:01 AM,984.5,744,732468.0,28301816.699999996
2025-08-01 09:20:03 AM,984.55,10,9845.5,28311662.199999996
2025-08-01 09:20:08 AM,984.5,0,0.0,28311662.199999996
2025-08-01 09:20:09 AM,984.5,205,201822.5,28513484.699999996
2025-08-01 09:20:15 AM,984.9,0,0.0,28513484.699999996
2025-08-01 09:20:17 AM,984.9,5,4924.5,28518409.199999996
2025-08-01 09:20:19 AM,984.5,5,4922.5,28523331.699999996
2025-08-01 09:20:25 AM,984.5,152,149644.0,28672975.699999996
2025-08-01 09:20:25 AM,984.4,0,0.0,28672975.699999996
2025-08-01 09:20:27 AM,984.4,1,984.4,28673960.099999994
2025-08-01 09:20:29 AM,984.35,0,0.0,28673960.099999994
2025-08-01 09:20:33 AM,984.35,80,78748.0,28752708.099999994
2025-08-01 09:20:33 AM,984.5,0,0.0,28752708.099999994
2025-08-01 09:20:34 AM,984.5,13,12798.5,28765506.599999994
2025-08-01 09:20:36 AM,984.35,0,0.0,28765506.599999994
2025-08-01 09:20:41 AM,984.35,107,105325.45,28870832.049999993
2025-08-01 09:20:42 AM,984.4,2,1968.8,28872800.849999994
2025-08-01 09:20:49 AM,984.4,12,11812.8,28884613.649999995
2025-08-01 09:20:54 AM,984.0,0,0.0,28884613.649999995
2025-08-01 09:20:56 AM,984.0,50,49200.0,28933813.649999995
2025-08-01 09:21:01 AM,984.3,0,0.0,28933813.649999995
2025-08-01 09:21:03 AM,983.85,0,0.0,28933813.649999995
2025-08-01 09:21:04 AM,983.85,754,741822.9,29675636.549999993
2025-08-01 09:21:05 AM,983.25,30,29497.5,29705134.049999993
2025-08-01 09:21:08 AM,984.35,0,0.0,29705134.049999993
2025-08-01 09:21:10 AM,983.7,0,0.0,29705134.049999993
2025-08-01 09:21:12 AM,983.7,300,295110.0,30000244.049999993
2025-08-01 09:21:15 AM,984.35,0,0.0,30000244.049999993
2025-08-01 09:21:17 AM,985.25,0,0.0,30000244.049999993
2025-08-01 09:21:20 AM,985.25,456,449274.0,30449518.049999993
2025-08-01 09:21:24 AM,985.6,0,0.0,30449518.049999993
2025-08-01 09:21:28 AM,985.6,100,98560.0,30548078.049999993
2025-08-01 09:21:31 AM,985.4,0,0.0,30548078.049999993
2025-08-01 09:21:35 AM,985.5,214,210897.0,30758975.049999993
2025-08-01 09:21:41 AM,985.6,0,0.0,30758975.049999993
2025-08-01 09:21:43 AM,985.6,686,676121.6,31435096.649999995
2025-08-01 09:21:50 AM,985.65,0,0.0,31435096.649999995
2025-08-01 09:21:51 AM,985.65,146,143904.9,31579001.549999993
2025-08-01 09:21:54 AM,985.0,0,0.0,31579001.549999993
2025-08-01 09:21:57 AM,985.5,0,0.0,31579001.549999993
2025-08-01 09:21:58 AM,985.5,69,67999.5,31647001.049999993
2025-08-01 09:22:01 AM,984.85,0,0.0,31647001.049999993
2025-08-01 09:22:04 AM,984.65,0,0.0,31647001.049999993
2025-08-01 09:22:06 AM,984.65,111,109296.15,31756297.19999999
2025-08-01 09:22:08 AM,985.2,0,0.0,31756297.19999999
2025-08-01 09:22:13 AM,984.55,145,142759.75,31899056.94999999
2025-08-01 09:22:15 AM,984.05,5,4920.25,31903977.19999999
2025-08-01 09:22:18 AM,984.55,0,0.0,31903977.19999999
2025-08-01 09:22:21 AM,984.55,3,2953.6499999999996,31906930.84999999
2025-08-01 09:22:22 AM,984.05,0,0.0,31906930.84999999
2025-08-01 09:22:23 AM,984.05,3,2952.1499999999996,31909882.99999999
2025-08-01 09:22:29 AM,983.85,230,226285.5,32136168.49999999
2025-08-01 09:22:32 AM,983.25,0,0.0,32136168.49999999
2025-08-01 09:22:36 AM,984.0,14,13776.0,32149944.49999999
2025-08-01 09:22:37 AM,984.1,0,0.0,32149944.49999999
2025-08-01 09:22:38 AM,984.1,205,201740.5,32351684.99999999
2025-08-01 09:22:44 AM,984.4,48,47251.2,32398936.199999988
2025-08-01 09:22:44 AM,985.0,0,0.0,32398936.199999988
2025-08-01 09:22:46 AM,985.0,2,1970.0,32400906.199999988
2025-08-01 09:22:50 AM,984.45,0,0.0,32400906.199999988
2025-08-01 09:22:51 AM,984.45,33,32486.850000000002,32433393.04999999
2025-08-01 09:22:56 AM,985.0,0,0.0,32433393.04999999
2025-08-01 09:22:58 AM,985.15,0,0.0,32433393.04999999
2025-08-01 09:22:59 AM,985.15,310,305396.5,32738789.54999999
2025-08-01 09:23:03 AM,985.2,0,0.0,32738789.54999999
2025-08-01 09:23:07 AM,985.2,47,46304.4,32785093.949999988
2025-08-01 09:23:12 AM,985.4,0,0.0,32785093.949999988
2025-08-01 09:23:15 AM,985.0,105,103425.0,32888518.949999988
2025-08-01 09:23:16 AM,985.0,2,1970.0,32890488.949999988
2025-08-01 09:23:22 AM,985.15,538,530010.7,33420499.649999987
2025-08-01 09:23:24 AM,984.5,25,24612.5,33445112.149999987
2025-08-01 09:23:30 AM,984.3,315,310054.5,33755166.64999999
2025-08-01 09:23:30 AM,984.7,0,0.0,33755166.64999999
2025-08-01 09:23:31 AM,984.7,25,24617.5,33779784.14999999
2025-08-01 09:23:37 AM,984.6,52,51199.200000000004,33830983.349999994
2025-08-01 09:23:39 AM,984.0,1106,1088304.0,34919287.349999994
2025-08-01 09:23:45 AM,984.0,5,4920.0,34924207.349999994
2025-08-01 09:23:54 AM,984.55,3,2953.6499999999996,34927160.99999999
2025-08-01 09:24:00 AM,984.0,20,19680.0,34946840.99999999
2025-08-01 09:24:03 AM,984.1,0,0.0,34946840.99999999
2025-08-01 09:24:08 AM,984.0,2331,2293704.0,37240544.99999999
2025-08-01 09:24:09 AM,983.5,100,98350.0,37338894.99999999
2025-08-01 09:24:10 AM,984.0,0,0.0,37338894.99999999
2025-08-01 09:24:16 AM,984.2,75,73815.0,37412709.99999999
2025-08-01 09:24:17 AM,984.0,5,4920.0,37417629.99999999
2025-08-01 09:24:23 AM,984.0,53,52152.0,37469781.99999999
2025-08-01 09:24:31 AM,984.0,1,984.0,37470765.99999999
2025-08-01 09:24:46 AM,984.0,97,95448.0,37566213.99999999
2025-08-01 09:24:47 AM,983.6,0,0.0,37566213.99999999
2025-08-01 09:24:48 AM,983.6,7,6885.2,37573099.199999996
2025-08-01 09:24:53 AM,984.0,20,19680.0,37592779.199999996
2025-08-01 09:25:07 AM,983.9,0,0.0,37592779.199999996
2025-08-01 09:25:08 AM,983.9,151,148568.9,37741348.099999994
2025-08-01 09:25:15 AM,984.0,0,0.0,37741348.099999994
2025-08-01 09:25:16 AM,984.0,1,984.0,37742332.099999994
2025-08-01 09:25:23 AM,983.6,3,2950.8,37745282.89999999
2025-08-01 09:25:31 AM,984.0,4,3936.0,37749218.89999999
2025-08-01 09:25:38 AM,984.0,51,50184.0,37799402.89999999
2025-08-01 09:25:39 AM,984.05,0,0.0,37799402.89999999
2025-08-01 09:25:40 AM,984.05,3,2952.1499999999996,37802355.04999999
2025-08-01 09:25:46 AM,984.35,25,24608.75,37826963.79999999
2025-08-01 09:25:53 AM,984.05,1,984.05,37827947.84999999
2025-08-01 09:25:55 AM,984.25,30,29527.5,37857475.34999999
2025-08-01 09:26:08 AM,983.9,375,368962.5,38226437.84999999
2025-08-01 09:26:10 AM,983.5,14,13769.0,38240206.84999999
2025-08-01 09:26:18 AM,983.8,19,18692.2,38258899.04999999
2025-08-01 09:26:21 AM,983.25,0,0.0,38258899.04999999
2025-08-01 09:26:24 AM,983.25,207,203532.75,38462431.79999999
2025-08-01 09:26:26 AM,983.0,239,234937.0,38697368.79999999
2025-08-01 09:26:26 AM,983.35,0,0.0,38697368.79999999
2025-08-01 09:26:31 AM,982.65,0,0.0,38697368.79999999
2025-08-01 09:26:32 AM,982.65,48,47167.2,38744535.99999999
2025-08-01 09:26:36 AM,983.0,0,0.0,38744535.99999999
2025-08-01 09:26:39 AM,983.0,2,1966.0,38746501.99999999
2025-08-01 09:26:51 AM,983.6,0,0.0,38746501.99999999
2025-08-01 09:26:54 AM,983.0,123,120909.0,38867410.99999999
2025-08-01 09:27:02 AM,983.0,5200,5111600.0,43979010.99999999
2025-08-01 09:27:03 AM,983.55,1,983.55,43979994.54999999
2025-08-01 09:27:05 AM,984.1,0,0.0,43979994.54999999
2025-08-01 09:27:06 AM,983.45,0,0.0,43979994.54999999
2025-08-01 09:27:09 AM,983.45,219,215375.55000000002,44195370.09999999
2025-08-01 09:27:11 AM,984.0,1,984.0,44196354.09999999
2025-08-01 09:27:17 AM,984.0,6,5904.0,44202258.09999999
2025-08-01 09:27:21 AM,984.35,0,0.0,44202258.09999999
2025-08-01 09:27:24 AM,984.35,194,190963.9,44393221.999999985
2025-08-01 09:27:25 AM,983.4,10,9834.0,44403055.999999985
2025-08-01 09:27:27 AM,983.9,0,0.0,44403055.999999985
2025-08-01 09:27:31 AM,983.3,13,12782.9,44415838.89999998
2025-08-01 09:27:33 AM,983.75,50,49187.5,44465026.39999998
2025-08-01 09:27:39 AM,983.25,1,983.25,44466009.64999998
2025-08-01 09:27:51 AM,983.9,0,0.0,44466009.64999998
2025-08-01 09:27:54 AM,983.9,54,53130.6,44519140.249999985
2025-08-01 09:28:02 AM,983.9,30,29517.0,44548657.249999985
2025-08-01 09:28:02 AM,983.35,0,0.0,44548657.249999985
2025-08-01 09:28:03 AM,983.3,48,47198.399999999994,44595855.64999998
2025-08-01 09:28:07 AM,983.0,0,0.0,44595855.64999998
2025-08-01 09:28:10 AM,983.0,47,46201.0,44642056.64999998
2025-08-01 09:28:17 AM,983.0,30,29490.0,44671546.64999998
2025-08-01 09:28:25 AM,982.55,120,117906.0,44789452.64999998
2025-08-01 09:28:31 AM,983.05,0,0.0,44789452.64999998
2025-08-01 09:28:33 AM,983.05,1,983.05,44790435.69999998
2025-08-01 09:28:40 AM,982.85,50,49142.5,44839578.19999998
2025-08-01 09:28:47 AM,983.05,0,0.0,44839578.19999998
2025-08-01 09:28:48 AM,983.05,100,98305.0,44937883.19999998
2025-08-01 09:28:48 AM,982.55,0,0.0,44937883.19999998
2025-08-01 09:28:49 AM,982.55,35,34389.25,44972272.44999998
2025-08-01 09:28:52 AM,983.0,0,0.0,44972272.44999998
2025-08-01 09:28:55 AM,983.0,110,108130.0,45080402.44999998
2025-08-01 09:28:59 AM,982.95,0,0.0,45080402.44999998
2025-08-01 09:29:03 AM,983.0,4,3932.0,45084334.44999998
2025-08-01 09:29:04 AM,982.95,10,9829.5,45094163.94999998
2025-08-01 09:29:10 AM,982.9,0,0.0,45094163.94999998
2025-08-01 09:29:11 AM,982.95,105,103209.75,45197373.69999998
2025-08-01 09:29:15 AM,982.6,0,0.0,45197373.69999998
2025-08-01 09:29:18 AM,982.25,632,620782.0,45818155.69999998
2025-08-01 09:29:21 AM,982.0,0,0.0,45818155.69999998
2025-08-01 09:29:26 AM,982.6,160,157216.0,45975371.69999998
2025-08-01 09:29:27 AM,982.0,0,0.0,45975371.69999998
2025-08-01 09:29:27 AM,982.0,4,3928.0,45979299.69999998
2025-08-01 09:29:34 AM,982.0,20,19640.0,45998939.69999998
2025-08-01 09:29:36 AM,982.6,0,0.0,45998939.69999998
2025-08-01 09:29:40 AM,981.55,0,0.0,45998939.69999998
2025-08-01 09:29:41 AM,981.55,2202,2161373.1,48160312.79999998
2025-08-01 09:29:42 AM,982.65,65,63872.25,48224185.04999998
2025-08-01 09:29:46 AM,982.6,0,0.0,48224185.04999998
2025-08-01 09:29:48 AM,982.4,450,442080.0,48666265.04999998
2025-08-01 09:29:51 AM,982.65,0,0.0,48666265.04999998
2025-08-01 09:29:56 AM,983.0,321,315543.0,48981808.04999998
2025-08-01 09:30:02 AM,982.95,0,0.0,48981808.04999998
2025-08-01 09:30:03 AM,982.95,28,27522.600000000002,49009330.64999998
2025-08-01 09:30:04 AM,982.4,40,39296.0,49048626.64999998
2025-08-01 09:30:11 AM,982.55,2,1965.1,49050591.749999985
2025-08-01 09:30:19 AM,982.45,1003,985397.3500000001,50035989.09999999
2025-08-01 09:30:23 AM,982.0,0,0.0,50035989.09999999
2025-08-01 09:30:26 AM,981.9,111,108990.9,50144979.999999985
2025-08-01 09:30:27 AM,982.35,1,982.35,50145962.34999999
2025-08-01 09:30:33 AM,982.3,143,140468.9,50286431.249999985
2025-08-01 09:30:34 AM,982.55,239,234829.44999999998,50521260.69999999
2025-08-01 09:30:41 AM,982.5,146,143445.0,50664705.69999999
2025-08-01 09:30:44 AM,982.95,0,0.0,50664705.69999999
2025-08-01 09:30:48 AM,982.55,91,89412.05,50754117.749999985
2025-08-01 09:30:51 AM,982.5,0,0.0,50754117.749999985
2025-08-01 09:30:54 AM,982.05,0,0.0,50754117.749999985
2025-08-01 09:30:55 AM,982.05,1592,1563423.5999999999,52317541.34999999
2025-08-01 09:30:57 AM,983.0,0,0.0,52317541.34999999
2025-08-01 09:31:00 AM,982.8,0,0.0,52317541.34999999
2025-08-01 09:31:02 AM,982.65,0,0.0,52317541.34999999
2025-08-01 09:31:03 AM,982.65,7,6878.55,52324419.89999998
2025-08-01 09:31:08 AM,982.85,0,0.0,52324419.89999998
2025-08-01 09:31:10 AM,982.85,2,1965.7,52326385.59999999
2025-08-01 09:31:20 AM,983.6,0,0.0,52326385.59999999
2025-08-01 09:31:25 AM,984.0,1579,1553736.0,53880121.59999999
2025-08-01 09:31:25 AM,983.85,151,148561.35,54028682.94999999
2025-08-01 09:31:30 AM,984.95,0,0.0,54028682.94999999
2025-08-01 09:31:32 AM,984.95,1500,1477425.0,55506107.94999999
2025-08-01 09:31:36 AM,984.0,0,0.0,55506107.94999999
2025-08-01 09:31:38 AM,984.45,0,0.0,55506107.94999999
2025-08-01 09:31:39 AM,984.45,268,263832.60000000003,55769940.54999999
2025-08-01 09:31:42 AM,983.75,0,0.0,55769940.54999999
2025-08-01 09:31:44 AM,983.95,0,0.0,55769940.54999999
2025-08-01 09:31:46 AM,984.45,518,509945.10000000003,56279885.64999999
2025-08-01 09:31:48 AM,984.0,0,0.0,56279885.64999999
2025-08-01 09:31:49 AM,984.6,0,0.0,56279885.64999999
2025-08-01 09:31:53 AM,984.6,23,22645.8,56302531.44999999
2025-08-01 09:31:54 AM,984.65,0,0.0,56302531.44999999
2025-08-01 09:31:58 AM,984.2,0,0.0,56302531.44999999
2025-08-01 09:32:00 AM,984.45,222,218547.90000000002,56521079.34999999
2025-08-01 09:32:04 AM,985.2,0,0.0,56521079.34999999
2025-08-01 09:32:07 AM,985.2,5,4926.0,56526005.34999999
2025-08-01 09:32:14 AM,985.65,2,1971.3,56527976.64999998
2025-08-01 09:32:21 AM,985.85,1,985.85,56528962.499999985
2025-08-01 09:32:28 AM,986.25,0,0.0,56528962.499999985
2025-08-01 09:32:28 AM,986.25,1036,1021755.0,57550717.499999985
2025-08-01 09:32:35 AM,986.25,76,74955.0,57625672.499999985
2025-08-01 09:32:40 AM,986.2,0,0.0,57625672.499999985
2025-08-01 09:32:42 AM,986.15,336,331346.39999999997,57957018.89999998
2025-08-01 09:32:46 AM,986.2,0,0.0,57957018.89999998
2025-08-01 09:32:49 AM,986.2,493,486196.60000000003,58443215.499999985
2025-08-01 09:32:49 AM,986.25,25,24656.25,58467871.749999985
2025-08-01 09:32:56 AM,986.45,10,9864.5,58477736.249999985
2025-08-01 09:33:03 AM,986.5,106,104569.0,58582305.249999985
2025-08-01 09:33:10 AM,986.3,0,0.0,58582305.249999985
2025-08-01 09:33:10 AM,986.7,419,413427.30000000005,58995732.54999998
2025-08-01 09:33:15 AM,986.8,0,0.0,58995732.54999998
2025-08-01 09:33:17 AM,986.5,79,77933.5,59073666.04999998
2025-08-01 09:33:20 AM,986.85,0,0.0,59073666.04999998
2025-08-01 09:33:23 AM,986.85,1,986.85,59074652.89999998
2025-08-01 09:33:30 AM,986.85,129,127303.65000000001,59201956.54999998
2025-08-01 09:33:35 AM,987.0,0,0.0,59201956.54999998
2025-08-01 09:33:37 AM,987.0,4,3948.0,59205904.54999998
2025-08-01 09:33:44 AM,987.0,567,559629.0,59765533.54999998
2025-08-01 09:33:48 AM,987.4,0,0.0,59765533.54999998
2025-08-01 09:33:50 AM,987.6,0,0.0,59765533.54999998
2025-08-01 09:33:51 AM,987.6,233,230110.80000000002,59995644.34999998
2025-08-01 09:33:54 AM,988.2,0,0.0,59995644.34999998
2025-08-01 09:33:55 AM,987.5,0,0.0,59995644.34999998
2025-08-01 09:33:58 AM,987.95,1002,989925.9,60985570.24999998
2025-08-01 09:34:00 AM,987.4,0,0.0,60985570.24999998
2025-08-01 09:34:05 AM,987.8,298,294364.39999999997,61279934.649999976
2025-08-01 09:34:10 AM,987.4,0,0.0,61279934.649999976
2025-08-01 09:34:12 AM,987.95,0,0.0,61279934.649999976
2025-08-01 09:34:12 AM,987.95,1030,1017588.5,62297523.149999976
2025-08-01 09:34:19 AM,987.5,0,0.0,62297523.149999976
2025-08-01 09:34:20 AM,987.5,111,109612.5,62407135.649999976
2025-08-01 09:34:23 AM,986.25,0,0.0,62407135.649999976
2025-08-01 09:34:27 AM,986.75,2305,2274458.75,64681594.399999976
2025-08-01 09:34:33 AM,986.75,96,94728.0,64776322.399999976
2025-08-01 09:34:35 AM,986.65,0,0.0,64776322.399999976
2025-08-01 09:34:38 AM,985.85,0,0.0,64776322.399999976
2025-08-01 09:34:40 AM,985.85,568,559962.8,65336285.19999997
2025-08-01 09:34:45 AM,985.65,0,0.0,65336285.19999997
2025-08-01 09:34:47 AM,985.2,354,348760.8,65685045.99999997
2025-08-01 09:34:48 AM,984.9,0,0.0,65685045.99999997
2025-08-01 09:34:48 AM,984.9,159,156599.1,65841645.09999997
2025-08-01 09:34:59 AM,984.75,0,0.0,65841645.09999997
2025-08-01 09:35:01 AM,984.75,5,4923.75,65846568.84999997
2025-08-01 09:35:04 AM,985.2,0,0.0,65846568.84999997
2025-08-01 09:35:08 AM,985.2,100,98520.0,65945088.84999997
2025-08-01 09:35:15 AM,984.7,0,0.0,65945088.84999997
2025-08-01 09:35:15 AM,985.15,82,80782.3,66025871.14999997
2025-08-01 09:35:20 AM,984.6,0,0.0,66025871.14999997
2025-08-01 09:35:22 AM,984.8,268,263926.39999999997,66289797.54999997
2025-08-01 09:35:25 AM,984.5,0,0.0,66289797.54999997
2025-08-01 09:35:29 AM,984.7,153,150659.1,66440456.64999997
2025-08-01 09:35:36 AM,984.7,3,2954.1000000000004,66443410.74999997
2025-08-01 09:35:40 AM,984.95,0,0.0,66443410.74999997
2025-08-01 09:35:43 AM,985.0,5,4925.0,66448335.74999997
2025-08-01 09:35:45 AM,984.55,0,0.0,66448335.74999997
2025-08-01 09:35:50 AM,984.9,0,0.0,66448335.74999997
2025-08-01 09:35:50 AM,984.9,15,14773.5,66463109.24999997
2025-08-01 09:35:56 AM,984.9,1,984.9,66464094.14999997
2025-08-01 09:36:03 AM,984.65,0,0.0,66464094.14999997
2025-08-01 09:36:03 AM,984.65,641,631160.65,67095254.79999997
2025-08-01 09:36:10 AM,984.65,14,13785.1,67109039.89999996
2025-08-01 09:36:16 AM,984.6,34,33476.4,67142516.29999997
2025-08-01 09:36:23 AM,984.6,32,31507.2,67174023.49999997
2025-08-01 09:36:29 AM,984.6,300,295380.0,67469403.49999997
2025-08-01 09:36:35 AM,984.25,0,0.0,67469403.49999997
2025-08-01 09:36:35 AM,984.6,0,0.0,67469403.49999997
2025-08-01 09:36:36 AM,984.6,64,63014.4,67532417.89999998
2025-08-01 09:36:49 AM,984.6,50,49230.0,67581647.89999998
2025-08-01 09:36:56 AM,984.6,4,3938.4,67585586.29999998
2025-08-01 09:36:59 AM,984.25,0,0.0,67585586.29999998
2025-08-01 09:37:02 AM,984.0,356,350304.0,67935890.29999998
2025-08-01 09:37:02 AM,984.0,5,4920.0,67940810.29999998
2025-08-01 09:37:08 AM,983.65,0,0.0,67940810.29999998
2025-08-01 09:37:09 AM,983.65,760,747574.0,68688384.29999998
2025-08-01 09:37:13 AM,983.8,0,0.0,68688384.29999998
2025-08-01 09:37:16 AM,983.8,200,196760.0,68885144.29999998
2025-08-01 09:37:19 AM,983.75,0,0.0,68885144.29999998
2025-08-01 09:37:23 AM,983.75,75,73781.25,68958925.54999998
2025-08-01 09:37:28 AM,983.65,0,0.0,68958925.54999998
2025-08-01 09:37:29 AM,983.7,0,0.0,68958925.54999998
2025-08-01 09:37:30 AM,983.7,510,501687.0,69460612.54999998
2025-08-01 09:37:30 AM,983.2,2,1966.4,69462578.94999999
2025-08-01 09:37:41 AM,983.65,0,0.0,69462578.94999999
2025-08-01 09:37:44 AM,983.65,71,69839.15,69532418.1
2025-08-01 09:37:47 AM,984.2,0,0.0,69532418.1
2025-08-01 09:37:50 AM,984.2,450,442890.0,69975308.1
2025-08-01 09:37:55 AM,984.15,0,0.0,69975308.1
2025-08-01 09:37:57 AM,983.65,382,375754.3,70351062.39999999
2025-08-01 09:38:03 AM,983.4,0,0.0,70351062.39999999
2025-08-01 09:38:04 AM,983.4,413,406144.2,70757206.6
2025-08-01 09:38:09 AM,983.6,0,0.0,70757206.6
2025-08-01 09:38:11 AM,983.3,0,0.0,70757206.6
2025-08-01 09:38:11 AM,983.3,34,33432.2,70790638.8
2025-08-01 09:38:15 AM,983.2,0,0.0,70790638.8
2025-08-01 09:38:18 AM,983.65,155,152465.75,70943104.55
2025-08-01 09:38:24 AM,983.65,6,5901.9,70949006.45
2025-08-01 09:38:29 AM,983.5,0,0.0,70949006.45
2025-08-01 09:38:31 AM,983.5,1,983.5,70949989.95
2025-08-01 09:38:35 AM,983.45,0,0.0,70949989.95
2025-08-01 09:38:38 AM,983.45,2,1966.9,70951956.85000001
2025-08-01 09:38:44 AM,982.0,2216,2176112.0,73128068.85000001
2025-08-01 09:38:47 AM,982.05,0,0.0,73128068.85000001
2025-08-01 09:38:51 AM,981.5,150,147225.0,73275293.85000001
2025-08-01 09:38:55 AM,982.5,0,0.0,73275293.85000001
2025-08-01 09:38:57 AM,982.1,101,99192.1,73374485.95
2025-08-01 09:39:01 AM,982.05,0,0.0,73374485.95
2025-08-01 09:39:02 AM,981.9,622,610741.7999999999,73985227.75
2025-08-01 09:39:02 AM,981.6,0,0.0,73985227.75
2025-08-01 09:39:03 AM,981.7,0,0.0,73985227.75
2025-08-01 09:39:04 AM,981.7,101,99151.70000000001,74084379.45
2025-08-01 09:39:08 AM,981.5,0,0.0,74084379.45
2025-08-01 09:39:09 AM,981.5,100,98150.0,74182529.45
2025-08-01 09:39:09 AM,981.85,0,0.0,74182529.45
2025-08-01 09:39:10 AM,981.85,6,5891.1,74188420.55
2025-08-01 09:39:12 AM,981.5,0,0.0,74188420.55
2025-08-01 09:39:13 AM,981.5,100,98150.0,74286570.55
2025-08-01 09:39:13 AM,981.85,0,0.0,74286570.55
2025-08-01 09:39:14 AM,981.85,20,19637.0,74306207.55
2025-08-01 09:39:16 AM,981.5,200,196300.0,74502507.55
2025-08-01 09:39:17 AM,981.8,4,3927.2,74506434.75
2025-08-01 09:39:27 AM,981.8,1,981.8,74507416.55
2025-08-01 09:39:28 AM,981.5,21,20611.5,74528028.05
2025-08-01 09:39:29 AM,981.8,110,107998.0,74636026.05
2025-08-01 09:39:31 AM,982.2,399,391897.80000000005,75027923.85
2025-08-01 09:39:40 AM,982.25,3,2946.75,75030870.6
2025-08-01 09:39:44 AM,982.3,0,0.0,75030870.6
2025-08-01 09:39:45 AM,982.3,32,31433.6,75062304.19999999
2025-08-01 09:39:47 AM,982.25,0,0.0,75062304.19999999
2025-08-01 09:39:48 AM,982.25,201,197432.25,75259736.44999999
2025-08-01 09:39:55 AM,982.7,0,0.0,75259736.44999999
2025-08-01 09:39:56 AM,982.7,3,2948.1000000000004,75262684.54999998
2025-08-01 09:39:57 AM,982.45,50,49122.5,75311807.04999998
2025-08-01 09:40:00 AM,982.25,231,226899.75,75538706.79999998
2025-08-01 09:40:01 AM,982.35,0,0.0,75538706.79999998
2025-08-01 09:40:04 AM,982.35,172,168964.2,75707670.99999999
2025-08-01 09:40:08 AM,982.9,0,0.0,75707670.99999999
2025-08-01 09:40:10 AM,982.9,1955,1921569.5,77629240.49999999
2025-08-01 09:40:12 AM,982.05,0,0.0,77629240.49999999
2025-08-01 09:40:17 AM,982.05,1004,985978.2,78615218.69999999
2025-08-01 09:40:22 AM,982.7,0,0.0,78615218.69999999
2025-08-01 09:40:24 AM,982.7,5,4913.5,78620132.19999999
2025-08-01 09:40:32 AM,982.4,0,0.0,78620132.19999999
2025-08-01 09:40:35 AM,982.55,0,0.0,78620132.19999999
2025-08-01 09:40:37 AM,982.55,1197,1176112.3499999999,79796244.54999998
2025-08-01 09:40:39 AM,983.2,0,0.0,79796244.54999998
2025-08-01 09:40:43 AM,983.2,25,24580.0,79820824.54999998
2025-08-01 09:40:51 AM,983.25,2,1966.5,79822791.04999998
2025-08-01 09:40:52 AM,983.2,0,0.0,79822791.04999998
2025-08-01 09:40:57 AM,983.2,50,49160.0,79871951.04999998
2025-08-01 09:41:03 AM,983.6,100,98360.0,79970311.04999998
2025-08-01 09:41:10 AM,983.6,18,17704.8,79988015.84999998
2025-08-01 09:41:15 AM,982.9,0,0.0,79988015.84999998
2025-08-01 09:41:17 AM,982.9,1169,1149010.0999999999,81137025.94999997
2025-08-01 09:41:23 AM,982.8,16,15724.8,81152750.74999997
2025-08-01 09:41:23 AM,982.3,0,0.0,81152750.74999997
2025-08-01 09:41:24 AM,982.3,633,621795.9,81774546.64999998
2025-08-01 09:41:39 AM,982.45,0,0.0,81774546.64999998
2025-08-01 09:41:43 AM,982.45,40,39298.0,81813844.64999998
2025-08-01 09:41:44 AM,982.45,10,9824.5,81823669.14999998
2025-08-01 09:41:55 AM,982.9,0,0.0,81823669.14999998
2025-08-01 09:41:56 AM,982.9,1,982.9,81824652.04999998
2025-08-01 09:41:57 AM,982.45,55,54034.75,81878686.79999998
2025-08-01 09:42:02 AM,982.2,648,636465.6,82515152.39999998
2025-08-01 09:42:03 AM,982.0,414,406548.0,82921700.39999998
2025-08-01 09:42:08 AM,981.7,0,0.0,82921700.39999998
2025-08-01 09:42:09 AM,981.3,57,55934.1,82977634.49999997
2025-08-01 09:42:10 AM,981.7,200,196340.0,83173974.49999997
2025-08-01 09:42:12 AM,980.2,0,0.0,83173974.49999997
2025-08-01 09:42:16 AM,980.2,5621,5509704.2,88683678.69999997
2025-08-01 09:42:20 AM,980.9,0,0.0,88683678.69999997
2025-08-01 09:42:22 AM,980.9,68,66701.2,88750379.89999998
2025-08-01 09:42:23 AM,980.9,102,100051.8,88850431.69999997
2025-08-01 09:42:29 AM,981.1,1502,1473612.2,90324043.89999998
2025-08-01 09:42:30 AM,980.25,408,399942.0,90723985.89999998
2025-08-01 09:42:31 AM,980.35,0,0.0,90723985.89999998
2025-08-01 09:42:35 AM,980.35,10,9803.5,90733789.39999998
2025-08-01 09:42:42 AM,980.35,27,26469.45,90760258.84999998
2025-08-01 09:42:46 AM,980.0,0,0.0,90760258.84999998
2025-08-01 09:42:48 AM,980.0,1230,1205400.0,91965658.84999998
2025-08-01 09:42:55 AM,980.0,490,480200.0,92445858.84999998
2025-08-01 09:42:58 AM,980.35,0,0.0,92445858.84999998
2025-08-01 09:43:01 AM,980.35,300,294105.0,92739963.84999998
2025-08-01 09:43:08 AM,980.4,210,205884.0,92945847.84999998
2025-08-01 09:43:14 AM,980.0,0,0.0,92945847.84999998
2025-08-01 09:43:14 AM,980.0,1555,1523900.0,94469747.84999998
2025-08-01 09:43:18 AM,980.45,0,0.0,94469747.84999998
2025-08-01 09:43:21 AM,980.5,244,239242.0,94708989.84999998
2025-08-01 09:43:22 AM,980.15,5,4900.75,94713890.59999998
2025-08-01 09:43:26 AM,980.45,0,0.0,94713890.59999998
2025-08-01 09:43:26 AM,980.4,0,0.0,94713890.59999998
2025-08-01 09:43:28 AM,980.15,121,118598.15,94832488.74999999
2025-08-01 09:43:30 AM,980.0,0,0.0,94832488.74999999
2025-08-01 09:43:34 AM,979.9,0,0.0,94832488.74999999
2025-08-01 09:43:34 AM,979.45,1677,1642537.6500000001,96475026.39999999
2025-08-01 09:43:41 AM,979.35,2,1958.7,96476985.1
2025-08-01 09:43:46 AM,979.45,0,0.0,96476985.1
2025-08-01 09:43:47 AM,979.45,301,294814.45,96771799.55
2025-08-01 09:43:48 AM,979.1,5,4895.5,96776695.05
2025-08-01 09:43:50 AM,979.05,0,0.0,96776695.05
2025-08-01 09:43:50 AM,979.0,0,0.0,96776695.05
2025-08-01 09:43:54 AM,979.05,0,0.0,96776695.05
2025-08-01 09:43:54 AM,979.05,1945,1904252.25,98680947.3
2025-08-01 09:43:55 AM,979.15,1,979.15,98681926.45
2025-08-01 09:43:58 AM,979.35,0,0.0,98681926.45
2025-08-01 09:43:58 AM,979.9,0,0.0,98681926.45
2025-08-01 09:44:00 AM,979.45,234,229191.30000000002,98911117.75
2025-08-01 09:44:06 AM,979.35,0,0.0,98911117.75
2025-08-01 09:44:06 AM,978.9,0,0.0,98911117.75
2025-08-01 09:44:07 AM,978.9,326,319121.39999999997,99230239.15
2025-08-01 09:44:08 AM,978.3,421,411864.3,99642103.45
2025-08-01 09:44:10 AM,978.1,0,0.0,99642103.45
2025-08-01 09:44:12 AM,978.3,0,0.0,99642103.45
2025-08-01 09:44:14 AM,978.0,810,792180.0,100434283.45
2025-08-01 09:44:15 AM,978.0,10,9780.0,100444063.45
2025-08-01 09:44:17 AM,978.45,0,0.0,100444063.45
2025-08-01 09:44:18 AM,978.0,0,0.0,100444063.45
2025-08-01 09:44:21 AM,978.4,0,0.0,100444063.45
2025-08-01 09:44:21 AM,978.4,287,280800.8,100724864.25
2025-08-01 09:44:22 AM,978.0,0,0.0,100724864.25
2025-08-01 09:44:27 AM,978.0,202,197556.0,100922420.25
2025-08-01 09:44:28 AM,978.0,250,244500.0,101166920.25
2025-08-01 09:44:30 AM,978.45,0,0.0,101166920.25
2025-08-01 09:44:33 AM,977.7,1507,1473393.9000000001,102640314.15
2025-08-01 09:44:35 AM,977.7,62,60617.4,102700931.55000001
2025-08-01 09:44:36 AM,977.9,0,0.0,102700931.55000001
2025-08-01 09:44:38 AM,977.95,0,0.0,102700931.55000001
2025-08-01 09:44:40 AM,977.95,10,9779.5,102710711.05000001
2025-08-01 09:44:41 AM,977.7,56,54751.200000000004,102765462.25000001
2025-08-01 09:44:43 AM,977.5,0,0.0,102765462.25000001
2025-08-01 09:44:46 AM,977.5,135,131962.5,102897424.75000001
2025-08-01 09:44:48 AM,977.45,0,0.0,102897424.75000001
2025-08-01 09:44:50 AM,977.9,0,0.0,102897424.75000001
2025-08-01 09:44:52 AM,977.5,0,0.0,102897424.75000001
2025-08-01 09:44:53 AM,977.5,216,211140.0,103108564.75000001
2025-08-01 09:44:56 AM,977.9,0,0.0,103108564.75000001
2025-08-01 09:44:59 AM,977.9,15,14668.5,103123233.25000001
2025-08-01 09:45:03 AM,977.4,0,0.0,103123233.25000001
2025-08-01 09:45:06 AM,977.4,1152,1125964.8,104249198.05000001
2025-08-01 09:45:07 AM,976.7,1700,1660390.0,105909588.05000001
2025-08-01 09:45:08 AM,976.9,0,0.0,105909588.05000001
2025-08-01 09:45:10 AM,977.3,0,0.0,105909588.05000001
2025-08-01 09:45:13 AM,976.9,344,336053.6,106245641.65
2025-08-01 09:45:14 AM,977.0,282,275514.0,106521155.65
2025-08-01 09:45:14 AM,976.8,0,0.0,106521155.65
2025-08-01 09:45:18 AM,977.35,0,0.0,106521155.65
2025-08-01 09:45:19 AM,977.4,0,0.0,106521155.65
2025-08-01 09:45:19 AM,976.95,374,365379.3,106886534.95
2025-08-01 09:45:21 AM,977.25,60,58635.0,106945169.95
2025-08-01 09:45:22 AM,976.9,0,0.0,106945169.95
2025-08-01 09:45:25 AM,976.7,71,69345.7,107014515.65
2025-08-01 09:45:30 AM,976.75,0,0.0,107014515.65
2025-08-01 09:45:32 AM,976.5,94,91791.0,107106306.65
2025-08-01 09:45:33 AM,976.35,55,53699.25,107160005.9
2025-08-01 09:45:38 AM,977.05,382,373233.1,107533239.0
2025-08-01 09:45:40 AM,976.75,130,126977.5,107660216.5
2025-08-01 09:45:42 AM,977.5,0,0.0,107660216.5
2025-08-01 09:45:45 AM,977.9,30,29337.0,107689553.5
2025-08-01 09:45:46 AM,977.45,50,48872.5,107738426.0
2025-08-01 09:45:50 AM,977.5,0,0.0,107738426.0
2025-08-01 09:45:51 AM,977.65,0,0.0,107738426.0
2025-08-01 09:45:52 AM,977.65,605,591478.25,108329904.25
2025-08-01 09:45:53 AM,977.45,20,19549.0,108349453.25
2025-08-01 09:45:53 AM,977.25,0,0.0,108349453.25
2025-08-01 09:45:58 AM,977.65,127,124161.55,108473614.8
2025-08-01 09:45:59 AM,977.5,100,97750.0,108571364.8
2025-08-01 09:46:01 AM,977.5,70,68425.0,108639789.8
2025-08-01 09:46:02 AM,977.7,17,16620.9,108656410.7
2025-08-01 09:46:06 AM,977.65,0,0.0,108656410.7
2025-08-01 09:46:07 AM,977.65,1,977.65,108657388.35000001
2025-08-01 09:46:12 AM,977.7,0,0.0,108657388.35000001
2025-08-01 09:46:13 AM,977.7,49,47907.3,108705295.65
2025-08-01 09:46:16 AM,977.85,1,977.85,108706273.5
2025-08-01 09:46:18 AM,978.3,2400,2347920.0,111054193.5
2025-08-01 09:46:27 AM,978.15,44,43038.6,111097232.1
2025-08-01 09:46:28 AM,978.7,0,0.0,111097232.1
2025-08-01 09:46:28 AM,978.7,100,97870.0,111195102.1
2025-08-01 09:46:29 AM,978.05,0,0.0,111195102.1
2025-08-01 09:46:29 AM,978.05,110,107585.5,111302687.6
2025-08-01 09:46:30 AM,978.45,3,2935.3500000000004,111305622.94999999
2025-08-01 09:46:32 AM,978.4,0,0.0,111305622.94999999
2025-08-01 09:46:33 AM,978.4,4,3913.6,111309536.54999998
2025-08-01 09:46:33 AM,978.1,0,0.0,111309536.54999998
2025-08-01 09:46:34 AM,978.1,5,4890.5,111314427.04999998
2025-08-01 09:46:35 AM,978.1,2,1956.2,111316383.24999999
2025-08-01 09:46:37 AM,978.5,0,0.0,111316383.24999999
2025-08-01 09:46:37 AM,978.5,1,978.5,111317361.74999999
2025-08-01 09:46:38 AM,978.5,1,978.5,111318340.24999999
2025-08-01 09:46:39 AM,978.1,10,9781.0,111328121.24999999
2025-08-01 09:46:39 AM,978.05,0,0.0,111328121.24999999
2025-08-01 09:46:40 AM,978.05,100,97805.0,111425926.24999999
2025-08-01 09:46:40 AM,978.0,0,0.0,111425926.24999999
2025-08-01 09:46:41 AM,978.0,200,195600.0,111621526.24999999
2025-08-01 09:46:46 AM,978.0,6,5868.0,111627394.24999999
2025-08-01 09:46:54 AM,978.0,10,9780.0,111637174.24999999
2025-08-01 09:46:54 AM,978.4,0,0.0,111637174.24999999
2025-08-01 09:46:55 AM,978.4,1,978.4,111638152.64999999
2025-08-01 09:46:58 AM,978.0,4,3912.0,111642064.64999999
2025-08-01 09:47:01 AM,978.0,25,24450.0,111666514.64999999
2025-08-01 09:47:03 AM,978.0,26,25428.0,111691942.64999999
2025-08-01 09:47:08 AM,978.0,16,15648.0,111707590.64999999
2025-08-01 09:47:10 AM,978.25,40,39130.0,111746720.64999999
2025-08-01 09:47:14 AM,978.25,28,27391.0,111774111.64999999
2025-08-01 09:47:16 AM,978.25,50,48912.5,111823024.14999999
2025-08-01 09:47:20 AM,978.25,36,35217.0,111858241.14999999
2025-08-01 09:47:26 AM,978.25,66,64564.5,111922805.64999999
2025-08-01 09:47:33 AM,978.3,132,129135.59999999999,112051941.24999999
2025-08-01 09:47:39 AM,978.5,0,0.0,112051941.24999999
2025-08-01 09:47:39 AM,978.5,9,8806.5,112060747.74999999
2025-08-01 09:47:42 AM,978.1,1206,1179588.6,113240336.34999998
2025-08-01 09:47:44 AM,978.35,0,0.0,113240336.34999998
2025-08-01 09:47:46 AM,978.35,12,11740.2,113252076.54999998
2025-08-01 09:47:49 AM,978.1,0,0.0,113252076.54999998
2025-08-01 09:47:49 AM,978.1,20,19562.0,113271638.54999998
2025-08-01 09:48:02 AM,978.1,3,2934.3,113274572.84999998
2025-08-01 09:48:06 AM,978.35,0,0.0,113274572.84999998
2025-08-01 09:48:06 AM,978.35,70,68484.5,113343057.34999998
2025-08-01 09:48:08 AM,978.1,530,518393.0,113861450.34999998
2025-08-01 09:48:10 AM,978.3,0,0.0,113861450.34999998
2025-08-01 09:48:12 AM,978.1,22,21518.2,113882968.54999998
2025-08-01 09:48:22 AM,978.6,0,0.0,113882968.54999998
2025-08-01 09:48:25 AM,979.0,666,652014.0,114534982.54999998
2025-08-01 09:48:28 AM,979.0,20,19580.0,114554562.54999998
2025-08-01 09:48:32 AM,979.0,21,20559.0,114575121.54999998
2025-08-01 09:48:34 AM,979.0,375,367125.0,114942246.54999998
2025-08-01 09:48:38 AM,979.55,0,0.0,114942246.54999998
2025-08-01 09:48:38 AM,979.55,1,979.55,114943226.09999998
2025-08-01 09:48:42 AM,979.2,0,0.0,114943226.09999998
2025-08-01 09:48:45 AM,979.2,14,13708.800000000001,114956934.89999998
2025-08-01 09:48:47 AM,979.65,250,244912.5,115201847.39999998
2025-08-01 09:48:50 AM,979.3,0,0.0,115201847.39999998
2025-08-01 09:48:51 AM,979.3,37,36234.1,115238081.49999997
2025-08-01 09:48:54 AM,979.95,207,202849.65000000002,115440931.14999998
2025-08-01 09:48:54 AM,979.35,0,0.0,115440931.14999998
2025-08-01 09:48:57 AM,979.45,28,27424.600000000002,115468355.74999997
2025-08-01 09:48:58 AM,979.75,0,0.0,115468355.74999997
2025-08-01 09:49:00 AM,979.75,103,100914.25,115569269.99999997
2025-08-01 09:49:02 AM,979.45,0,0.0,115569269.99999997
2025-08-01 09:49:04 AM,979.4,28,27423.2,115596693.19999997
2025-08-01 09:49:06 AM,980.0,0,0.0,115596693.19999997
2025-08-01 09:49:06 AM,980.0,662,648760.0,116245453.19999997
2025-08-01 09:49:10 AM,979.1,0,0.0,116245453.19999997
2025-08-01 09:49:10 AM,979.1,1802,1764338.2,118009791.39999998
2025-08-01 09:49:14 AM,979.0,0,0.0,118009791.39999998
2025-08-01 09:49:16 AM,979.2,15,14688.0,118024479.39999998
2025-08-01 09:49:21 AM,979.1,0,0.0,118024479.39999998
2025-08-01 09:49:22 AM,979.2,648,634521.6,118659000.99999997
2025-08-01 09:49:24 AM,979.6,0,0.0,118659000.99999997
2025-08-01 09:49:25 AM,979.6,100,97960.0,118756960.99999997
2025-08-01 09:49:27 AM,979.55,0,0.0,118756960.99999997
2025-08-01 09:49:28 AM,979.55,201,196889.55,118953850.54999997
2025-08-01 09:49:30 AM,980.0,0,0.0,118953850.54999997
2025-08-01 09:49:30 AM,979.6,0,0.0,118953850.54999997
2025-08-01 09:49:31 AM,979.6,101,98939.6,119052790.14999996
2025-08-01 09:49:39 AM,980.0,0,0.0,119052790.14999996
2025-08-01 09:49:41 AM,980.35,100,98035.0,119150825.14999996
2025-08-01 09:49:42 AM,979.75,0,0.0,119150825.14999996
2025-08-01 09:49:44 AM,980.35,112,109799.2,119260624.34999996
2025-08-01 09:49:45 AM,979.25,0,0.0,119260624.34999996
2025-08-01 09:49:47 AM,979.25,2000,1958500.0,121219124.34999996
2025-08-01 09:49:53 AM,979.85,38,37234.3,121256358.64999996
2025-08-01 09:49:56 AM,979.2,0,0.0,121256358.64999996
2025-08-01 09:49:57 AM,979.2,51,49939.200000000004,121306297.84999996
2025-08-01 09:49:59 AM,979.45,0,0.0,121306297.84999996
2025-08-01 09:50:01 AM,979.45,1,979.45,121307277.29999997
2025-08-01 09:50:01 AM,979.45,29,28404.050000000003,121335681.34999996
2025-08-01 09:50:02 AM,979.3,0,0.0,121335681.34999996
2025-08-01 09:50:03 AM,979.3,10,9793.0,121345474.34999996
2025-08-01 09:50:16 AM,979.0,500,489500.0,121834974.34999996
2025-08-01 09:50:20 AM,979.2,2,1958.4,121836932.74999997
2025-08-01 09:50:22 AM,979.0,5,4895.0,121841827.74999997
2025-08-01 09:50:22 AM,979.2,13,12729.6,121854557.34999996
2025-08-01 09:50:25 AM,979.2,15,14688.0,121869245.34999996
2025-08-01 09:50:34 AM,979.95,0,0.0,121869245.34999996
2025-08-01 09:50:34 AM,979.95,1,979.95,121870225.29999997
2025-08-01 09:50:35 AM,979.5,0,0.0,121870225.29999997
2025-08-01 09:50:35 AM,979.5,10,9795.0,121880020.29999997
2025-08-01 09:50:37 AM,979.6,9,8816.4,121888836.69999997
2025-08-01 09:50:40 AM,980.0,200,196000.0,122084836.69999997
2025-08-01 09:50:40 AM,980.5,0,0.0,122084836.69999997
2025-08-01 09:50:41 AM,980.5,100,98050.0,122182886.69999997
2025-08-01 09:50:43 AM,980.25,20,19605.0,122202491.69999997
2025-08-01 09:50:50 AM,979.85,0,0.0,122202491.69999997
2025-08-01 09:50:51 AM,979.85,1,979.85,122203471.54999997
2025-08-01 09:50:59 AM,979.9,10,9799.0,122213270.54999997
2025-08-01 09:51:05 AM,980.85,0,0.0,122213270.54999997
2025-08-01 09:51:10 AM,980.85,10,9808.5,122223079.04999997
2025-08-01 09:51:20 AM,980.45,0,0.0,122223079.04999997
2025-08-01 09:51:22 AM,980.45,43,42159.35,122265238.39999996
2025-08-01 09:51:28 AM,981.5,0,0.0,122265238.39999996
2025-08-01 09:51:29 AM,981.5,831,815626.5,123080864.89999996
2025-08-01 09:51:31 AM,981.3,0,0.0,123080864.89999996
2025-08-01 09:51:35 AM,980.75,420,411915.0,123492779.89999996
2025-08-01 09:51:35 AM,980.85,0,0.0,123492779.89999996
2025-08-01 09:51:37 AM,980.85,37,36291.450000000004,123529071.34999996
2025-08-01 09:51:42 AM,980.9,0,0.0,123529071.34999996
2025-08-01 09:51:44 AM,980.9,6,5885.4,123534956.74999997
2025-08-01 09:51:47 AM,981.0,90,88290.0,123623246.74999997
2025-08-01 09:51:51 AM,980.85,0,0.0,123623246.74999997
2025-08-01 09:51:54 AM,980.85,66,64736.1,123687982.84999996
2025-08-01 09:52:03 AM,980.6,0,0.0,123687982.84999996
2025-08-01 09:52:05 AM,980.6,358,351054.8,124039037.64999996
2025-08-01 09:52:07 AM,981.15,0,0.0,124039037.64999996
2025-08-01 09:52:08 AM,980.65,113,110813.45,124149851.09999996
2025-08-01 09:52:10 AM,981.0,0,0.0,124149851.09999996
2025-08-01 09:52:11 AM,981.0,63,61803.0,124211654.09999996
2025-08-01 09:52:22 AM,980.7,0,0.0,124211654.09999996
2025-08-01 09:52:24 AM,980.7,99,97089.3,124308743.39999996
2025-08-01 09:52:37 AM,980.65,0,0.0,124308743.39999996
2025-08-01 09:52:39 AM,980.65,210,205936.5,124514679.89999996
2025-08-01 09:52:40 AM,981.1,0,0.0,124514679.89999996
2025-08-01 09:52:42 AM,981.1,10,9811.0,124524490.89999996
2025-08-01 09:52:45 AM,981.0,100,98100.0,124622590.89999996
2025-08-01 09:52:49 AM,980.65,0,0.0,124622590.89999996
2025-08-01 09:52:51 AM,980.65,173,169652.44999999998,124792243.34999996
2025-08-01 09:52:52 AM,980.9,0,0.0,124792243.34999996
2025-08-01 09:52:55 AM,980.5,76,74518.0,124866761.34999996
2025-08-01 09:53:03 AM,980.5,100,98050.0,124964811.34999996
2025-08-01 09:53:06 AM,980.5,28,27454.0,124992265.34999996
2025-08-01 09:53:09 AM,980.85,8,7846.8,125000112.14999996
2025-08-01 09:53:13 AM,980.5,0,0.0,125000112.14999996
2025-08-01 09:53:13 AM,980.5,100,98050.0,125098162.14999996
2025-08-01 09:53:15 AM,980.1,492,482209.2,125580371.34999996
2025-08-01 09:53:31 AM,980.0,114,111720.0,125692091.34999996
2025-08-01 09:53:35 AM,979.75,0,0.0,125692091.34999996
2025-08-01 09:53:37 AM,979.75,10,9797.5,125701888.84999996
2025-08-01 09:53:46 AM,979.5,10,9795.0,125711683.84999996
2025-08-01 09:53:50 AM,979.5,125,122437.5,125834121.34999996
2025-08-01 09:53:56 AM,979.55,0,0.0,125834121.34999996
2025-08-01 09:53:56 AM,979.1,0,0.0,125834121.34999996
2025-08-01 09:53:57 AM,979.1,130,127283.0,125961404.34999996
2025-08-01 09:53:59 AM,979.8,0,0.0,125961404.34999996
2025-08-01 09:54:02 AM,979.85,0,0.0,125961404.34999996
2025-08-01 09:54:03 AM,979.85,31,30375.350000000002,125991779.69999996
2025-08-01 09:54:05 AM,979.55,0,0.0,125991779.69999996
2025-08-01 09:54:08 AM,979.55,1,979.55,125992759.24999996
2025-08-01 09:54:15 AM,979.2,110,107712.0,126100471.24999996
2025-08-01 09:54:22 AM,979.2,107,104774.40000000001,126205245.64999996
2025-08-01 09:54:26 AM,978.7,0,0.0,126205245.64999996
2025-08-01 09:54:28 AM,978.7,102,99827.40000000001,126305073.04999997
2025-08-01 09:54:30 AM,978.75,0,0.0,126305073.04999997
2025-08-01 09:54:30 AM,978.8,0,0.0,126305073.04999997
2025-08-01 09:54:34 AM,978.8,30,29364.0,126334437.04999997
2025-08-01 09:54:36 AM,979.2,0,0.0,126334437.04999997
2025-08-01 09:54:39 AM,978.85,0,0.0,126334437.04999997
2025-08-01 09:54:40 AM,978.85,4,3915.4,126338352.44999997
2025-08-01 09:54:42 AM,979.2,0,0.0,126338352.44999997
2025-08-01 09:54:42 AM,979.4,0,0.0,126338352.44999997
2025-08-01 09:54:46 AM,979.4,26,25464.399999999998,126363816.84999998
2025-08-01 09:54:48 AM,979.2,0,0.0,126363816.84999998
2025-08-01 09:54:52 AM,979.3,37,36234.1,126400050.94999997
2025-08-01 09:55:00 AM,979.4,0,0.0,126400050.94999997
2025-08-01 09:55:03 AM,979.4,5,4897.0,126404947.94999997
2025-08-01 09:55:06 AM,979.2,0,0.0,126404947.94999997
2025-08-01 09:55:09 AM,979.2,15,14688.0,126419635.94999997
2025-08-01 09:55:21 AM,979.2,24,23500.800000000003,126443136.74999997
2025-08-01 09:55:22 AM,978.8,0,0.0,126443136.74999997
2025-08-01 09:55:22 AM,978.8,141,138010.8,126581147.54999997
2025-08-01 09:55:25 AM,978.9,0,0.0,126581147.54999997
2025-08-01 09:55:27 AM,978.9,50,48945.0,126630092.54999997
2025-08-01 09:55:28 AM,979.05,300,293715.0,126923807.54999997
2025-08-01 09:55:42 AM,978.55,0,0.0,126923807.54999997
2025-08-01 09:55:45 AM,978.9,0,0.0,126923807.54999997
2025-08-01 09:55:45 AM,978.9,27,26430.3,126950237.84999996
2025-08-01 09:55:49 AM,978.2,0,0.0,126950237.84999996
2025-08-01 09:55:51 AM,978.2,500,489100.0,127439337.84999996
2025-08-01 09:55:56 AM,978.85,0,0.0,127439337.84999996
2025-08-01 09:55:57 AM,979.0,0,0.0,127439337.84999996
2025-08-01 09:55:57 AM,978.65,56,54804.4,127494142.24999997
2025-08-01 09:56:04 AM,978.5,100,97850.0,127591992.24999997
2025-08-01 09:56:08 AM,978.65,0,0.0,127591992.24999997
2025-08-01 09:56:09 AM,978.65,1,978.65,127592970.89999998
2025-08-01 09:56:21 AM,978.5,25,24462.5,127617433.39999998
2025-08-01 09:56:27 AM,978.85,20,19577.0,127637010.39999998
2025-08-01 09:56:28 AM,978.85,92,90054.2,127727064.59999998
2025-08-01 09:56:32 AM,978.65,0,0.0,127727064.59999998
2025-08-01 09:56:33 AM,978.65,25,24466.25,127751530.84999998
2025-08-01 09:56:44 AM,978.2,0,0.0,127751530.84999998
2025-08-01 09:56:45 AM,978.2,308,301285.60000000003,128052816.44999997
2025-08-01 09:56:48 AM,978.6,0,0.0,128052816.44999997
2025-08-01 09:56:51 AM,978.2,11,10760.2,128063576.64999998
2025-08-01 09:56:56 AM,978.6,0,0.0,128063576.64999998
2025-08-01 09:56:57 AM,978.6,11,10764.6,128074341.24999997
2025-08-01 09:57:00 AM,978.05,0,0.0,128074341.24999997
2025-08-01 09:57:03 AM,978.05,270,264073.5,128338414.74999997
2025-08-01 09:57:05 AM,978.6,5,4893.0,128343307.74999997
2025-08-01 09:57:11 AM,978.7,59,57743.3,128401051.04999997
2025-08-01 09:57:20 AM,978.6,0,0.0,128401051.04999997
2025-08-01 09:57:21 AM,978.6,115,112539.0,128513590.04999997
2025-08-01 09:57:26 AM,978.6,4,3914.4,128517504.44999997
2025-08-01 09:57:28 AM,978.6,1,978.6,128518483.04999997
2025-08-01 09:57:32 AM,978.35,0,0.0,128518483.04999997
2025-08-01 09:57:32 AM,978.35,30,29350.5,128547833.54999997
2025-08-01 09:57:47 AM,978.35,38,37177.3,128585010.84999996
2025-08-01 09:57:53 AM,978.0,26,25428.0,128610438.84999996
2025-08-01 09:58:02 AM,978.0,51,49878.0,128660316.84999996
2025-08-01 09:58:04 AM,977.45,0,0.0,128660316.84999996
2025-08-01 09:58:05 AM,977.45,13,12706.85,128673023.69999996
2025-08-01 09:58:09 AM,977.8,8,7822.4,128680846.09999996
2025-08-01 09:58:11 AM,977.45,20,19549.0,128700395.09999996
2025-08-01 09:58:21 AM,977.45,35,34210.75,128734605.84999996
2025-08-01 09:58:23 AM,977.45,2,1954.9,128736560.74999997
2025-08-01 09:58:27 AM,977.45,15,14661.75,128751222.49999997
2025-08-01 09:58:29 AM,977.45,5,4887.25,128756109.74999997
2025-08-01 09:58:35 AM,977.45,11,10751.95,128766861.69999997
2025-08-01 09:58:42 AM,977.45,29,28346.050000000003,128795207.74999997
2025-08-01 09:58:45 AM,977.4,0,0.0,128795207.74999997
2025-08-01 09:58:45 AM,977.4,80,78192.0,128873399.74999997
2025-08-01 09:58:51 AM,977.45,20,19549.0,128892948.74999997
2025-08-01 09:58:57 AM,977.4,0,0.0,128892948.74999997
2025-08-01 09:58:57 AM,977.4,112,109468.8,129002417.54999997
2025-08-01 09:59:01 AM,977.95,0,0.0,129002417.54999997
2025-08-01 09:59:03 AM,977.95,825,806808.75,129809226.29999997
2025-08-01 09:59:06 AM,977.3,40,39092.0,129848318.29999997
2025-08-01 09:59:11 AM,977.4,0,0.0,129848318.29999997
2025-08-01 09:59:12 AM,977.4,5,4887.0,129853205.29999997
2025-08-01 09:59:16 AM,977.4,12,11728.8,129864934.09999996
2025-08-01 09:59:19 AM,977.65,0,0.0,129864934.09999996
2025-08-01 09:59:19 AM,977.65,65,63547.25,129928481.34999996
2025-08-01 09:59:22 AM,977.3,6,5863.799999999999,129934345.14999996
2025-08-01 09:59:27 AM,977.45,0,0.0,129934345.14999996
2025-08-01 09:59:28 AM,977.95,13,12713.35,129947058.49999996
2025-08-01 09:59:31 AM,977.9,0,0.0,129947058.49999996
2025-08-01 09:59:31 AM,977.9,10,9779.0,129956837.49999996
2025-08-01 09:59:37 AM,977.45,0,0.0,129956837.49999996
2025-08-01 09:59:37 AM,977.45,10,9774.5,129966611.99999996
2025-08-01 09:59:40 AM,978.0,0,0.0,129966611.99999996
2025-08-01 09:59:41 AM,978.0,98,95844.0,130062455.99999996
2025-08-01 09:59:43 AM,977.8,0,0.0,130062455.99999996
2025-08-01 09:59:44 AM,977.8,100,97780.0,130160235.99999996
2025-08-01 09:59:47 AM,978.2,35,34237.0,130194472.99999996
2025-08-01 09:59:53 AM,977.6,0,0.0,130194472.99999996
2025-08-01 09:59:53 AM,977.6,100,97760.0,130292232.99999996
2025-08-01 09:59:55 AM,978.15,0,0.0,130292232.99999996
2025-08-01 09:59:56 AM,977.8,0,0.0,130292232.99999996
2025-08-01 09:59:56 AM,977.8,36,35200.799999999996,130327433.79999995
2025-08-01 09:59:58 AM,977.7,0,0.0,130327433.79999995
2025-08-01 09:59:59 AM,977.1,0,0.0,130327433.79999995
2025-08-01 09:59:59 AM,977.1,288,281404.8,130608838.59999995
2025-08-01 10:00:01 AM,977.35,0,0.0,130608838.59999995
2025-08-01 10:00:02 AM,977.35,1,977.35,130609815.94999994
2025-08-01 10:00:05 AM,977.35,5,4886.75,130614702.69999994
2025-08-01 10:00:08 AM,977.4,0,0.0,130614702.69999994
2025-08-01 10:00:08 AM,977.4,15,14661.0,130629363.69999994
2025-08-01 10:00:12 AM,977.0,1,977.0,130630340.69999994
2025-08-01 10:00:15 AM,976.75,0,0.0,130630340.69999994
2025-08-01 10:00:15 AM,976.75,585,571398.75,131201739.44999994
2025-08-01 10:00:18 AM,976.7,127,124040.90000000001,131325780.34999995
2025-08-01 10:00:25 AM,976.15,2,1952.3,131327732.64999995
2025-08-01 10:00:28 AM,976.7,10,9767.0,131337499.64999995
2025-08-01 10:00:31 AM,976.7,80,78136.0,131415635.64999995
2025-08-01 10:00:34 AM,976.15,73,71258.95,131486894.59999995
2025-08-01 10:00:40 AM,976.3,60,58578.0,131545472.59999995
2025-08-01 10:00:43 AM,976.9,30,29307.0,131574779.59999995
2025-08-01 10:00:56 AM,976.6,0,0.0,131574779.59999995
2025-08-01 10:00:56 AM,976.6,148,144536.80000000002,131719316.39999995
2025-08-01 10:00:59 AM,976.9,640,625216.0,132344532.39999995
2025-08-01 10:01:01 AM,976.55,0,0.0,132344532.39999995
2025-08-01 10:01:02 AM,976.55,17,16601.35,132361133.74999994
2025-08-01 10:01:06 AM,976.25,650,634562.5,132995696.24999994
2025-08-01 10:01:07 AM,976.8,0,0.0,132995696.24999994
2025-08-01 10:01:09 AM,976.8,30,29304.0,133025000.24999994
2025-08-01 10:01:14 AM,977.0,0,0.0,133025000.24999994
2025-08-01 10:01:15 AM,977.0,8,7816.0,133032816.24999994
2025-08-01 10:01:18 AM,976.95,0,0.0,133032816.24999994
2025-08-01 10:01:18 AM,976.95,10,9769.5,133042585.74999994
2025-08-01 10:01:21 AM,977.6,0,0.0,133042585.74999994
2025-08-01 10:01:21 AM,977.6,1110,1085136.0,134127721.74999994
2025-08-01 10:01:25 AM,977.6,148,144684.80000000002,134272406.54999995
2025-08-01 10:01:29 AM,978.45,0,0.0,134272406.54999995
2025-08-01 10:01:31 AM,978.0,8,7824.0,134280230.54999995
2025-08-01 10:01:33 AM,978.0,10,9780.0,134290010.54999995
2025-08-01 10:01:37 AM,977.95,0,0.0,134290010.54999995
2025-08-01 10:01:37 AM,977.95,207,202435.65000000002,134492446.19999996
2025-08-01 10:01:45 AM,977.75,5,4888.75,134497334.94999996
2025-08-01 10:01:56 AM,978.0,30,29340.0,134526674.94999996
2025-08-01 10:02:02 AM,978.25,201,196628.25,134723303.19999996
2025-08-01 10:02:13 AM,978.1,0,0.0,134723303.19999996
2025-08-01 10:02:14 AM,978.1,550,537955.0,135261258.19999996
2025-08-01 10:02:16 AM,977.95,36,35206.200000000004,135296464.39999995
2025-08-01 10:02:17 AM,978.25,0,0.0,135296464.39999995
2025-08-01 10:02:21 AM,978.25,4,3913.0,135300377.39999995
2025-08-01 10:02:27 AM,977.9,0,0.0,135300377.39999995
2025-08-01 10:02:27 AM,977.9,36,35204.4,135335581.79999995
2025-08-01 10:02:29 AM,977.9,1,977.9,135336559.69999996
2025-08-01 10:02:31 AM,978.6,0,0.0,135336559.69999996
2025-08-01 10:02:33 AM,978.8,194,189887.19999999998,135526446.89999995
2025-08-01 10:02:39 AM,978.25,0,0.0,135526446.89999995
2025-08-01 10:02:39 AM,978.25,5,4891.25,135531338.14999995
2025-08-01 10:02:41 AM,978.5,27,26419.5,135557757.64999995
2025-08-01 10:03:05 AM,978.25,0,0.0,135557757.64999995
2025-08-01 10:03:05 AM,978.25,208,203476.0,135761233.64999995
2025-08-01 10:03:07 AM,977.7,549,536757.3,136297990.94999996
2025-08-01 10:03:11 AM,977.9,5,4889.5,136302880.44999996
2025-08-01 10:03:13 AM,978.15,50,48907.5,136351787.94999996
2025-08-01 10:03:17 AM,978.4,0,0.0,136351787.94999996
2025-08-01 10:03:18 AM,978.4,110,107624.0,136459411.94999996
2025-08-01 10:03:20 AM,978.9,100,97890.0,136557301.94999996
2025-08-01 10:03:29 AM,978.55,0,0.0,136557301.94999996
2025-08-01 10:03:31 AM,978.55,2,1957.1,136559259.04999995
2025-08-01 10:03:37 AM,978.55,25,24463.75,136583722.79999995
2025-08-01 10:03:50 AM,978.55,2,1957.1,136585679.89999995
2025-08-01 10:03:56 AM,978.55,140,136997.0,136722676.89999995
2025-08-01 10:04:01 AM,978.85,0,0.0,136722676.89999995
2025-08-01 10:04:02 AM,978.85,20,19577.0,136742253.89999995
2025-08-01 10:04:11 AM,978.85,4,3915.4,136746169.29999995
2025-08-01 10:04:14 AM,978.85,2,1957.7,136748126.99999994
2025-08-01 10:04:21 AM,978.75,0,0.0,136748126.99999994
2025-08-01 10:04:21 AM,978.55,0,0.0,136748126.99999994
2025-08-01 10:04:21 AM,978.55,149,145803.94999999998,136893930.94999993
2025-08-01 10:04:23 AM,978.0,1,978.0,136894908.94999993
2025-08-01 10:04:27 AM,978.9,5,4894.5,136899803.44999993
2025-08-01 10:04:29 AM,978.9,21,20556.899999999998,136920360.34999993
2025-08-01 10:04:33 AM,978.4,0,0.0,136920360.34999993
2025-08-01 10:04:34 AM,978.4,23,22503.2,136942863.54999992
2025-08-01 10:04:38 AM,979.0,0,0.0,136942863.54999992
2025-08-01 10:04:39 AM,978.55,0,0.0,136942863.54999992
2025-08-01 10:04:40 AM,978.55,3,2935.6499999999996,136945799.19999993
2025-08-01 10:04:48 AM,978.55,10,9785.5,136955584.69999993
2025-08-01 10:04:51 AM,978.85,0,0.0,136955584.69999993
2025-08-01 10:04:52 AM,978.85,1,978.85,136956563.54999992
2025-08-01 10:04:54 AM,978.85,5,4894.25,136961457.79999992
2025-08-01 10:05:00 AM,978.85,60,58731.0,137020188.79999992
2025-08-01 10:05:07 AM,978.8,51,49918.799999999996,137070107.59999993
2025-08-01 10:05:11 AM,978.85,0,0.0,137070107.59999993
2025-08-01 10:05:11 AM,978.85,1,978.85,137071086.44999993
2025-08-01 10:05:14 AM,978.55,0,0.0,137071086.44999993
2025-08-01 10:05:17 AM,978.65,271,265214.14999999997,137336300.59999993
2025-08-01 10:05:19 AM,978.35,35,34242.25,137370542.84999993
2025-08-01 10:05:22 AM,978.15,0,0.0,137370542.84999993
2025-08-01 10:05:22 AM,978.35,0,0.0,137370542.84999993
2025-08-01 10:05:23 AM,978.35,102,99791.7,137470334.54999992
2025-08-01 10:05:25 AM,978.35,6,5870.1,137476204.64999992
2025-08-01 10:05:33 AM,978.1,0,0.0,137476204.64999992
2025-08-01 10:05:35 AM,978.1,1,978.1,137477182.7499999
2025-08-01 10:05:37 AM,978.35,11,10761.85,137487944.5999999
2025-08-01 10:05:47 AM,978.0,4,3912.0,137491856.5999999
2025-08-01 10:05:53 AM,978.0,89,87042.0,137578898.5999999
2025-08-01 10:05:55 AM,978.0,6,5868.0,137584766.5999999
2025-08-01 10:06:06 AM,977.45,0,0.0,137584766.5999999
2025-08-01 10:06:06 AM,977.45,2,1954.9,137586721.4999999
2025-08-01 10:06:09 AM,977.45,16,15639.2,137602360.6999999
2025-08-01 10:06:12 AM,977.95,2,1955.9,137604316.5999999
2025-08-01 10:06:13 AM,977.45,0,0.0,137604316.5999999
2025-08-01 10:06:13 AM,977.45,15,14661.75,137618978.3499999
2025-08-01 10:06:15 AM,977.4,131,128039.4,137747017.7499999
2025-08-01 10:06:16 AM,977.35,0,0.0,137747017.7499999
2025-08-01 10:06:16 AM,977.35,44,43003.4,137790021.14999992
2025-08-01 10:06:17 AM,977.0,1,977.0,137790998.14999992
2025-08-01 10:06:23 AM,977.0,75,73275.0,137864273.14999992
2025-08-01 10:06:26 AM,977.25,0,0.0,137864273.14999992
2025-08-01 10:06:26 AM,977.25,2,1954.5,137866227.64999992
2025-08-01 10:06:27 AM,977.25,50,48862.5,137915090.14999992
2025-08-01 10:06:28 AM,977.35,50,48867.5,137963957.64999992
2025-08-01 10:06:30 AM,977.25,10,9772.5,137973730.14999992
2025-08-01 10:06:42 AM,976.9,145,141650.5,138115380.64999992
2025-08-01 10:06:42 AM,976.9,503,491380.7,138606761.3499999
2025-08-01 10:06:48 AM,976.65,35,34182.75,138640944.0999999
2025-08-01 10:06:53 AM,976.8,0,0.0,138640944.0999999
2025-08-01 10:06:53 AM,976.8,8,7814.4,138648758.4999999
2025-08-01 10:06:54 AM,976.75,100,97675.0,138746433.4999999
2025-08-01 10:06:59 AM,976.65,0,0.0,138746433.4999999
2025-08-01 10:06:59 AM,976.65,45,43949.25,138790382.7499999
2025-08-01 10:07:01 AM,976.55,171,166990.05,138957372.79999992
2025-08-01 10:07:05 AM,977.15,0,0.0,138957372.79999992
2025-08-01 10:07:05 AM,977.15,55,53743.25,139011116.04999992
2025-08-01 10:07:08 AM,976.65,5,4883.25,139015999.29999992
2025-08-01 10:07:11 AM,976.35,0,0.0,139015999.29999992
2025-08-01 10:07:12 AM,976.35,100,97635.0,139113634.29999992
2025-08-01 10:07:18 AM,976.65,1,976.65,139114610.94999993
2025-08-01 10:07:24 AM,976.8,6,5860.799999999999,139120471.74999994
2025-08-01 10:07:37 AM,976.75,30,29302.5,139149774.24999994
2025-08-01 10:07:42 AM,976.75,16,15628.0,139165402.24999994
2025-08-01 10:07:44 AM,976.75,58,56651.5,139222053.74999994
2025-08-01 10:07:49 AM,976.65,94,91805.09999999999,139313858.84999993
2025-08-01 10:07:55 AM,976.5,61,59566.5,139373425.34999993
2025-08-01 10:07:57 AM,976.1,215,209861.5,139583286.84999993
2025-08-01 10:08:07 AM,976.0,0,0.0,139583286.84999993
2025-08-01 10:08:07 AM,976.35,494,482316.9,140065603.74999994
2025-08-01 10:08:13 AM,976.0,0,0.0,140065603.74999994
2025-08-01 10:08:14 AM,976.0,11,10736.0,140076339.74999994
2025-08-01 10:08:20 AM,976.0,320,312320.0,140388659.74999994
2025-08-01 10:08:26 AM,976.25,0,0.0,140388659.74999994
2025-08-01 10:08:26 AM,976.25,311,303613.75,140692273.49999994
2025-08-01 10:08:32 AM,976.95,0,0.0,140692273.49999994
2025-08-01 10:08:32 AM,976.95,778,760067.1000000001,141452340.59999993
2025-08-01 10:08:39 AM,976.0,0,0.0,141452340.59999993
2025-08-01 10:08:40 AM,976.1,297,289901.7,141742242.29999992
2025-08-01 10:08:46 AM,976.0,5,4880.0,141747122.29999992
2025-08-01 10:08:47 AM,976.5,0,0.0,141747122.29999992
2025-08-01 10:08:48 AM,976.3,0,0.0,141747122.29999992
2025-08-01 10:08:50 AM,976.3,652,636547.6,142383669.89999992
2025-08-01 10:08:52 AM,975.7,178,173674.6,142557344.4999999
2025-08-01 10:08:56 AM,975.6,385,375606.0,142932950.4999999
2025-08-01 10:09:02 AM,975.35,219,213601.65,143146552.14999992
2025-08-01 10:09:03 AM,975.35,70,68274.5,143214826.64999992
2025-08-01 10:09:14 AM,975.7,776,757143.2000000001,143971969.8499999
2025-08-01 10:09:23 AM,975.75,0,0.0,143971969.8499999
2025-08-01 10:09:25 AM,975.75,4,3903.0,143975872.8499999
2025-08-01 10:09:26 AM,975.7,0,0.0,143975872.8499999
2025-08-01 10:09:27 AM,975.4,0,0.0,143975872.8499999
2025-08-01 10:09:27 AM,975.4,1088,1061235.2,145037108.0499999
2025-08-01 10:09:30 AM,975.6,0,0.0,145037108.0499999
2025-08-01 10:09:31 AM,976.0,9,8784.0,145045892.0499999
2025-08-01 10:09:35 AM,975.95,0,0.0,145045892.0499999
2025-08-01 10:09:37 AM,975.95,44,42941.8,145088833.8499999
2025-08-01 10:09:39 AM,975.95,3,2927.8500000000004,145091761.6999999
2025-08-01 10:09:43 AM,975.95,51,49773.450000000004,145141535.1499999
2025-08-01 10:09:45 AM,975.95,14,13663.300000000001,145155198.4499999
2025-08-01 10:09:53 AM,975.35,0,0.0,145155198.4499999
2025-08-01 10:09:54 AM,975.35,37,36087.950000000004,145191286.3999999
2025-08-01 10:10:05 AM,975.35,47,45841.450000000004,145237127.84999987
2025-08-01 10:10:11 AM,975.2,0,0.0,145237127.84999987
2025-08-01 10:10:11 AM,975.2,1,975.2,145238103.04999986
2025-08-01 10:10:13 AM,975.45,20,19509.0,145257612.04999986
2025-08-01 10:10:15 AM,975.15,0,0.0,145257612.04999986
2025-08-01 10:10:17 AM,975.15,58,56558.7,145314170.74999985
2025-08-01 10:10:23 AM,975.15,10,9751.5,145323922.24999985
2025-08-01 10:10:25 AM,975.15,2,1950.3,145325872.54999986
2025-08-01 10:10:35 AM,975.15,15,14627.25,145340499.79999986
2025-08-01 10:10:37 AM,975.15,45,43881.75,145384381.54999986
2025-08-01 10:10:38 AM,975.4,0,0.0,145384381.54999986
2025-08-01 10:10:41 AM,975.7,0,0.0,145384381.54999986
2025-08-01 10:10:41 AM,976.0,1050,1024800.0,146409181.54999986
2025-08-01 10:10:43 AM,976.05,56,54658.799999999996,146463840.34999987
2025-08-01 10:10:47 AM,976.05,10,9760.5,146473600.84999987
2025-08-01 10:10:49 AM,975.9,594,579684.6,147053285.44999987
2025-08-01 10:10:53 AM,976.4,0,0.0,147053285.44999987
2025-08-01 10:10:53 AM,976.4,20,19528.0,147072813.44999987
2025-08-01 10:10:58 AM,975.9,0,0.0,147072813.44999987
2025-08-01 10:10:59 AM,975.9,100,97590.0,147170403.44999987
2025-08-01 10:11:07 AM,976.8,0,0.0,147170403.44999987
2025-08-01 10:11:07 AM,976.8,2,1953.6,147172357.04999986
2025-08-01 10:11:19 AM,977.0,0,0.0,147172357.04999986
2025-08-01 10:11:19 AM,977.0,1,977.0,147173334.04999986
2025-08-01 10:11:22 AM,977.5,173,169107.5,147342441.54999986
2025-08-01 10:11:23 AM,978.0,0,0.0,147342441.54999986
2025-08-01 10:11:23 AM,978.0,230,224940.0,147567381.54999986
2025-08-01 10:11:28 AM,977.75,70,68442.5,147635824.04999986
2025-08-01 10:11:30 AM,977.8,0,0.0,147635824.04999986
2025-08-01 10:11:31 AM,977.8,30,29334.0,147665158.04999986
2025-08-01 10:11:33 AM,977.25,0,0.0,147665158.04999986
2025-08-01 10:11:33 AM,977.25,250,244312.5,147909470.54999986
2025-08-01 10:11:36 AM,977.7,405,395968.5,148305439.04999986
2025-08-01 10:11:37 AM,977.25,21,20522.25,148325961.29999986
2025-08-01 10:11:39 AM,977.05,300,293115.0,148619076.29999986
2025-08-01 10:11:53 AM,977.0,1,977.0,148620053.29999986
2025-08-01 10:11:58 AM,976.75,70,68372.5,148688425.79999986
2025-08-01 10:12:01 AM,976.75,1,976.75,148689402.54999986
2025-08-01 10:12:16 AM,976.5,280,273420.0,148962822.54999986
2025-08-01 10:12:19 AM,976.75,0,0.0,148962822.54999986
2025-08-01 10:12:19 AM,977.2,420,410424.0,149373246.54999986
2025-08-01 10:12:28 AM,976.85,100,97685.0,149470931.54999986
2025-08-01 10:12:40 AM,977.1,0,0.0,149470931.54999986
2025-08-01 10:12:40 AM,977.1,60,58626.0,149529557.54999986
2025-08-01 10:12:40 AM,977.1,23,22473.3,149552030.84999987
2025-08-01 10:12:41 AM,977.0,0,0.0,149552030.84999987
2025-08-01 10:12:41 AM,977.0,200,195400.0,149747430.84999987
2025-08-01 10:12:44 AM,976.9,227,221756.3,149969187.1499999
2025-08-01 10:12:45 AM,976.45,15,14646.75,149983833.8999999
2025-08-01 10:12:46 AM,977.1,6,5862.6,149989696.49999988
2025-08-01 10:12:49 AM,975.7,3600,3512520.0,153502216.49999988
2025-08-01 10:12:50 AM,976.55,0,0.0,153502216.49999988
2025-08-01 10:12:50 AM,976.55,1,976.55,153503193.0499999
2025-08-01 10:12:50 AM,977.1,14,13679.4,153516872.4499999
2025-08-01 10:12:53 AM,977.2,0,0.0,153516872.4499999
2025-08-01 10:12:53 AM,977.2,2,1954.4,153518826.8499999
2025-08-01 10:12:56 AM,977.25,0,0.0,153518826.8499999
2025-08-01 10:12:56 AM,977.25,1,977.25,153519804.0999999
2025-08-01 10:13:01 AM,976.55,20,19531.0,153539335.0999999
2025-08-01 10:13:02 AM,976.8,0,0.0,153539335.0999999
2025-08-01 10:13:02 AM,976.8,5,4884.0,153544219.0999999
2025-08-01 10:13:04 AM,976.9,0,0.0,153544219.0999999
2025-08-01 10:13:04 AM,976.9,1,976.9,153545195.9999999
2025-08-01 10:13:11 AM,976.8,0,0.0,153545195.9999999
2025-08-01 10:13:11 AM,976.8,7,6837.599999999999,153552033.5999999
2025-08-01 10:13:12 AM,976.8,1,976.8,153553010.39999992
2025-08-01 10:13:14 AM,976.45,30,29293.5,153582303.89999992
2025-08-01 10:13:24 AM,976.8,17,16605.6,153598909.4999999
2025-08-01 10:13:25 AM,977.2,20,19544.0,153618453.4999999
2025-08-01 10:13:27 AM,976.8,0,0.0,153618453.4999999
2025-08-01 10:13:27 AM,976.8,50,48840.0,153667293.4999999
2025-08-01 10:13:31 AM,976.8,1,976.8,153668270.29999992
2025-08-01 10:13:33 AM,977.2,0,0.0,153668270.29999992
2025-08-01 10:13:33 AM,977.2,1,977.2,153669247.4999999
2025-08-01 10:13:36 AM,977.2,140,136808.0,153806055.4999999
2025-08-01 10:13:37 AM,977.4,0,0.0,153806055.4999999
2025-08-01 10:13:37 AM,977.4,1,977.4,153807032.89999992
2025-08-01 10:13:37 AM,977.3,10,9773.0,153816805.89999992
2025-08-01 10:13:38 AM,977.3,32,31273.6,153848079.4999999
2025-08-01 10:13:55 AM,977.0,53,51781.0,153899860.4999999
2025-08-01 10:13:57 AM,977.4,102,99694.8,153999555.29999992
2025-08-01 10:14:08 AM,977.45,1,977.45,154000532.7499999
2025-08-01 10:14:09 AM,977.0,0,0.0,154000532.7499999
2025-08-01 10:14:09 AM,977.0,36,35172.0,154035704.7499999
2025-08-01 10:14:12 AM,977.4,2,1954.8,154037659.54999992
2025-08-01 10:14:16 AM,977.4,1,977.4,154038636.94999993
2025-08-01 10:14:21 AM,976.85,0,0.0,154038636.94999993
2025-08-01 10:14:21 AM,976.85,530,517730.5,154556367.44999993
2025-08-01 10:14:21 AM,977.25,10,9772.5,154566139.94999993
2025-08-01 10:14:24 AM,976.8,0,0.0,154566139.94999993
2025-08-01 10:14:24 AM,976.8,193,188522.4,154754662.34999993
2025-08-01 10:14:49 AM,977.05,0,0.0,154754662.34999993
2025-08-01 10:14:49 AM,977.05,10,9770.5,154764432.84999993
2025-08-01 10:14:52 AM,977.1,0,0.0,154764432.84999993
2025-08-01 10:14:52 AM,977.1,50,48855.0,154813287.84999993
2025-08-01 10:15:08 AM,976.95,0,0.0,154813287.84999993
2025-08-01 10:15:08 AM,976.95,39,38101.05,154851388.89999995
2025-08-01 10:15:13 AM,976.9,6,5861.4,154857250.29999995
2025-08-01 10:15:18 AM,976.9,2,1953.8,154859204.09999996
2025-08-01 10:15:22 AM,977.25,1,977.25,154860181.34999996
2025-08-01 10:15:24 AM,977.3,0,0.0,154860181.34999996
2025-08-01 10:15:24 AM,977.3,5,4886.5,154865067.84999996
2025-08-01 10:15:26 AM,976.9,0,0.0,154865067.84999996
2025-08-01 10:15:26 AM,976.9,7,6838.3,154871906.14999998
2025-08-01 10:15:28 AM,976.9,2,1953.8,154873859.95
2025-08-01 10:15:33 AM,977.15,0,0.0,154873859.95
2025-08-01 10:15:33 AM,977.15,1,977.15,154874837.1
2025-08-01 10:15:35 AM,976.9,150,146535.0,155021372.1
2025-08-01 10:15:37 AM,977.0,87,84999.0,155106371.1
2025-08-01 10:15:40 AM,976.85,351,342874.35000000003,155449245.45
2025-08-01 10:15:51 AM,976.85,1,976.85,155450222.29999998
2025-08-01 10:15:52 AM,976.5,1,976.5,155451198.79999998
2025-08-01 10:15:54 AM,976.5,20,19530.0,155470728.79999998
2025-08-01 10:16:02 AM,976.85,0,0.0,155470728.79999998
2025-08-01 10:16:03 AM,976.5,15,14647.5,155485376.29999998
2025-08-01 10:16:15 AM,976.5,10,9765.0,155495141.29999998
2025-08-01 10:16:21 AM,976.5,105,102532.5,155597673.79999998
2025-08-01 10:16:27 AM,976.5,43,41989.5,155639663.29999998
2025-08-01 10:16:33 AM,976.5,124,121086.0,155760749.29999998
2025-08-01 10:16:38 AM,976.5,2,1953.0,155762702.29999998
2025-08-01 10:16:44 AM,977.0,280,273560.0,156036262.29999998
2025-08-01 10:16:49 AM,976.1,0,0.0,156036262.29999998
2025-08-01 10:16:50 AM,976.1,500,488050.0,156524312.29999998
2025-08-01 10:16:55 AM,976.7,0,0.0,156524312.29999998
2025-08-01 10:16:55 AM,976.7,15,14650.5,156538962.79999998
2025-08-01 10:17:00 AM,976.65,1,976.65,156539939.45
2025-08-01 10:17:10 AM,976.25,0,0.0,156539939.45
2025-08-01 10:17:12 AM,976.25,83,81028.75,156620968.2
2025-08-01 10:17:12 AM,976.3,7,6834.099999999999,156627802.29999998
2025-08-01 10:17:16 AM,976.0,0,0.0,156627802.29999998
2025-08-01 10:17:18 AM,976.0,211,205936.0,156833738.29999998
2025-08-01 10:17:23 AM,976.15,0,0.0,156833738.29999998
2025-08-01 10:17:23 AM,976.15,104,101519.59999999999,156935257.89999998
2025-08-01 10:17:26 AM,975.65,0,0.0,156935257.89999998
2025-08-01 10:17:29 AM,975.65,20,19513.0,156954770.89999998
2025-08-01 10:17:38 AM,975.3,0,0.0,156954770.89999998
2025-08-01 10:17:41 AM,976.15,0,0.0,156954770.89999998
2025-08-01 10:17:41 AM,976.15,536,523216.39999999997,157477987.29999998
2025-08-01 10:17:47 AM,975.45,0,0.0,157477987.29999998
2025-08-01 10:17:47 AM,975.45,1,975.45,157478962.74999997
2025-08-01 10:17:52 AM,975.45,40,39018.0,157517980.74999997
2025-08-01 10:17:58 AM,975.45,238,232157.1,157750137.84999996
2025-08-01 10:18:01 AM,975.3,0,0.0,157750137.84999996
2025-08-01 10:18:04 AM,975.75,3,2927.25,157753065.09999996
2025-08-01 10:18:07 AM,975.3,0,0.0,157753065.09999996
2025-08-01 10:18:10 AM,975.8,85,82943.0,157836008.09999996
2025-08-01 10:18:19 AM,975.0,0,0.0,157836008.09999996
2025-08-01 10:18:22 AM,975.0,1203,1172925.0,159008933.09999996
2025-08-01 10:18:22 AM,975.0,50,48750.0,159057683.09999996
2025-08-01 10:18:26 AM,975.4,0,0.0,159057683.09999996
2025-08-01 10:18:27 AM,975.0,51,49725.0,159107408.09999996
2025-08-01 10:18:39 AM,975.35,1,975.35,159108383.44999996
2025-08-01 10:18:44 AM,975.05,0,0.0,159108383.44999996
2025-08-01 10:18:45 AM,975.05,3,2925.1499999999996,159111308.59999996
2025-08-01 10:18:48 AM,975.45,0,0.0,159111308.59999996
2025-08-01 10:18:51 AM,975.45,48,46821.600000000006,159158130.19999996
2025-08-01 10:18:56 AM,975.45,6,5852.700000000001,159163982.89999995
2025-08-01 10:19:02 AM,975.45,26,25361.7,159189344.59999993
2025-08-01 10:19:07 AM,976.5,88,85932.0,159275276.59999993
2025-08-01 10:19:09 AM,976.0,0,0.0,159275276.59999993
2025-08-01 10:19:13 AM,976.0,650,634400.0,159909676.59999993
2025-08-01 10:19:24 AM,976.05,0,0.0,159909676.59999993
2025-08-01 10:19:25 AM,976.05,10,9760.5,159919437.09999993
2025-08-01 10:19:31 AM,976.05,51,49778.549999999996,159969215.64999995
2025-08-01 10:19:36 AM,976.5,0,0.0,159969215.64999995
2025-08-01 10:19:36 AM,976.45,103,100574.35,160069789.99999994
2025-08-01 10:19:37 AM,976.45,68,66398.6,160136188.59999993
2025-08-01 10:19:39 AM,976.3,0,0.0,160136188.59999993
2025-08-01 10:19:42 AM,976.3,151,147421.3,160283609.89999995
2025-08-01 10:19:51 AM,976.05,0,0.0,160283609.89999995
2025-08-01 10:19:53 AM,976.05,15,14640.75,160298250.64999995
2025-08-01 10:19:57 AM,976.0,0,0.0,160298250.64999995
2025-08-01 10:19:59 AM,976.0,31,30256.0,160328506.64999995
2025-08-01 10:20:11 AM,976.3,22,21478.6,160349985.24999994
2025-08-01 10:20:15 AM,976.0,0,0.0,160349985.24999994
2025-08-01 10:20:15 AM,976.0,444,433344.0,160783329.24999994
2025-08-01 10:20:29 AM,975.8,5,4879.0,160788208.24999994
2025-08-01 10:20:32 AM,975.6,0,0.0,160788208.24999994
2025-08-01 10:20:33 AM,975.6,1,975.6,160789183.84999993
2025-08-01 10:20:35 AM,976.2,0,0.0,160789183.84999993
2025-08-01 10:20:35 AM,976.2,1,976.2,160790160.04999992
2025-08-01 10:20:38 AM,976.0,0,0.0,160790160.04999992
2025-08-01 10:20:39 AM,976.0,105,102480.0,160892640.04999992
2025-08-01 10:20:45 AM,976.0,253,246928.0,161139568.04999992
2025-08-01 10:21:11 AM,976.3,0,0.0,161139568.04999992
2025-08-01 10:21:13 AM,976.55,0,0.0,161139568.04999992
2025-08-01 10:21:14 AM,976.75,234,228559.5,161368127.54999992
2025-08-01 10:21:23 AM,976.8,0,0.0,161368127.54999992
2025-08-01 10:21:25 AM,976.9,0,0.0,161368127.54999992
2025-08-01 10:21:25 AM,976.9,203,198310.69999999998,161566438.2499999
2025-08-01 10:21:27 AM,976.8,0,0.0,161566438.2499999
2025-08-01 10:21:27 AM,976.8,36,35164.799999999996,161601603.04999992
2025-08-01 10:21:29 AM,976.95,0,0.0,161601603.04999992
2025-08-01 10:21:30 AM,976.95,40,39078.0,161640681.04999992
2025-08-01 10:21:37 AM,976.95,74,72294.3,161712975.34999993
2025-08-01 10:21:41 AM,976.95,9,8792.550000000001,161721767.89999995
2025-08-01 10:21:43 AM,976.95,1,976.95,161722744.84999993
2025-08-01 10:21:44 AM,976.55,0,0.0,161722744.84999993
2025-08-01 10:21:47 AM,976.35,0,0.0,161722744.84999993
2025-08-01 10:21:47 AM,976.35,132,128878.2,161851623.04999992
2025-08-01 10:21:59 AM,976.0,25,24400.0,161876023.04999992
2025-08-01 10:22:02 AM,976.5,0,0.0,161876023.04999992
2025-08-01 10:22:04 AM,976.5,100,97650.0,161973673.04999992
2025-08-01 10:22:39 AM,976.5,180,175770.0,162149443.04999992
2025-08-01 10:22:44 AM,976.7,0,0.0,162149443.04999992
2025-08-01 10:22:44 AM,976.7,100,97670.0,162247113.04999992
2025-08-01 10:22:56 AM,976.85,0,0.0,162247113.04999992
2025-08-01 10:22:57 AM,976.85,1,976.85,162248089.89999992
2025-08-01 10:23:04 AM,976.5,0,0.0,162248089.89999992
2025-08-01 10:23:06 AM,976.25,137,133746.25,162381836.14999992
2025-08-01 10:23:12 AM,976.25,1,976.25,162382812.39999992
2025-08-01 10:23:19 AM,975.7,0,0.0,162382812.39999992
2025-08-01 10:23:20 AM,975.7,502,489801.4,162872613.79999992
2025-08-01 10:23:22 AM,975.6,0,0.0,162872613.79999992
2025-08-01 10:23:23 AM,975.6,53,51706.8,162924320.59999993
2025-08-01 10:23:26 AM,975.6,13,12682.800000000001,162937003.39999995
2025-08-01 10:23:29 AM,975.6,100,97560.0,163034563.39999995
2025-08-01 10:23:32 AM,975.6,10,9756.0,163044319.39999995
2025-08-01 10:23:41 AM,976.1,0,0.0,163044319.39999995
2025-08-01 10:23:43 AM,976.1,500,488050.0,163532369.39999995
2025-08-01 10:23:45 AM,975.6,1,975.6,163533344.99999994
2025-08-01 10:23:49 AM,976.05,1,976.05,163534321.04999995
2025-08-01 10:24:04 AM,976.0,0,0.0,163534321.04999995
2025-08-01 10:24:06 AM,976.05,1387,1353781.3499999999,164888102.39999995
2025-08-01 10:24:22 AM,976.05,1,976.05,164889078.44999996
2025-08-01 10:24:26 AM,976.45,0,0.0,164889078.44999996
2025-08-01 10:24:28 AM,976.05,150,146407.5,165035485.94999996
2025-08-01 10:24:28 AM,975.9,0,0.0,165035485.94999996
2025-08-01 10:24:29 AM,975.9,1,975.9,165036461.84999996
2025-08-01 10:24:38 AM,976.05,1,976.05,165037437.89999998
2025-08-01 10:24:46 AM,976.05,27,26353.35,165063791.24999997
2025-08-01 10:25:04 AM,976.05,100,97605.0,165161396.24999997
2025-08-01 10:25:13 AM,976.35,0,0.0,165161396.24999997
2025-08-01 10:25:13 AM,976.35,10,9763.5,165171159.74999997
2025-08-01 10:25:16 AM,976.25,1,976.25,165172135.99999997
2025-08-01 10:25:17 AM,976.25,1,976.25,165173112.24999997
2025-08-01 10:25:23 AM,976.2,0,0.0,165173112.24999997
2025-08-01 10:25:23 AM,976.2,3,2928.6000000000004,165176040.84999996
2025-08-01 10:25:26 AM,976.5,83,81049.5,165257090.34999996
2025-08-01 10:25:28 AM,976.5,10,9765.0,165266855.34999996
2025-08-01 10:25:33 AM,976.2,0,0.0,165266855.34999996
2025-08-01 10:25:33 AM,976.2,125,122025.0,165388880.34999996
2025-08-01 10:25:41 AM,976.2,100,97620.0,165486500.34999996
2025-08-01 10:25:55 AM,976.2,37,36119.4,165522619.74999997
2025-08-01 10:26:00 AM,976.2,36,35143.200000000004,165557762.94999996
2025-08-01 10:26:03 AM,976.35,1,976.35,165558739.29999995
2025-08-01 10:26:12 AM,976.2,5,4881.0,165563620.29999995
2025-08-01 10:26:17 AM,976.35,0,0.0,165563620.29999995
2025-08-01 10:26:17 AM,976.35,54,52722.9,165616343.19999996
2025-08-01 10:26:22 AM,976.5,0,0.0,165616343.19999996
2025-08-01 10:26:22 AM,976.5,100,97650.0,165713993.19999996
2025-08-01 10:26:25 AM,976.2,0,0.0,165713993.19999996
2025-08-01 10:26:25 AM,976.2,75,73215.0,165787208.19999996
2025-08-01 10:26:27 AM,976.75,1,976.75,165788184.94999996
2025-08-01 10:26:27 AM,976.35,3,2929.05,165791113.99999997
2025-08-01 10:26:28 AM,976.95,0,0.0,165791113.99999997
2025-08-01 10:26:28 AM,976.95,6,5861.700000000001,165796975.69999996
2025-08-01 10:26:33 AM,976.75,0,0.0,165796975.69999996
2025-08-01 10:26:33 AM,976.75,20,19535.0,165816510.69999996
2025-08-01 10:26:48 AM,976.9,0,0.0,165816510.69999996
2025-08-01 10:26:48 AM,976.9,60,58614.0,165875124.69999996
2025-08-01 10:27:01 AM,976.0,380,370880.0,166246004.69999996
2025-08-01 10:27:02 AM,976.0,1,976.0,166246980.69999996
2025-08-01 10:27:05 AM,976.2,0,0.0,166246980.69999996
2025-08-01 10:27:05 AM,976.2,68,66381.6,166313362.29999995
2025-08-01 10:27:13 AM,976.0,0,0.0,166313362.29999995
2025-08-01 10:27:13 AM,976.0,8,7808.0,166321170.29999995
2025-08-01 10:27:18 AM,976.4,0,0.0,166321170.29999995
2025-08-01 10:27:18 AM,976.4,2,1952.8,166323123.09999996
2025-08-01 10:27:18 AM,976.4,1,976.4,166324099.49999997
2025-08-01 10:27:20 AM,976.0,7,6832.0,166330931.49999997
2025-08-01 10:27:25 AM,976.2,5,4881.0,166335812.49999997
2025-08-01 10:27:27 AM,976.3,2,1952.6,166337765.09999996
2025-08-01 10:27:28 AM,976.3,15,14644.5,166352409.59999996
2025-08-01 10:27:30 AM,976.0,0,0.0,166352409.59999996
2025-08-01 10:27:30 AM,976.0,1,976.0,166353385.59999996
2025-08-01 10:27:31 AM,976.0,132,128832.0,166482217.59999996
2025-08-01 10:27:34 AM,976.0,25,24400.0,166506617.59999996
2025-08-01 10:27:38 AM,975.9,1,975.9,166507593.49999997
2025-08-01 10:27:39 AM,975.85,0,0.0,166507593.49999997
2025-08-01 10:27:39 AM,975.85,5,4879.25,166512472.74999997
2025-08-01 10:27:40 AM,975.1,0,0.0,166512472.74999997
2025-08-01 10:27:40 AM,975.1,150,146265.0,166658737.74999997
2025-08-01 10:27:45 AM,975.8,60,58548.0,166717285.74999997
2025-08-01 10:27:50 AM,975.85,1,975.85,166718261.59999996
2025-08-01 10:27:53 AM,975.1,200,195020.0,166913281.59999996
2025-08-01 10:28:02 AM,975.1,110,107261.0,167020542.59999996
2025-08-01 10:28:05 AM,975.0,0,0.0,167020542.59999996
2025-08-01 10:28:05 AM,975.0,500,487500.0,167508042.59999996
2025-08-01 10:28:15 AM,975.1,0,0.0,167508042.59999996
2025-08-01 10:28:15 AM,975.1,2,1950.2,167509992.79999995
2025-08-01 10:28:16 AM,975.1,100,97510.0,167607502.79999995
2025-08-01 10:28:25 AM,975.4,2,1950.8,167609453.59999996
2025-08-01 10:28:28 AM,975.1,0,0.0,167609453.59999996
2025-08-01 10:28:28 AM,975.1,3,2925.3,167612378.89999998
2025-08-01 10:28:36 AM,975.35,0,0.0,167612378.89999998
2025-08-01 10:28:36 AM,975.35,10,9753.5,167622132.39999998
2025-08-01 10:28:38 AM,975.05,272,265213.6,167887345.99999997
2025-08-01 10:28:41 AM,975.0,0,0.0,167887345.99999997
2025-08-01 10:28:41 AM,975.0,1300,1267500.0,169154845.99999997
2025-08-01 10:28:46 AM,974.85,0,0.0,169154845.99999997
2025-08-01 10:28:46 AM,974.85,117,114057.45,169268903.44999996
2025-08-01 10:28:47 AM,974.95,0,0.0,169268903.44999996
2025-08-01 10:28:47 AM,974.95,5,4874.75,169273778.19999996
2025-08-01 10:28:49 AM,974.9,0,0.0,169273778.19999996
2025-08-01 10:28:49 AM,974.9,35,34121.5,169307899.69999996
2025-08-01 10:28:49 AM,974.85,0,0.0,169307899.69999996
2025-08-01 10:28:49 AM,974.85,1,974.85,169308874.54999995
2025-08-01 10:28:54 AM,974.7,120,116964.0,169425838.54999995
2025-08-01 10:28:56 AM,974.5,172,167614.0,169593452.54999995
2025-08-01 10:28:57 AM,974.9,0,0.0,169593452.54999995
2025-08-01 10:28:57 AM,974.9,5,4874.5,169598327.04999995
2025-08-01 10:28:59 AM,974.5,0,0.0,169598327.04999995
2025-08-01 10:28:59 AM,974.5,30,29235.0,169627562.04999995
2025-08-01 10:29:06 AM,974.5,63,61393.5,169688955.54999995
2025-08-01 10:29:08 AM,974.4,0,0.0,169688955.54999995
2025-08-01 10:29:09 AM,974.4,97,94516.8,169783472.34999996
2025-08-01 10:29:12 AM,974.4,45,43848.0,169827320.34999996
2025-08-01 10:29:14 AM,974.5,0,0.0,169827320.34999996
2025-08-01 10:29:15 AM,974.5,11,10719.5,169838039.84999996
2025-08-01 10:29:34 AM,974.45,0,0.0,169838039.84999996
2025-08-01 10:29:34 AM,974.45,1,974.45,169839014.29999995
2025-08-01 10:29:38 AM,974.5,0,0.0,169839014.29999995
2025-08-01 10:29:40 AM,974.5,70,68215.0,169907229.29999995
2025-08-01 10:29:42 AM,974.55,0,0.0,169907229.29999995
2025-08-01 10:29:42 AM,974.85,49,47767.65,169954996.94999996
2025-08-01 10:29:45 AM,974.6,17,16568.2,169971565.14999995
2025-08-01 10:29:56 AM,974.5,0,0.0,169971565.14999995
2025-08-01 10:29:56 AM,974.5,400,389800.0,170361365.14999995
2025-08-01 10:29:58 AM,974.9,0,0.0,170361365.14999995
2025-08-01 10:29:59 AM,974.9,3,2924.7,170364289.84999993
2025-08-01 10:30:02 AM,974.4,0,0.0,170364289.84999993
2025-08-01 10:30:02 AM,974.4,551,536894.4,170901184.24999994
2025-08-01 10:30:13 AM,974.6,23,22415.8,170923600.04999995
2025-08-01 10:30:16 AM,974.6,66,64323.6,170987923.64999995
2025-08-01 10:30:27 AM,974.7,35,34114.5,171022038.14999995
2025-08-01 10:30:30 AM,974.9,2,1949.8,171023987.94999996
2025-08-01 10:30:33 AM,974.7,66,64330.200000000004,171088318.14999995
2025-08-01 10:30:37 AM,974.9,0,0.0,171088318.14999995
2025-08-01 10:30:39 AM,974.7,21,20468.7,171108786.84999993
2025-08-01 10:30:47 AM,974.7,10,9747.0,171118533.84999993
2025-08-01 10:30:56 AM,974.7,2,1949.4,171120483.24999994
2025-08-01 10:30:58 AM,975.0,220,214500.0,171334983.24999994
2025-08-01 10:31:04 AM,974.7,12,11696.400000000001,171346679.64999995
2025-08-01 10:31:11 AM,974.95,0,0.0,171346679.64999995
2025-08-01 10:31:13 AM,975.0,0,0.0,171346679.64999995
2025-08-01 10:31:14 AM,975.0,26,25350.0,171372029.64999995
2025-08-01 10:31:16 AM,975.0,2,1950.0,171373979.64999995
2025-08-01 10:31:22 AM,975.65,238,232204.69999999998,171606184.34999993
2025-08-01 10:31:25 AM,975.65,10,9756.5,171615940.84999993
2025-08-01 10:31:29 AM,975.7,0,0.0,171615940.84999993
2025-08-01 10:31:30 AM,975.7,262,255633.40000000002,171871574.24999994
2025-08-01 10:31:33 AM,975.7,100,97570.0,171969144.24999994
2025-08-01 10:31:38 AM,975.85,58,56599.3,172025743.54999995
2025-08-01 10:31:47 AM,975.85,54,52695.9,172078439.44999996
2025-08-01 10:31:53 AM,975.85,100,97585.0,172176024.44999996
2025-08-01 10:32:09 AM,975.85,597,582582.4500000001,172758606.89999995
2025-08-01 10:32:13 AM,975.85,9,8782.65,172767389.54999995
2025-08-01 10:32:15 AM,975.9,0,0.0,172767389.54999995
2025-08-01 10:32:16 AM,975.9,50,48795.0,172816184.54999995
2025-08-01 10:32:19 AM,975.9,23,22445.7,172838630.24999994
2025-08-01 10:32:23 AM,976.3,0,0.0,172838630.24999994
2025-08-01 10:32:23 AM,976.3,1,976.3,172839606.54999995
2025-08-01 10:32:32 AM,975.65,0,0.0,172839606.54999995
2025-08-01 10:32:32 AM,975.65,435,424407.75,173264014.29999995
2025-08-01 10:32:35 AM,975.45,0,0.0,173264014.29999995
2025-08-01 10:32:35 AM,975.45,28,27312.600000000002,173291326.89999995
2025-08-01 10:32:50 AM,975.75,0,0.0,173291326.89999995
2025-08-01 10:32:50 AM,975.75,10,9757.5,173301084.39999995
2025-08-01 10:32:56 AM,975.95,0,0.0,173301084.39999995
2025-08-01 10:32:56 AM,975.95,2,1951.9,173303036.29999995
2025-08-01 10:33:13 AM,975.7,20,19514.0,173322550.29999995
2025-08-01 10:33:15 AM,975.45,0,0.0,173322550.29999995
2025-08-01 10:33:15 AM,975.45,27,26337.15,173348887.44999996
2025-08-01 10:33:26 AM,975.7,1,975.7,173349863.14999995
2025-08-01 10:33:26 AM,975.7,5,4878.5,173354741.64999995
2025-08-01 10:33:29 AM,975.85,50,48792.5,173403534.14999995
2025-08-01 10:33:33 AM,975.9,0,0.0,173403534.14999995
2025-08-01 10:33:33 AM,975.6,4,3902.4,173407436.54999995
2025-08-01 10:33:43 AM,975.6,109,106340.40000000001,173513776.94999996
2025-08-01 10:33:44 AM,975.15,0,0.0,173513776.94999996
2025-08-01 10:33:44 AM,975.15,271,264265.64999999997,173778042.59999996
2025-08-01 10:33:45 AM,975.1,0,0.0,173778042.59999996
2025-08-01 10:33:45 AM,975.1,25,24377.5,173802420.09999996
2025-08-01 10:33:59 AM,976.1,20,19522.0,173821942.09999996
2025-08-01 10:34:04 AM,975.65,0,0.0,173821942.09999996
2025-08-01 10:34:06 AM,975.65,2,1951.3,173823893.39999998
2025-08-01 10:34:08 AM,976.1,0,0.0,173823893.39999998
2025-08-01 10:34:08 AM,976.1,1,976.1,173824869.49999997
2025-08-01 10:34:23 AM,976.0,30,29280.0,173854149.49999997
2025-08-01 10:34:24 AM,976.1,0,0.0,173854149.49999997
2025-08-01 10:34:25 AM,975.7,26,25368.2,173879517.69999996
2025-08-01 10:34:33 AM,976.1,0,0.0,173879517.69999996
2025-08-01 10:34:34 AM,976.1,18,17569.8,173897087.49999997
2025-08-01 10:34:45 AM,976.2,0,0.0,173897087.49999997
2025-08-01 10:34:45 AM,976.2,1,976.2,173898063.69999996
2025-08-01 10:34:54 AM,976.05,2,1952.1,173900015.79999995
2025-08-01 10:34:57 AM,975.6,0,0.0,173900015.79999995
2025-08-01 10:34:57 AM,975.6,247,240973.2,174140988.99999994
2025-08-01 10:35:04 AM,975.7,58,56590.600000000006,174197579.59999993
2025-08-01 10:35:13 AM,975.25,0,0.0,174197579.59999993
2025-08-01 10:35:13 AM,975.25,20,19505.0,174217084.59999993
2025-08-01 10:35:21 AM,975.7,0,0.0,174217084.59999993
2025-08-01 10:35:21 AM,975.7,2,1951.4,174219035.99999994
2025-08-01 10:35:31 AM,975.8,0,0.0,174219035.99999994
2025-08-01 10:35:31 AM,975.8,1,975.8,174220011.79999995
2025-08-01 10:35:35 AM,975.8,1,975.8,174220987.59999996
2025-08-01 10:35:41 AM,975.7,0,0.0,174220987.59999996
2025-08-01 10:35:42 AM,975.7,249,242949.30000000002,174463936.89999998
2025-08-01 10:35:50 AM,975.05,0,0.0,174463936.89999998
2025-08-01 10:35:50 AM,975.05,37,36076.85,174500013.74999997
2025-08-01 10:35:56 AM,975.05,2,1950.1,174501963.84999996
2025-08-01 10:36:16 AM,975.55,1,975.55,174502939.39999998
2025-08-01 10:36:21 AM,975.55,4,3902.2,174506841.59999996
2025-08-01 10:36:29 AM,975.0,0,0.0,174506841.59999996
2025-08-01 10:36:29 AM,975.0,2085,2032875.0,176539716.59999996
2025-08-01 10:36:32 AM,975.0,3315,3232125.0,179771841.59999996
2025-08-01 10:36:33 AM,975.6,0,0.0,179771841.59999996
2025-08-01 10:36:35 AM,975.6,64,62438.4,179834279.99999997
2025-08-01 10:36:39 AM,975.25,0,0.0,179834279.99999997
2025-08-01 10:36:40 AM,975.25,50,48762.5,179883042.49999997
2025-08-01 10:36:43 AM,975.7,0,0.0,179883042.49999997
2025-08-01 10:36:43 AM,975.7,21,20489.7,179903532.19999996
2025-08-01 10:36:49 AM,975.7,56,54639.200000000004,179958171.39999995
2025-08-01 10:36:54 AM,975.7,3,2927.1000000000004,179961098.49999994
2025-08-01 10:36:56 AM,975.35,100,97535.0,180058633.49999994
2025-08-01 10:37:07 AM,975.7,0,0.0,180058633.49999994
2025-08-01 10:37:07 AM,975.7,1,975.7,180059609.19999993
2025-08-01 10:37:13 AM,975.7,25,24392.5,180084001.69999993
2025-08-01 10:37:16 AM,975.7,63,61469.100000000006,180145470.79999992
2025-08-01 10:37:18 AM,975.6,396,386337.60000000003,180531808.39999992
2025-08-01 10:37:28 AM,975.7,0,0.0,180531808.39999992
2025-08-01 10:37:30 AM,975.7,4,3902.8,180535711.19999993
2025-08-01 10:38:01 AM,975.7,26,25368.2,180561079.39999992
2025-08-01 10:38:10 AM,975.85,12,11710.2,180572789.5999999
2025-08-01 10:38:13 AM,975.7,0,0.0,180572789.5999999
2025-08-01 10:38:13 AM,975.7,2,1951.4,180574740.9999999
2025-08-01 10:38:18 AM,975.85,0,0.0,180574740.9999999
2025-08-01 10:38:19 AM,975.85,1,975.85,180575716.8499999
2025-08-01 10:38:22 AM,975.7,0,0.0,180575716.8499999
2025-08-01 10:38:22 AM,975.7,244,238070.80000000002,180813787.64999992
2025-08-01 10:38:26 AM,975.7,8,7805.6,180821593.2499999
2025-08-01 10:38:28 AM,975.7,54,52687.8,180874281.04999992
2025-08-01 10:38:32 AM,975.7,100,97570.0,180971851.04999992
2025-08-01 10:38:34 AM,975.45,534,520890.30000000005,181492741.34999993
2025-08-01 10:38:46 AM,975.35,36,35112.6,181527853.94999993
2025-08-01 10:38:49 AM,975.1,235,229148.5,181757002.44999993
2025-08-01 10:39:02 AM,975.0,0,0.0,181757002.44999993
2025-08-01 10:39:02 AM,974.95,104,101394.8,181858397.24999994
2025-08-01 10:39:05 AM,974.95,120,116994.0,181975391.24999994
2025-08-01 10:39:08 AM,974.7,0,0.0,181975391.24999994
2025-08-01 10:39:08 AM,974.7,5,4873.5,181980264.74999994
2025-08-01 10:39:22 AM,974.7,78,76026.6,182056291.34999993
2025-08-01 10:39:27 AM,974.4,0,0.0,182056291.34999993
2025-08-01 10:39:28 AM,974.65,9,8771.85,182065063.19999993
2025-08-01 10:39:31 AM,974.4,40,38976.0,182104039.19999993
2025-08-01 10:39:39 AM,974.4,4,3897.6,182107936.79999992
2025-08-01 10:39:42 AM,974.4,15,14616.0,182122552.79999992
2025-08-01 10:39:45 AM,974.2,0,0.0,182122552.79999992
2025-08-01 10:39:45 AM,974.2,45,43839.0,182166391.79999992
2025-08-01 10:39:47 AM,974.4,0,0.0,182166391.79999992
2025-08-01 10:39:47 AM,974.4,541,527150.4,182693542.19999993
2025-08-01 10:40:09 AM,974.4,16,15590.4,182709132.59999993
2025-08-01 10:40:19 AM,974.6,0,0.0,182709132.59999993
2025-08-01 10:40:21 AM,974.6,1,974.6,182710107.19999993
2025-08-01 10:40:37 AM,974.1,0,0.0,182710107.19999993
2025-08-01 10:40:37 AM,974.1,110,107151.0,182817258.19999993
2025-08-01 10:40:41 AM,974.35,0,0.0,182817258.19999993
2025-08-01 10:40:43 AM,974.35,1,974.35,182818232.54999992
2025-08-01 10:41:15 AM,974.6,0,0.0,182818232.54999992
2025-08-01 10:41:16 AM,974.6,10,9746.0,182827978.54999992
2025-08-01 10:41:21 AM,974.4,201,195854.4,183023832.94999993
2025-08-01 10:41:22 AM,974.3,0,0.0,183023832.94999993
2025-08-01 10:41:24 AM,974.4,0,0.0,183023832.94999993
2025-08-01 10:41:25 AM,974.1,0,0.0,183023832.94999993
2025-08-01 10:41:25 AM,973.8,243,236633.4,183260466.34999993
2025-08-01 10:41:32 AM,974.15,2,1948.3,183262414.64999995
2025-08-01 10:41:37 AM,973.8,0,0.0,183262414.64999995
2025-08-01 10:41:38 AM,973.8,10,9738.0,183272152.64999995
2025-08-01 10:41:43 AM,973.8,22,21423.6,183293576.24999994
2025-08-01 10:41:49 AM,973.5,1398,1360953.0,184654529.24999994
2025-08-01 10:41:51 AM,973.45,0,0.0,184654529.24999994
2025-08-01 10:41:53 AM,973.45,137,133362.65,184787891.89999995
2025-08-01 10:41:53 AM,973.05,0,0.0,184787891.89999995
2025-08-01 10:41:54 AM,973.05,7,6811.349999999999,184794703.24999994
2025-08-01 10:41:57 AM,973.55,0,0.0,184794703.24999994
2025-08-01 10:41:57 AM,973.1,0,0.0,184794703.24999994
2025-08-01 10:41:58 AM,973.1,47,45735.700000000004,184840438.94999993
2025-08-01 10:42:03 AM,973.45,100,97345.0,184937783.94999993
2025-08-01 10:42:06 AM,973.1,1,973.1,184938757.04999992
2025-08-01 10:42:08 AM,973.55,3,2920.6499999999996,184941677.69999993
2025-08-01 10:42:09 AM,973.25,5,4866.25,184946543.94999993
2025-08-01 10:42:24 AM,973.15,0,0.0,184946543.94999993
2025-08-01 10:42:24 AM,973.15,202,196576.3,185143120.24999994
2025-08-01 10:42:32 AM,973.45,0,0.0,185143120.24999994
2025-08-01 10:42:32 AM,973.45,2,1946.9,185145067.14999995
2025-08-01 10:42:44 AM,973.45,3,2920.3500000000004,185147987.49999994
2025-08-01 10:42:45 AM,973.5,25,24337.5,185172324.99999994
2025-08-01 10:42:49 AM,973.45,0,0.0,185172324.99999994
2025-08-01 10:42:49 AM,973.45,5,4867.25,185177192.24999994
2025-08-01 10:42:54 AM,973.45,1,973.45,185178165.69999993
2025-08-01 10:42:57 AM,973.45,1,973.45,185179139.14999992
2025-08-01 10:42:58 AM,973.45,5,4867.25,185184006.39999992
2025-08-01 10:43:01 AM,973.5,0,0.0,185184006.39999992
2025-08-01 10:43:01 AM,973.5,1,973.5,185184979.89999992
2025-08-01 10:43:02 AM,973.5,427,415684.5,185600664.39999992
2025-08-01 10:43:02 AM,973.95,10,9739.5,185610403.89999992
2025-08-01 10:43:07 AM,973.15,306,297783.89999999997,185908187.79999992
2025-08-01 10:43:09 AM,973.85,0,0.0,185908187.79999992
2025-08-01 10:43:09 AM,973.85,3,2921.55,185911109.34999993
2025-08-01 10:43:16 AM,973.45,0,0.0,185911109.34999993
2025-08-01 10:43:16 AM,973.45,3,2920.3500000000004,185914029.69999993
2025-08-01 10:43:16 AM,973.45,50,48672.5,185962702.19999993
2025-08-01 10:43:23 AM,973.4,0,0.0,185962702.19999993
2025-08-01 10:43:23 AM,973.4,14,13627.6,185976329.79999992
2025-08-01 10:43:24 AM,973.45,0,0.0,185976329.79999992
2025-08-01 10:43:24 AM,973.45,256,249203.2,186225532.9999999
2025-08-01 10:43:28 AM,973.45,7,6814.150000000001,186232347.14999992
2025-08-01 10:43:35 AM,973.45,51,49645.950000000004,186281993.0999999
2025-08-01 10:43:38 AM,973.4,0,0.0,186281993.0999999
2025-08-01 10:43:38 AM,973.4,3,2920.2,186284913.2999999
2025-08-01 10:43:40 AM,973.45,0,0.0,186284913.2999999
2025-08-01 10:43:40 AM,973.45,10,9734.5,186294647.7999999
2025-08-01 10:43:57 AM,973.4,0,0.0,186294647.7999999
2025-08-01 10:43:57 AM,973.4,29,28228.6,186322876.3999999
2025-08-01 10:44:00 AM,973.45,0,0.0,186322876.3999999
2025-08-01 10:44:00 AM,973.45,5,4867.25,186327743.6499999
2025-08-01 10:44:01 AM,973.35,0,0.0,186327743.6499999
2025-08-01 10:44:01 AM,973.35,1,973.35,186328716.99999988
2025-08-01 10:44:11 AM,973.45,20,19469.0,186348185.99999988
2025-08-01 10:44:12 AM,973.75,0,0.0,186348185.99999988
2025-08-01 10:44:12 AM,973.75,1,973.75,186349159.74999988
2025-08-01 10:44:26 AM,973.45,0,0.0,186349159.74999988
2025-08-01 10:44:26 AM,973.45,2,1946.9,186351106.6499999
2025-08-01 10:44:31 AM,973.45,40,38938.0,186390044.6499999
2025-08-01 10:44:34 AM,973.45,7,6814.150000000001,186396858.7999999
2025-08-01 10:44:47 AM,973.75,10,9737.5,186406596.2999999
2025-08-01 10:44:51 AM,973.75,10,9737.5,186416333.7999999
2025-08-01 10:45:05 AM,973.55,0,0.0,186416333.7999999
2025-08-01 10:45:05 AM,973.55,20,19471.0,186435804.7999999
2025-08-01 10:45:09 AM,973.95,0,0.0,186435804.7999999
2025-08-01 10:45:11 AM,973.95,61,59410.950000000004,186495215.74999988
2025-08-01 10:45:16 AM,973.55,0,0.0,186495215.74999988
2025-08-01 10:45:16 AM,973.55,50,48677.5,186543893.24999988
2025-08-01 10:45:23 AM,973.95,0,0.0,186543893.24999988
2025-08-01 10:45:24 AM,973.95,2,1947.9,186545841.1499999
2025-08-01 10:45:27 AM,974.0,0,0.0,186545841.1499999
2025-08-01 10:45:27 AM,974.0,148,144152.0,186689993.1499999
2025-08-01 10:45:30 AM,974.0,5,4870.0,186694863.1499999
2025-08-01 10:45:32 AM,973.95,0,0.0,186694863.1499999
2025-08-01 10:45:32 AM,973.95,200,194790.0,186889653.1499999
2025-08-01 10:45:37 AM,974.0,0,0.0,186889653.1499999
2025-08-01 10:45:38 AM,974.0,2,1948.0,186891601.1499999
2025-08-01 10:45:39 AM,974.3,0,0.0,186891601.1499999
2025-08-01 10:45:40 AM,974.3,74,72098.2,186963699.34999987
2025-08-01 10:45:44 AM,974.0,0,0.0,186963699.34999987
2025-08-01 10:45:46 AM,974.0,11,10714.0,186974413.34999987
2025-08-01 10:45:56 AM,974.4,0,0.0,186974413.34999987
2025-08-01 10:45:57 AM,974.4,75,73080.0,187047493.34999987
2025-08-01 10:46:08 AM,974.0,0,0.0,187047493.34999987
2025-08-01 10:46:08 AM,974.0,93,90582.0,187138075.34999987
2025-08-01 10:46:10 AM,974.0,12,11688.0,187149763.34999987
2025-08-01 10:46:11 AM,974.1,0,0.0,187149763.34999987
2025-08-01 10:46:13 AM,973.7,0,0.0,187149763.34999987
2025-08-01 10:46:14 AM,973.7,216,210319.2,187360082.54999986
2025-08-01 10:46:16 AM,973.65,0,0.0,187360082.54999986
2025-08-01 10:46:16 AM,973.65,56,54524.4,187414606.94999987
2025-08-01 10:46:34 AM,973.55,0,0.0,187414606.94999987
2025-08-01 10:46:37 AM,973.55,101,98328.54999999999,187512935.49999988
2025-08-01 10:46:40 AM,973.5,0,0.0,187512935.49999988
2025-08-01 10:46:41 AM,973.1,0,0.0,187512935.49999988
2025-08-01 10:46:42 AM,973.1,246,239382.6,187752318.09999987
2025-08-01 10:46:47 AM,973.05,0,0.0,187752318.09999987
2025-08-01 10:46:48 AM,973.05,21,20434.05,187772752.1499999
2025-08-01 10:47:01 AM,973.4,0,0.0,187772752.1499999
2025-08-01 10:47:04 AM,973.4,1,973.4,187773725.5499999
2025-08-01 10:47:11 AM,972.3,0,0.0,187773725.5499999
2025-08-01 10:47:11 AM,972.3,1058,1028693.3999999999,188802418.9499999
2025-08-01 10:47:14 AM,972.35,0,0.0,188802418.9499999
2025-08-01 10:47:15 AM,972.9,11,10701.9,188813120.8499999
2025-08-01 10:47:16 AM,972.95,10,9729.5,188822850.3499999
2025-08-01 10:47:25 AM,973.0,84,81732.0,188904582.3499999
2025-08-01 10:47:27 AM,973.05,0,0.0,188904582.3499999
2025-08-01 10:47:27 AM,973.05,5,4865.25,188909447.5999999
2025-08-01 10:47:30 AM,973.35,0,0.0,188909447.5999999
2025-08-01 10:47:31 AM,973.35,8,7786.8,188917234.39999992
2025-08-01 10:47:32 AM,973.3,0,0.0,188917234.39999992
2025-08-01 10:47:33 AM,973.3,35,34065.5,188951299.89999992
2025-08-01 10:47:38 AM,973.2,33,32115.600000000002,188983415.4999999
2025-08-01 10:47:45 AM,973.25,0,0.0,188983415.4999999
2025-08-01 10:47:47 AM,973.25,1,973.25,188984388.7499999
2025-08-01 10:47:55 AM,972.95,0,0.0,188984388.7499999
2025-08-01 10:47:55 AM,972.95,100,97295.0,189081683.7499999
2025-08-01 10:48:00 AM,973.35,0,0.0,189081683.7499999
2025-08-01 10:48:00 AM,973.35,51,49640.85,189131324.5999999
2025-08-01 10:48:09 AM,972.95,20,19459.0,189150783.5999999
2025-08-01 10:48:10 AM,973.35,0,0.0,189150783.5999999
2025-08-01 10:48:11 AM,973.35,5,4866.75,189155650.3499999
2025-08-01 10:48:19 AM,972.95,0,0.0,189155650.3499999
2025-08-01 10:48:19 AM,972.95,160,155672.0,189311322.3499999
2025-08-01 10:48:25 AM,973.35,30,29200.5,189340522.8499999
2025-08-01 10:48:27 AM,973.35,2,1946.7,189342469.5499999
2025-08-01 10:48:32 AM,972.95,0,0.0,189342469.5499999
2025-08-01 10:48:32 AM,972.95,15,14594.25,189357063.7999999
2025-08-01 10:48:35 AM,973.3,0,0.0,189357063.7999999
2025-08-01 10:48:36 AM,973.3,1,973.3,189358037.0999999
2025-08-01 10:48:43 AM,972.95,9,8756.550000000001,189366793.64999992
2025-08-01 10:48:47 AM,972.95,1,972.95,189367766.5999999
2025-08-01 10:48:48 AM,972.15,736,715502.4,190083268.9999999
2025-08-01 10:48:54 AM,972.1,66,64158.6,190147427.5999999
2025-08-01 10:48:56 AM,972.45,0,0.0,190147427.5999999
2025-08-01 10:48:57 AM,972.1,0,0.0,190147427.5999999
2025-08-01 10:48:58 AM,972.1,2,1944.2,190149371.7999999
2025-08-01 10:49:08 AM,971.75,0,0.0,190149371.7999999
2025-08-01 10:49:09 AM,971.75,871,846394.25,190995766.0499999
2025-08-01 10:49:10 AM,971.45,0,0.0,190995766.0499999
2025-08-01 10:49:10 AM,971.45,142,137945.9,191133711.9499999
2025-08-01 10:49:14 AM,971.45,3,2914.3500000000004,191136626.2999999
2025-08-01 10:49:20 AM,972.25,592,575572.0,191712198.2999999
2025-08-01 10:49:24 AM,971.55,0,0.0,191712198.2999999
2025-08-01 10:49:25 AM,971.55,96,93268.79999999999,191805467.0999999
2025-08-01 10:49:29 AM,971.95,0,0.0,191805467.0999999
2025-08-01 10:49:30 AM,971.95,5,4859.75,191810326.8499999
2025-08-01 10:49:32 AM,971.55,0,0.0,191810326.8499999
2025-08-01 10:49:34 AM,971.95,0,0.0,191810326.8499999
2025-08-01 10:49:36 AM,971.95,328,318799.60000000003,192129126.4499999
2025-08-01 10:49:37 AM,971.3,52,50507.6,192179634.0499999
2025-08-01 10:49:38 AM,971.75,0,0.0,192179634.0499999
2025-08-01 10:49:40 AM,971.3,0,0.0,192179634.0499999
2025-08-01 10:49:41 AM,971.3,36,34966.799999999996,192214600.8499999
2025-08-01 10:49:51 AM,971.55,0,0.0,192214600.8499999
2025-08-01 10:49:51 AM,971.55,14,13601.699999999999,192228202.5499999
2025-08-01 10:49:56 AM,971.75,0,0.0,192228202.5499999
2025-08-01 10:49:57 AM,971.75,16,15548.0,192243750.5499999
2025-08-01 10:49:58 AM,971.75,24,23322.0,192267072.5499999
2025-08-01 10:50:02 AM,971.75,39,37898.25,192304970.7999999
2025-08-01 10:50:08 AM,971.75,1,971.75,192305942.5499999
2025-08-01 10:50:09 AM,971.65,0,0.0,192305942.5499999
2025-08-01 10:50:09 AM,971.65,3,2914.95,192308857.49999988
2025-08-01 10:50:13 AM,971.6,0,0.0,192308857.49999988
2025-08-01 10:50:13 AM,971.6,7,6801.2,192315658.69999987
2025-08-01 10:50:15 AM,972.0,500,486000.0,192801658.69999987
2025-08-01 10:50:25 AM,971.6,17,16517.2,192818175.89999986
2025-08-01 10:50:30 AM,971.6,8,7772.8,192825948.69999987
2025-08-01 10:50:32 AM,972.0,0,0.0,192825948.69999987
2025-08-01 10:50:33 AM,972.1,0,0.0,192825948.69999987
2025-08-01 10:50:34 AM,971.95,0,0.0,192825948.69999987
2025-08-01 10:50:36 AM,971.95,974,946679.3,193772627.99999988
2025-08-01 10:50:38 AM,972.0,0,0.0,193772627.99999988
2025-08-01 10:50:40 AM,971.9,0,0.0,193772627.99999988
2025-08-01 10:50:42 AM,971.9,110,106909.0,193879536.99999988
2025-08-01 10:50:47 AM,971.9,11,10690.9,193890227.8999999
2025-08-01 10:51:02 AM,971.75,0,0.0,193890227.8999999
2025-08-01 10:51:05 AM,971.75,10,9717.5,193899945.3999999
2025-08-01 10:51:10 AM,971.75,151,146734.25,194046679.6499999
2025-08-01 10:51:14 AM,971.6,0,0.0,194046679.6499999
2025-08-01 10:51:16 AM,971.6,7,6801.2,194053480.84999987
2025-08-01 10:51:18 AM,971.95,0,0.0,194053480.84999987
2025-08-01 10:51:21 AM,971.95,1,971.95,194054452.79999986
2025-08-01 10:51:26 AM,971.95,16,15551.2,194070003.99999985
2025-08-01 10:51:34 AM,971.6,0,0.0,194070003.99999985
2025-08-01 10:51:37 AM,971.6,25,24290.0,194094293.99999985
2025-08-01 10:51:42 AM,971.95,0,0.0,194094293.99999985
2025-08-01 10:51:43 AM,971.95,125,121493.75,194215787.74999985
2025-08-01 10:51:52 AM,971.85,0,0.0,194215787.74999985
2025-08-01 10:51:54 AM,971.85,6,5831.1,194221618.84999985
2025-08-01 10:52:20 AM,971.8,0,0.0,194221618.84999985
2025-08-01 10:52:21 AM,971.8,375,364425.0,194586043.84999985
2025-08-01 10:52:30 AM,972.4,0,0.0,194586043.84999985
2025-08-01 10:52:31 AM,972.4,1,972.4,194587016.24999985
2025-08-01 10:52:46 AM,972.0,0,0.0,194587016.24999985
2025-08-01 10:52:47 AM,972.0,1000,972000.0,195559016.24999985
2025-08-01 10:52:52 AM,971.9,0,0.0,195559016.24999985
2025-08-01 10:52:53 AM,971.9,2,1943.8,195560960.04999986
2025-08-01 10:52:54 AM,972.4,120,116688.0,195677648.04999986
2025-08-01 10:52:59 AM,971.85,6,5831.1,195683479.14999986
2025-08-01 10:53:02 AM,972.0,0,0.0,195683479.14999986
2025-08-01 10:53:03 AM,972.0,11,10692.0,195694171.14999986
2025-08-01 10:53:04 AM,972.0,990,962280.0,196656451.14999986
2025-08-01 10:53:06 AM,972.65,0,0.0,196656451.14999986
2025-08-01 10:53:08 AM,972.65,2,1945.3,196658396.44999987
2025-08-01 10:53:10 AM,971.85,2000,1943700.0,198602096.44999987
2025-08-01 10:53:34 AM,972.8,0,0.0,198602096.44999987
2025-08-01 10:53:35 AM,972.8,2,1945.6,198604042.04999986
2025-08-01 10:53:40 AM,972.8,9,8755.199999999999,198612797.24999985
2025-08-01 10:53:44 AM,973.0,0,0.0,198612797.24999985
2025-08-01 10:53:46 AM,973.0,1,973.0,198613770.24999985
2025-08-01 10:53:52 AM,972.8,0,0.0,198613770.24999985
2025-08-01 10:53:52 AM,972.8,5,4864.0,198618634.24999985
2025-08-01 10:53:56 AM,972.8,15,14592.0,198633226.24999985
2025-08-01 10:54:10 AM,972.8,20,19456.0,198652682.24999985
2025-08-01 10:54:15 AM,973.0,1,973.0,198653655.24999985
2025-08-01 10:54:17 AM,972.8,0,0.0,198653655.24999985
2025-08-01 10:54:18 AM,972.8,2,1945.6,198655600.84999985
2025-08-01 10:54:28 AM,972.9,1,972.9,198656573.74999985
2025-08-01 10:54:29 AM,973.0,0,0.0,198656573.74999985
2025-08-01 10:54:29 AM,973.0,1,973.0,198657546.74999985
2025-08-01 10:54:34 AM,972.9,0,0.0,198657546.74999985
2025-08-01 10:54:34 AM,972.9,10,9729.0,198667275.74999985
2025-08-01 10:54:35 AM,973.0,0,0.0,198667275.74999985
