date,price,qty,trnvr,cum_trnvr
2025-08-01 09:15:04 AM,1347.9,1863,2511137.7,2511137.7
2025-08-01 09:15:22 AM,1365.7,0,0.0,2511137.7
2025-08-01 09:15:26 AM,1365.7,20,27314.0,2538451.7
2025-08-01 09:15:29 AM,1364.9,0,0.0,2538451.7
2025-08-01 09:15:34 AM,1364.9,62,84623.8,2623075.5
2025-08-01 09:16:01 AM,1362.0,330,449460.0,3072535.5
2025-08-01 09:16:03 AM,1360.6,0,0.0,3072535.5
2025-08-01 09:16:07 AM,1357.1,81,109925.09999999999,3182460.6
2025-08-01 09:16:15 AM,1353.4,13,17594.2,3200054.8000000003
2025-08-01 09:17:00 AM,1353.9,0,0.0,3200054.8000000003
2025-08-01 09:17:05 AM,1355.3,133,180254.9,3380309.7
2025-08-01 09:17:21 AM,1355.2,37,50142.4,3430452.1
2025-08-01 09:17:24 AM,1362.5,0,0.0,3430452.1
2025-08-01 09:17:26 AM,1363.9,0,0.0,3430452.1
2025-08-01 09:17:29 AM,1363.9,84,114567.6,3545019.7
2025-08-01 09:17:54 AM,1364.9,2,2729.8,3547749.5
2025-08-01 09:17:58 AM,1365.6,0,0.0,3547749.5
2025-08-01 09:18:00 AM,1369.5,0,0.0,3547749.5
2025-08-01 09:18:02 AM,1369.5,219,299920.5,3847670.0
2025-08-01 09:18:19 AM,1366.2,58,79239.6,3926909.6
2025-08-01 09:18:22 AM,1367.9,0,0.0,3926909.6
2025-08-01 09:18:27 AM,1367.9,505,690789.5,4617699.1
2025-08-01 09:19:42 AM,1371.3,2,2742.6,4620441.699999999
2025-08-01 09:20:14 AM,1369.3,9,12323.699999999999,4632765.399999999
2025-08-01 09:20:18 AM,1368.2,0,0.0,4632765.399999999
2025-08-01 09:20:20 AM,1368.2,22,30100.4,4662865.8
2025-08-01 09:21:19 AM,1368.6,0,0.0,4662865.8
2025-08-01 09:21:23 AM,1368.6,24,32846.399999999994,4695712.2
2025-08-01 09:21:49 AM,1371.5,0,0.0,4695712.2
2025-08-01 09:21:54 AM,1371.5,50,68575.0,4764287.2
2025-08-01 09:22:04 AM,1371.6,0,0.0,4764287.2
2025-08-01 09:22:07 AM,1370.7,0,0.0,4764287.2
2025-08-01 09:22:09 AM,1370.7,44,60310.8,4824598.0
2025-08-01 09:22:52 AM,1368.6,0,0.0,4824598.0
2025-08-01 09:22:54 AM,1368.6,12,16423.199999999997,4841021.2
2025-08-01 09:23:08 AM,1370.2,0,0.0,4841021.2
2025-08-01 09:23:10 AM,1370.2,27,36995.4,4878016.600000001
2025-08-01 09:23:20 AM,1367.5,0,0.0,4878016.600000001
2025-08-01 09:23:25 AM,1367.5,16,21880.0,4899896.600000001
2025-08-01 09:24:11 AM,1365.8,1,1365.8,4901262.4
2025-08-01 09:24:34 AM,1366.3,13,17761.899999999998,4919024.300000001
2025-08-01 09:25:04 AM,1365.5,0,0.0,4919024.300000001
2025-08-01 09:25:06 AM,1365.5,3,4096.5,4923120.800000001
2025-08-01 09:25:40 AM,1365.4,0,0.0,4923120.800000001
2025-08-01 09:25:41 AM,1365.4,35,47789.0,4970909.800000001
2025-08-01 09:26:27 AM,1365.4,24,32769.600000000006,5003679.4
2025-08-01 09:27:49 AM,1365.4,2,2730.8,5006410.2
2025-08-01 09:28:13 AM,1365.4,3,4096.200000000001,5010506.4
2025-08-01 09:29:21 AM,1365.4,2,2730.8,5013237.2
2025-08-01 09:29:58 AM,1366.1,0,0.0,5013237.2
2025-08-01 09:29:59 AM,1366.1,25,34152.5,5047389.7
2025-08-01 09:30:04 AM,1364.4,0,0.0,5047389.7
2025-08-01 09:30:06 AM,1364.4,54,73677.6,5121067.3
2025-08-01 09:30:14 AM,1365.6,25,34140.0,5155207.3
2025-08-01 09:30:22 AM,1365.6,1,1365.6,5156572.899999999
2025-08-01 09:30:44 AM,1365.6,2,2731.2,5159304.1
2025-08-01 09:32:17 AM,1365.6,1,1365.6,5160669.699999999
2025-08-01 09:32:31 AM,1365.6,10,13656.0,5174325.699999999
2025-08-01 09:32:45 AM,1365.6,2,2731.2,5177056.899999999
2025-08-01 09:32:52 AM,1367.9,68,93017.20000000001,5270074.1
2025-08-01 09:33:32 AM,1371.0,0,0.0,5270074.1
2025-08-01 09:33:33 AM,1371.0,40,54840.0,5324914.1
2025-08-01 09:35:11 AM,1371.0,2,2742.0,5327656.1
2025-08-01 09:35:11 AM,1371.0,50,68550.0,5396206.1
2025-08-01 09:35:18 AM,1371.0,8,10968.0,5407174.1
2025-08-01 09:36:21 AM,1371.3,0,0.0,5407174.1
2025-08-01 09:36:25 AM,1371.3,1,1371.3,5408545.399999999
2025-08-01 09:36:53 AM,1371.0,0,0.0,5408545.399999999
2025-08-01 09:36:58 AM,1371.0,21,28791.0,5437336.399999999
2025-08-01 09:37:19 AM,1371.6,0,0.0,5437336.399999999
2025-08-01 09:37:19 AM,1371.6,100,137160.0,5574496.399999999
2025-08-01 09:37:59 AM,1374.8,0,0.0,5574496.399999999
2025-08-01 09:37:59 AM,1374.8,2,2749.6,5577245.999999999
2025-08-01 09:38:26 AM,1375.3,0,0.0,5577245.999999999
2025-08-01 09:38:27 AM,1375.3,2,2750.6,5579996.599999999
2025-08-01 09:38:40 AM,1375.9,27,37149.3,5617145.8999999985
2025-08-01 09:38:45 AM,1377.5,0,0.0,5617145.8999999985
2025-08-01 09:38:47 AM,1377.5,4,5510.0,5622655.8999999985
2025-08-01 09:38:53 AM,1378.0,55,75790.0,5698445.8999999985
2025-08-01 09:39:00 AM,1377.7,7,9643.9,5708089.799999999
2025-08-01 09:39:12 AM,1375.5,0,0.0,5708089.799999999
2025-08-01 09:39:14 AM,1375.5,59,81154.5,5789244.299999999
2025-08-01 09:39:20 AM,1375.0,56,77000.0,5866244.299999999
2025-08-01 09:39:26 AM,1373.5,0,0.0,5866244.299999999
2025-08-01 09:39:27 AM,1373.5,12,16482.0,5882726.299999999
2025-08-01 09:40:33 AM,1372.3,1,1372.3,5884098.599999999
2025-08-01 09:41:25 AM,1372.4,0,0.0,5884098.599999999
2025-08-01 09:41:26 AM,1372.4,1,1372.4,5885470.999999999
2025-08-01 09:41:32 AM,1372.4,53,72737.20000000001,5958208.199999999
2025-08-01 09:41:39 AM,1372.4,1,1372.4,5959580.6
2025-08-01 09:41:41 AM,1372.5,0,0.0,5959580.6
2025-08-01 09:41:45 AM,1373.3,0,0.0,5959580.6
2025-08-01 09:41:46 AM,1373.3,81,111237.3,6070817.899999999
2025-08-01 09:41:52 AM,1374.0,9,12366.0,6083183.899999999
2025-08-01 09:41:57 AM,1372.9,0,0.0,6083183.899999999
2025-08-01 09:41:58 AM,1372.9,38,52170.200000000004,6135354.1
2025-08-01 09:42:27 AM,1373.2,0,0.0,6135354.1
2025-08-01 09:42:31 AM,1373.2,5,6866.0,6142220.1
2025-08-01 09:42:55 AM,1373.9,0,0.0,6142220.1
2025-08-01 09:42:57 AM,1373.9,2,2747.8,6144967.899999999
2025-08-01 09:43:40 AM,1372.7,0,0.0,6144967.899999999
2025-08-01 09:43:43 AM,1372.7,121,166096.7,6311064.6
2025-08-01 09:43:52 AM,1372.4,0,0.0,6311064.6
2025-08-01 09:43:56 AM,1372.4,2,2744.8,6313809.399999999
2025-08-01 09:44:00 AM,1371.2,0,0.0,6313809.399999999
2025-08-01 09:44:03 AM,1371.2,10,13712.0,6327521.399999999
2025-08-01 09:44:04 AM,1370.6,0,0.0,6327521.399999999
2025-08-01 09:44:10 AM,1370.6,18,24670.8,6352192.199999999
2025-08-01 09:44:30 AM,1370.6,14,19188.399999999998,6371380.6
2025-08-01 09:45:09 AM,1369.6,8,10956.8,6382337.399999999
2025-08-01 09:45:20 AM,1367.8,0,0.0,6382337.399999999
2025-08-01 09:45:22 AM,1367.8,32,43769.6,6426106.999999999
2025-08-01 09:45:40 AM,1368.7,0,0.0,6426106.999999999
2025-08-01 09:45:41 AM,1368.7,8,10949.6,6437056.599999999
2025-08-01 09:45:57 AM,1368.8,0,0.0,6437056.599999999
2025-08-01 09:46:00 AM,1368.8,2,2737.6,6439794.199999998
2025-08-01 09:46:22 AM,1369.3,0,0.0,6439794.199999998
2025-08-01 09:46:25 AM,1369.6,0,0.0,6439794.199999998
2025-08-01 09:46:26 AM,1369.6,4,5478.4,6445272.599999999
2025-08-01 09:47:04 AM,1368.9,15,20533.5,6465806.099999999
2025-08-01 09:47:18 AM,1369.6,3,4108.799999999999,6469914.8999999985
2025-08-01 09:48:11 AM,1370.2,1,1370.2,6471285.099999999
2025-08-01 09:49:22 AM,1370.1,0,0.0,6471285.099999999
2025-08-01 09:49:25 AM,1370.1,50,68505.0,6539790.099999999
2025-08-01 09:49:28 AM,1370.6,0,0.0,6539790.099999999
2025-08-01 09:49:31 AM,1370.6,2,2741.2,6542531.299999999
2025-08-01 09:49:40 AM,1371.4,0,0.0,6542531.299999999
2025-08-01 09:49:40 AM,1371.4,3,4114.200000000001,6546645.499999999
2025-08-01 09:50:12 AM,1370.8,0,0.0,6546645.499999999
2025-08-01 09:50:12 AM,1370.8,4,5483.2,6552128.699999999
2025-08-01 09:50:18 AM,1370.4,0,0.0,6552128.699999999
2025-08-01 09:50:19 AM,1370.4,2,2740.8,6554869.499999999
2025-08-01 09:50:22 AM,1370.4,1,1370.4,6556239.899999999
2025-08-01 09:51:19 AM,1371.0,9,12339.0,6568578.899999999
2025-08-01 09:51:32 AM,1371.2,0,0.0,6568578.899999999
2025-08-01 09:51:33 AM,1371.2,2,2742.4,6571321.3
2025-08-01 09:51:37 AM,1372.2,1,1372.2,6572693.5
2025-08-01 09:51:46 AM,1372.6,0,0.0,6572693.5
2025-08-01 09:51:49 AM,1372.7,0,0.0,6572693.5
2025-08-01 09:51:50 AM,1372.7,2,2745.4,6575438.9
2025-08-01 09:52:00 AM,1373.2,0,0.0,6575438.9
2025-08-01 09:52:02 AM,1373.2,1,1373.2,6576812.100000001
2025-08-01 09:52:29 AM,1373.4,0,0.0,6576812.100000001
2025-08-01 09:52:29 AM,1373.4,2,2746.8,6579558.9
2025-08-01 09:52:38 AM,1373.3,0,0.0,6579558.9
2025-08-01 09:52:39 AM,1373.3,1,1373.3,6580932.2
2025-08-01 09:52:59 AM,1373.4,0,0.0,6580932.2
2025-08-01 09:52:59 AM,1373.4,1,1373.4,6582305.600000001
2025-08-01 09:53:17 AM,1372.7,1,1372.7,6583678.300000001
2025-08-01 09:53:22 AM,1372.7,1,1372.7,6585051.000000001
2025-08-01 09:53:36 AM,1373.2,0,0.0,6585051.000000001
2025-08-01 09:53:40 AM,1373.2,1,1373.2,6586424.200000001
2025-08-01 09:53:51 AM,1372.7,0,0.0,6586424.200000001
2025-08-01 09:53:53 AM,1372.7,1,1372.7,6587796.900000001
2025-08-01 09:53:57 AM,1373.0,0,0.0,6587796.900000001
2025-08-01 09:53:59 AM,1373.0,3,4119.0,6591915.900000001
2025-08-01 09:54:18 AM,1373.0,43,59039.0,6650954.900000001
2025-08-01 09:54:30 AM,1373.0,8,10984.0,6661938.900000001
2025-08-01 09:54:42 AM,1373.0,49,67277.0,6729215.900000001
2025-08-01 09:55:17 AM,1372.4,1,1372.4,6730588.300000002
2025-08-01 09:56:24 AM,1373.0,0,0.0,6730588.300000002
2025-08-01 09:56:24 AM,1373.0,150,205950.0,6936538.300000002
2025-08-01 09:56:30 AM,1373.4,53,72790.20000000001,7009328.500000002
2025-08-01 09:56:50 AM,1374.1,0,0.0,7009328.500000002
2025-08-01 09:56:50 AM,1374.9,0,0.0,7009328.500000002
2025-08-01 09:56:53 AM,1375.3,0,0.0,7009328.500000002
2025-08-01 09:56:54 AM,1375.3,21,28881.3,7038209.800000002
2025-08-01 09:57:07 AM,1376.2,26,35781.200000000004,7073991.000000002
2025-08-01 09:57:17 AM,1373.1,26,35700.6,7109691.6000000015
2025-08-01 09:57:23 AM,1373.1,11,15104.099999999999,7124795.700000001
2025-08-01 09:57:34 AM,1373.1,1,1373.1,7126168.800000001
2025-08-01 09:57:37 AM,1373.1,1,1373.1,7127541.9
2025-08-01 09:57:43 AM,1373.1,1,1373.1,7128915.0
2025-08-01 09:57:47 AM,1373.1,1,1373.1,7130288.1
2025-08-01 09:58:01 AM,1373.0,0,0.0,7130288.1
2025-08-01 09:58:01 AM,1373.0,5,6865.0,7137153.1
2025-08-01 09:58:29 AM,1371.0,57,78147.0,7215300.1
2025-08-01 09:58:43 AM,1370.8,0,0.0,7215300.1
2025-08-01 09:58:44 AM,1370.8,1,1370.8,7216670.899999999
2025-08-01 09:58:47 AM,1369.5,0,0.0,7216670.899999999
2025-08-01 09:58:47 AM,1369.5,5,6847.5,7223518.399999999
2025-08-01 09:58:50 AM,1369.5,4,5478.0,7228996.399999999
2025-08-01 09:58:53 AM,1369.5,1,1369.5,7230365.899999999
2025-08-01 09:59:51 AM,1370.3,0,0.0,7230365.899999999
2025-08-01 09:59:52 AM,1370.3,2,2740.6,7233106.499999999
2025-08-01 10:00:35 AM,1370.1,0,0.0,7233106.499999999
2025-08-01 10:00:36 AM,1370.1,4,5480.4,7238586.899999999
2025-08-01 10:01:18 AM,1370.2,4,5480.8,7244067.699999999
2025-08-01 10:02:42 AM,1370.6,6,8223.599999999999,7252291.299999999
2025-08-01 10:03:16 AM,1370.8,1,1370.8,7253662.099999999
2025-08-01 10:03:34 AM,1372.1,3,4116.299999999999,7257778.3999999985
2025-08-01 10:04:13 AM,1372.1,1,1372.1,7259150.499999998
2025-08-01 10:05:21 AM,1371.8,3,4115.4,7263265.8999999985
2025-08-01 10:05:34 AM,1371.4,0,0.0,7263265.8999999985
2025-08-01 10:05:34 AM,1371.4,75,102855.0,7366120.8999999985
2025-08-01 10:05:44 AM,1372.2,11,15094.2,7381215.099999999
2025-08-01 10:06:09 AM,1372.9,0,0.0,7381215.099999999
2025-08-01 10:06:10 AM,1372.9,2,2745.8,7383960.8999999985
2025-08-01 10:06:56 AM,1373.0,1,1373.0,7385333.8999999985
2025-08-01 10:07:33 AM,1373.0,19,26087.0,7411420.8999999985
2025-08-01 10:07:41 AM,1372.0,9,12348.0,7423768.8999999985
2025-08-01 10:07:49 AM,1371.1,0,0.0,7423768.8999999985
2025-08-01 10:07:51 AM,1371.1,14,19195.399999999998,7442964.299999999
2025-08-01 10:08:03 AM,1369.6,0,0.0,7442964.299999999
2025-08-01 10:08:04 AM,1369.6,19,26022.399999999998,7468986.699999999
2025-08-01 10:08:25 AM,1369.2,0,0.0,7468986.699999999
2025-08-01 10:08:28 AM,1369.2,4,5476.8,7474463.499999999
2025-08-01 10:08:55 AM,1367.2,0,0.0,7474463.499999999
2025-08-01 10:08:58 AM,1367.2,332,453910.4,7928373.899999999
2025-08-01 10:09:01 AM,1366.5,0,0.0,7928373.899999999
2025-08-01 10:09:04 AM,1366.5,1,1366.5,7929740.399999999
2025-08-01 10:09:07 AM,1368.4,0,0.0,7929740.399999999
2025-08-01 10:09:09 AM,1369.2,0,0.0,7929740.399999999
2025-08-01 10:09:10 AM,1369.2,81,110905.2,8040645.6
2025-08-01 10:09:47 AM,1368.5,1,1368.5,8042014.1
2025-08-01 10:10:21 AM,1367.0,0,0.0,8042014.1
2025-08-01 10:10:21 AM,1367.0,2,2734.0,8044748.1
2025-08-01 10:10:25 AM,1367.3,1,1367.3,8046115.399999999
2025-08-01 10:10:44 AM,1367.5,2,2735.0,8048850.399999999
2025-08-01 10:11:48 AM,1368.8,0,0.0,8048850.399999999
2025-08-01 10:11:48 AM,1368.8,4,5475.2,8054325.6
2025-08-01 10:13:46 AM,1368.5,2,2737.0,8057062.6
2025-08-01 10:15:24 AM,1370.4,0,0.0,8057062.6
2025-08-01 10:15:24 AM,1370.4,10,13704.0,8070766.6
2025-08-01 10:15:53 AM,1370.0,0,0.0,8070766.6
2025-08-01 10:15:54 AM,1370.0,12,16440.0,8087206.6
2025-08-01 10:19:10 AM,1370.0,48,65760.0,8152966.6
2025-08-01 10:19:13 AM,1371.2,0,0.0,8152966.6
2025-08-01 10:19:16 AM,1371.2,2,2742.4,8155709.0
2025-08-01 10:21:29 AM,1372.0,10,13720.0,8169429.0
2025-08-01 10:24:30 AM,1372.5,0,0.0,8169429.0
2025-08-01 10:24:30 AM,1372.5,2,2745.0,8172174.0
2025-08-01 10:25:04 AM,1372.1,0,0.0,8172174.0
2025-08-01 10:25:05 AM,1372.1,1,1372.1,8173546.1
2025-08-01 10:26:04 AM,1373.9,0,0.0,8173546.1
2025-08-01 10:26:04 AM,1373.9,100,137390.0,8310936.1
2025-08-01 10:26:37 AM,1372.7,0,0.0,8310936.1
2025-08-01 10:26:39 AM,1372.7,1,1372.7,8312308.8
2025-08-01 10:27:51 AM,1372.0,0,0.0,8312308.8
2025-08-01 10:27:51 AM,1372.0,130,178360.0,8490668.8
2025-08-01 10:27:56 AM,1371.2,0,0.0,8490668.8
2025-08-01 10:27:57 AM,1371.2,7,9598.4,8500267.200000001
2025-08-01 10:29:11 AM,1372.1,0,0.0,8500267.200000001
2025-08-01 10:29:11 AM,1372.1,2,2744.2,8503011.4
2025-08-01 10:29:53 AM,1371.2,33,45249.6,8548261.0
2025-08-01 10:31:26 AM,1370.1,0,0.0,8548261.0
2025-08-01 10:31:27 AM,1370.1,1,1370.1,8549631.1
2025-08-01 10:33:00 AM,1370.9,0,0.0,8549631.1
2025-08-01 10:33:01 AM,1370.9,2,2741.8,8552372.9
2025-08-01 10:33:47 AM,1371.0,0,0.0,8552372.9
2025-08-01 10:33:48 AM,1371.0,2,2742.0,8555114.9
2025-08-01 10:35:11 AM,1372.5,0,0.0,8555114.9
2025-08-01 10:35:11 AM,1372.2,40,54888.0,8610002.9
2025-08-01 10:35:19 AM,1372.3,0,0.0,8610002.9
2025-08-01 10:35:22 AM,1372.3,11,15095.3,8625098.200000001
2025-08-01 10:35:24 AM,1372.2,0,0.0,8625098.200000001
2025-08-01 10:35:24 AM,1372.2,5,6861.0,8631959.200000001
2025-08-01 10:36:31 AM,1372.1,5,6860.5,8638819.700000001
2025-08-01 10:37:15 AM,1372.1,1,1372.1,8640191.8
2025-08-01 10:37:37 AM,1372.6,0,0.0,8640191.8
2025-08-01 10:37:38 AM,1372.6,43,59021.799999999996,8699213.600000001
2025-08-01 10:38:22 AM,1372.2,0,0.0,8699213.600000001
2025-08-01 10:38:22 AM,1372.2,2,2744.4,8701958.000000002
2025-08-01 10:38:28 AM,1372.4,0,0.0,8701958.000000002
2025-08-01 10:38:28 AM,1372.4,3,4117.200000000001,8706075.200000001
2025-08-01 10:38:31 AM,1371.2,0,0.0,8706075.200000001
2025-08-01 10:38:31 AM,1371.2,9,12340.800000000001,8718416.000000002
2025-08-01 10:38:34 AM,1373.9,0,0.0,8718416.000000002
2025-08-01 10:38:34 AM,1373.9,201,276153.9,8994569.900000002
2025-08-01 10:38:39 AM,1374.5,0,0.0,8994569.900000002
2025-08-01 10:38:40 AM,1375.8,0,0.0,8994569.900000002
2025-08-01 10:38:40 AM,1375.8,13,17885.399999999998,9012455.300000003
2025-08-01 10:38:45 AM,1376.3,2,2752.6,9015207.900000002
2025-08-01 10:38:48 AM,1376.4,0,0.0,9015207.900000002
2025-08-01 10:38:48 AM,1376.4,166,228482.40000000002,9243690.300000003
2025-08-01 10:38:52 AM,1378.0,0,0.0,9243690.300000003
2025-08-01 10:38:54 AM,1378.0,3,4134.0,9247824.300000003
2025-08-01 10:38:59 AM,1378.0,97,133666.0,9381490.300000003
2025-08-01 10:39:04 AM,1379.0,0,0.0,9381490.300000003
2025-08-01 10:39:05 AM,1379.0,3,4137.0,9385627.300000003
2025-08-01 10:39:10 AM,1379.0,2,2758.0,9388385.300000003
2025-08-01 10:39:16 AM,1379.0,3,4137.0,9392522.300000003
2025-08-01 10:39:19 AM,1379.4,0,0.0,9392522.300000003
2025-08-01 10:39:19 AM,1379.4,113,155872.2,9548394.500000002
2025-08-01 10:39:22 AM,1378.0,53,73034.0,9621428.500000002
2025-08-01 10:39:22 AM,1378.3,0,0.0,9621428.500000002
2025-08-01 10:39:24 AM,1378.3,21,28944.3,9650372.800000003
2025-08-01 10:39:28 AM,1378.4,0,0.0,9650372.800000003
2025-08-01 10:39:30 AM,1378.4,3,4135.200000000001,9654508.000000002
2025-08-01 10:39:33 AM,1378.7,0,0.0,9654508.000000002
2025-08-01 10:39:33 AM,1378.7,11,15165.7,9669673.700000001
2025-08-01 10:39:34 AM,1380.4,0,0.0,9669673.700000001
2025-08-01 10:39:36 AM,1380.4,2,2760.8,9672434.500000002
2025-08-01 10:39:40 AM,1380.0,0,0.0,9672434.500000002
2025-08-01 10:39:41 AM,1380.0,4,5520.0,9677954.500000002
2025-08-01 10:39:47 AM,1380.0,2,2760.0,9680714.500000002
2025-08-01 10:39:49 AM,1380.0,2,2760.0,9683474.500000002
2025-08-01 10:39:52 AM,1380.0,3,4140.0,9687614.500000002
2025-08-01 10:39:55 AM,1380.0,2,2760.0,9690374.500000002
2025-08-01 10:39:58 AM,1380.3,0,0.0,9690374.500000002
2025-08-01 10:39:58 AM,1380.3,2,2760.6,9693135.100000001
2025-08-01 10:40:04 AM,1380.9,0,0.0,9693135.100000001
2025-08-01 10:40:06 AM,1380.9,3,4142.700000000001,9697277.8
2025-08-01 10:40:09 AM,1380.0,4,5520.0,9702797.8
2025-08-01 10:40:10 AM,1381.3,0,0.0,9702797.8
2025-08-01 10:40:12 AM,1381.3,2,2762.6,9705560.4
2025-08-01 10:40:16 AM,1381.6,0,0.0,9705560.4
2025-08-01 10:40:17 AM,1380.5,0,0.0,9705560.4
2025-08-01 10:40:17 AM,1380.5,13,17946.5,9723506.9
2025-08-01 10:40:22 AM,1381.6,0,0.0,9723506.9
2025-08-01 10:40:23 AM,1381.6,3,4144.799999999999,9727651.700000001
2025-08-01 10:40:28 AM,1381.9,0,0.0,9727651.700000001
2025-08-01 10:40:28 AM,1381.9,5,6909.5,9734561.200000001
2025-08-01 10:40:34 AM,1382.0,2,2764.0,9737325.200000001
2025-08-01 10:40:42 AM,1382.3,0,0.0,9737325.200000001
2025-08-01 10:40:42 AM,1382.3,3,4146.9,9741472.100000001
2025-08-01 10:40:47 AM,1381.0,0,0.0,9741472.100000001
2025-08-01 10:40:48 AM,1379.7,0,0.0,9741472.100000001
2025-08-01 10:40:48 AM,1379.7,82,113135.40000000001,9854607.500000002
2025-08-01 10:40:52 AM,1379.8,0,0.0,9854607.500000002
2025-08-01 10:40:53 AM,1379.8,3,4139.4,9858746.900000002
2025-08-01 10:40:58 AM,1381.9,0,0.0,9858746.900000002
2025-08-01 10:40:59 AM,1381.9,30,41457.0,9900203.900000002
2025-08-01 10:41:04 AM,1379.2,42,57926.4,9958130.300000003
2025-08-01 10:41:09 AM,1378.6,0,0.0,9958130.300000003
2025-08-01 10:41:10 AM,1379.4,0,0.0,9958130.300000003
2025-08-01 10:41:10 AM,1379.4,103,142078.2,10100208.500000002
2025-08-01 10:41:16 AM,1380.6,0,0.0,10100208.500000002
2025-08-01 10:41:16 AM,1380.6,22,30373.199999999997,10130581.700000001
2025-08-01 10:41:21 AM,1381.3,2,2762.6,10133344.3
2025-08-01 10:41:27 AM,1381.0,1,1381.0,10134725.3
2025-08-01 10:41:28 AM,1381.2,0,0.0,10134725.3
2025-08-01 10:41:29 AM,1381.2,3,4143.6,10138868.9
2025-08-01 10:41:34 AM,1381.8,0,0.0,10138868.9
2025-08-01 10:41:34 AM,1381.8,12,16581.6,10155450.5
2025-08-01 10:41:37 AM,1378.9,0,0.0,10155450.5
2025-08-01 10:41:39 AM,1378.9,112,154436.80000000002,10309887.3
2025-08-01 10:41:40 AM,1379.3,0,0.0,10309887.3
2025-08-01 10:41:40 AM,1379.3,3,4137.9,10314025.200000001
2025-08-01 10:41:46 AM,1379.4,3,4138.200000000001,10318163.4
2025-08-01 10:41:51 AM,1377.8,15,20667.0,10338830.4
2025-08-01 10:41:52 AM,1378.8,0,0.0,10338830.4
2025-08-01 10:41:55 AM,1378.8,18,24818.399999999998,10363648.8
2025-08-01 10:41:59 AM,1379.4,0,0.0,10363648.8
2025-08-01 10:42:00 AM,1378.5,6,8271.0,10371919.8
2025-08-01 10:42:04 AM,1380.3,0,0.0,10371919.8
2025-08-01 10:42:06 AM,1380.3,6,8281.8,10380201.600000001
2025-08-01 10:42:10 AM,1381.6,0,0.0,10380201.600000001
2025-08-01 10:42:11 AM,1381.7,3,4145.1,10384346.700000001
2025-08-01 10:42:17 AM,1382.0,3,4146.0,10388492.700000001
2025-08-01 10:42:19 AM,1378.8,0,0.0,10388492.700000001
2025-08-01 10:42:19 AM,1378.8,96,132364.8,10520857.500000002
2025-08-01 10:42:22 AM,1378.2,0,0.0,10520857.500000002
2025-08-01 10:42:23 AM,1378.2,2,2756.4,10523613.900000002
2025-08-01 10:42:24 AM,1380.0,315,434700.0,10958313.900000002
2025-08-01 10:42:28 AM,1381.6,17,23487.199999999997,10981801.100000001
2025-08-01 10:42:34 AM,1382.0,2,2764.0,10984565.100000001
2025-08-01 10:42:40 AM,1383.0,0,0.0,10984565.100000001
2025-08-01 10:42:41 AM,1381.5,67,92560.5,11077125.600000001
2025-08-01 10:42:47 AM,1382.9,2,2765.8,11079891.400000002
2025-08-01 10:42:52 AM,1383.0,4,5532.0,11085423.400000002
2025-08-01 10:42:58 AM,1383.0,6,8298.0,11093721.400000002
2025-08-01 10:43:07 AM,1383.0,3,4149.0,11097870.400000002
2025-08-01 10:43:12 AM,1383.0,3,4149.0,11102019.400000002
2025-08-01 10:43:17 AM,1383.0,3,4149.0,11106168.400000002
2025-08-01 10:43:23 AM,1383.0,2,2766.0,11108934.400000002
2025-08-01 10:43:28 AM,1383.0,3,4149.0,11113083.400000002
2025-08-01 10:43:31 AM,1383.0,2,2766.0,11115849.400000002
2025-08-01 10:43:33 AM,1381.7,0,0.0,11115849.400000002
2025-08-01 10:43:34 AM,1381.3,289,399195.7,11515045.100000001
2025-08-01 10:43:36 AM,1378.5,218,300513.0,11815558.100000001
2025-08-01 10:43:41 AM,1380.9,0,0.0,11815558.100000001
2025-08-01 10:43:41 AM,1380.9,3,4142.700000000001,11819700.8
2025-08-01 10:43:44 AM,1381.8,0,0.0,11819700.8
2025-08-01 10:43:44 AM,1381.8,65,89817.0,11909517.8
2025-08-01 10:43:46 AM,1382.7,0,0.0,11909517.8
2025-08-01 10:43:47 AM,1382.7,11,15209.7,11924727.5
2025-08-01 10:43:49 AM,1383.7,0,0.0,11924727.5
2025-08-01 10:43:49 AM,1383.7,1,1383.7,11926111.2
2025-08-01 10:43:52 AM,1384.1,4,5536.4,11931647.6
2025-08-01 10:43:58 AM,1384.3,0,0.0,11931647.6
2025-08-01 10:44:00 AM,1384.3,2,2768.6,11934416.2
2025-08-01 10:44:04 AM,1383.1,4,5532.4,11939948.6
2025-08-01 10:44:10 AM,1384.1,2,2768.2,11942716.799999999
2025-08-01 10:44:13 AM,1383.2,19,26280.8,11968997.6
2025-08-01 10:44:16 AM,1383.4,3,4150.200000000001,11973147.799999999
2025-08-01 10:44:21 AM,1381.8,0,0.0,11973147.799999999
2025-08-01 10:44:21 AM,1381.8,4,5527.2,11978674.999999998
2025-08-01 10:44:23 AM,1382.3,0,0.0,11978674.999999998
2025-08-01 10:44:24 AM,1382.3,2,2764.6,11981439.599999998
2025-08-01 10:44:28 AM,1382.1,0,0.0,11981439.599999998
2025-08-01 10:44:29 AM,1382.1,3,4146.299999999999,11985585.899999999
2025-08-01 10:44:30 AM,1379.7,0,0.0,11985585.899999999
2025-08-01 10:44:32 AM,1379.7,29,40011.3,12025597.2
2025-08-01 10:44:34 AM,1380.3,0,0.0,12025597.2
2025-08-01 10:44:34 AM,1380.3,3,4140.9,12029738.1
2025-08-01 10:44:40 AM,1380.5,0,0.0,12029738.1
2025-08-01 10:44:40 AM,1380.5,3,4141.5,12033879.6
2025-08-01 10:44:45 AM,1380.7,2,2761.4,12036641.0
2025-08-01 10:44:52 AM,1380.4,0,0.0,12036641.0
2025-08-01 10:44:53 AM,1380.4,3,4141.200000000001,12040782.2
2025-08-01 10:44:58 AM,1380.5,0,0.0,12040782.2
2025-08-01 10:44:59 AM,1380.5,2,2761.0,12043543.2
2025-08-01 10:45:04 AM,1380.5,18,24849.0,12068392.2
2025-08-01 10:45:08 AM,1381.6,0,0.0,12068392.2
2025-08-01 10:45:10 AM,1382.3,46,63585.799999999996,12131978.0
2025-08-01 10:45:13 AM,1383.3,0,0.0,12131978.0
2025-08-01 10:45:13 AM,1383.3,8,11066.4,12143044.4
2025-08-01 10:45:16 AM,1383.9,4,5535.6,12148580.0
2025-08-01 10:45:16 AM,1382.3,0,0.0,12148580.0
2025-08-01 10:45:19 AM,1382.3,5,6911.5,12155491.5
2025-08-01 10:45:23 AM,1383.9,0,0.0,12155491.5
2025-08-01 10:45:24 AM,1383.9,3,4151.700000000001,12159643.2
2025-08-01 10:45:28 AM,1384.0,0,0.0,12159643.2
2025-08-01 10:45:29 AM,1384.0,3,4152.0,12163795.2
2025-08-01 10:45:32 AM,1384.0,228,315552.0,12479347.2
2025-08-01 10:45:34 AM,1384.1,0,0.0,12479347.2
2025-08-01 10:45:34 AM,1384.1,21,29066.1,12508413.299999999
2025-08-01 10:45:40 AM,1384.2,3,4152.6,12512565.899999999
2025-08-01 10:45:46 AM,1384.3,0,0.0,12512565.899999999
2025-08-01 10:45:48 AM,1384.3,2,2768.6,12515334.499999998
2025-08-01 10:45:53 AM,1384.4,0,0.0,12515334.499999998
2025-08-01 10:45:53 AM,1384.4,3,4153.200000000001,12519487.699999997
2025-08-01 10:45:58 AM,1384.6,0,0.0,12519487.699999997
2025-08-01 10:45:59 AM,1382.8,0,0.0,12519487.699999997
2025-08-01 10:45:59 AM,1382.8,14,19359.2,12538846.899999997
2025-08-01 10:46:04 AM,1384.1,0,0.0,12538846.899999997
2025-08-01 10:46:04 AM,1384.1,3,4152.299999999999,12542999.199999997
2025-08-01 10:46:10 AM,1384.1,2,2768.2,12545767.399999997
2025-08-01 10:46:14 AM,1382.6,0,0.0,12545767.399999997
2025-08-01 10:46:16 AM,1384.1,14,19377.399999999998,12565144.799999997
2025-08-01 10:46:22 AM,1382.5,20,27650.0,12592794.799999997
2025-08-01 10:46:28 AM,1381.7,3,4145.1,12596939.899999997
2025-08-01 10:46:29 AM,1382.1,0,0.0,12596939.899999997
2025-08-01 10:46:29 AM,1382.1,5,6910.5,12603850.399999997
2025-08-01 10:46:33 AM,1381.2,4,5524.8,12609375.199999997
2025-08-01 10:46:40 AM,1383.2,4,5532.8,12614907.999999998
2025-08-01 10:46:46 AM,1383.6,2,2767.2,12617675.199999997
2025-08-01 10:46:54 AM,1381.9,0,0.0,12617675.199999997
2025-08-01 10:46:55 AM,1381.9,7,9673.300000000001,12627348.499999998
2025-08-01 10:46:59 AM,1382.4,0,0.0,12627348.499999998
2025-08-01 10:47:01 AM,1382.4,2,2764.8,12630113.299999999
2025-08-01 10:47:04 AM,1382.9,0,0.0,12630113.299999999
2025-08-01 10:47:06 AM,1382.9,3,4148.700000000001,12634261.999999998
2025-08-01 10:47:12 AM,1382.9,2,2765.8,12637027.799999999
2025-08-01 10:47:16 AM,1383.7,0,0.0,12637027.799999999
2025-08-01 10:47:17 AM,1383.7,3,4151.1,12641178.899999999
2025-08-01 10:47:22 AM,1383.9,0,0.0,12641178.899999999
2025-08-01 10:47:22 AM,1383.9,3,4151.700000000001,12645330.599999998
2025-08-01 10:47:25 AM,1384.0,0,0.0,12645330.599999998
2025-08-01 10:47:28 AM,1384.0,34,47056.0,12692386.599999998
2025-08-01 10:47:35 AM,1384.0,2,2768.0,12695154.599999998
2025-08-01 10:47:39 AM,1382.7,0,0.0,12695154.599999998
2025-08-01 10:47:40 AM,1383.7,0,0.0,12695154.599999998
2025-08-01 10:47:41 AM,1383.7,4,5534.8,12700689.399999999
2025-08-01 10:47:46 AM,1384.0,2,2768.0,12703457.399999999
2025-08-01 10:47:52 AM,1384.2,3,4152.6,12707609.999999998
2025-08-01 10:47:58 AM,1384.4,0,0.0,12707609.999999998
2025-08-01 10:48:00 AM,1384.4,2,2768.8,12710378.799999999
2025-08-01 10:48:04 AM,1382.5,0,0.0,12710378.799999999
2025-08-01 10:48:05 AM,1382.5,23,31797.5,12742176.299999999
2025-08-01 10:48:10 AM,1383.1,0,0.0,12742176.299999999
2025-08-01 10:48:11 AM,1383.1,2,2766.2,12744942.499999998
2025-08-01 10:48:16 AM,1383.4,0,0.0,12744942.499999998
2025-08-01 10:48:16 AM,1383.4,3,4150.200000000001,12749092.699999997
2025-08-01 10:48:17 AM,1382.2,0,0.0,12749092.699999997
2025-08-01 10:48:18 AM,1382.2,1,1382.2,12750474.899999997
2025-08-01 10:48:22 AM,1383.5,0,0.0,12750474.899999997
2025-08-01 10:48:24 AM,1383.5,2,2767.0,12753241.899999997
2025-08-01 10:48:28 AM,1383.8,0,0.0,12753241.899999997
2025-08-01 10:48:29 AM,1383.8,3,4151.4,12757393.299999997
2025-08-01 10:48:34 AM,1382.1,0,0.0,12757393.299999997
2025-08-01 10:48:34 AM,1382.1,149,205932.9,12963326.199999997
2025-08-01 10:48:38 AM,1382.2,14,19350.8,12982676.999999998
2025-08-01 10:48:40 AM,1382.2,3,4146.6,12986823.599999998
2025-08-01 10:48:46 AM,1382.6,0,0.0,12986823.599999998
2025-08-01 10:48:49 AM,1382.6,3,4147.799999999999,12990971.399999999
2025-08-01 10:48:53 AM,1383.3,0,0.0,12990971.399999999
2025-08-01 10:48:54 AM,1383.3,3,4149.9,12995121.299999999
2025-08-01 10:48:58 AM,1383.2,0,0.0,12995121.299999999
2025-08-01 10:49:00 AM,1383.2,2,2766.4,12997887.7
2025-08-01 10:49:04 AM,1383.1,0,0.0,12997887.7
2025-08-01 10:49:05 AM,1381.5,0,0.0,12997887.7
2025-08-01 10:49:05 AM,1383.0,145,200535.0,13198422.7
2025-08-01 10:49:11 AM,1384.3,0,0.0,13198422.7
2025-08-01 10:49:11 AM,1384.3,2,2768.6,13201191.299999999
2025-08-01 10:49:16 AM,1384.3,3,4152.9,13205344.2
2025-08-01 10:49:18 AM,1383.0,0,0.0,13205344.2
2025-08-01 10:49:18 AM,1383.0,32,44256.0,13249600.2
2025-08-01 10:49:22 AM,1383.9,2,2767.8,13252368.0
2025-08-01 10:49:26 AM,1384.8,0,0.0,13252368.0
2025-08-01 10:49:27 AM,1382.5,2171,3001407.5,16253775.5
2025-08-01 10:49:28 AM,1382.2,0,0.0,16253775.5
2025-08-01 10:49:28 AM,1382.2,4,5528.8,16259304.3
2025-08-01 10:49:34 AM,1382.6,2,2765.2,16262069.5
2025-08-01 10:49:34 AM,1380.1,0,0.0,16262069.5
2025-08-01 10:49:36 AM,1381.9,0,0.0,16262069.5
2025-08-01 10:49:38 AM,1381.9,505,697859.5,16959929.0
2025-08-01 10:49:38 AM,1384.8,0,0.0,16959929.0
2025-08-01 10:49:39 AM,1384.8,404,559459.2,17519388.2
2025-08-01 10:49:42 AM,1383.3,0,0.0,17519388.2
2025-08-01 10:49:43 AM,1383.3,7,9683.1,17529071.3
2025-08-01 10:49:46 AM,1384.8,0,0.0,17529071.3
2025-08-01 10:49:48 AM,1384.8,28,38774.4,17567845.7
2025-08-01 10:49:53 AM,1384.8,3,4154.4,17572000.099999998
2025-08-01 10:49:55 AM,1381.8,0,0.0,17572000.099999998
2025-08-01 10:49:58 AM,1381.3,0,0.0,17572000.099999998
2025-08-01 10:49:59 AM,1381.3,189,261065.69999999998,17833065.799999997
2025-08-01 10:50:04 AM,1381.6,0,0.0,17833065.799999997
2025-08-01 10:50:05 AM,1381.6,3,4144.799999999999,17837210.599999998
2025-08-01 10:50:10 AM,1383.8,0,0.0,17837210.599999998
2025-08-01 10:50:10 AM,1383.8,24,33211.2,17870421.799999997
2025-08-01 10:50:16 AM,1384.3,3,4152.9,17874574.699999996
2025-08-01 10:50:20 AM,1383.2,0,0.0,17874574.699999996
2025-08-01 10:50:21 AM,1384.2,3,4152.6,17878727.299999997
2025-08-01 10:50:23 AM,1384.2,2,2768.4,17881495.699999996
2025-08-01 10:50:28 AM,1384.3,0,0.0,17881495.699999996
2025-08-01 10:50:28 AM,1384.3,3,4152.9,17885648.599999994
2025-08-01 10:50:33 AM,1384.3,2,2768.6,17888417.199999996
2025-08-01 10:50:38 AM,1384.3,16,22148.8,17910565.999999996
2025-08-01 10:50:43 AM,1384.2,0,0.0,17910565.999999996
2025-08-01 10:50:44 AM,1384.2,5,6921.0,17917486.999999996
2025-08-01 10:50:46 AM,1383.8,0,0.0,17917486.999999996
2025-08-01 10:50:49 AM,1383.8,5,6919.0,17924405.999999996
2025-08-01 10:50:52 AM,1384.1,0,0.0,17924405.999999996
2025-08-01 10:50:55 AM,1384.1,4,5536.4,17929942.399999995
2025-08-01 10:50:58 AM,1384.3,0,0.0,17929942.399999995
2025-08-01 10:51:00 AM,1382.6,0,0.0,17929942.399999995
2025-08-01 10:51:01 AM,1382.6,5,6913.0,17936855.399999995
2025-08-01 10:51:06 AM,1384.3,0,0.0,17936855.399999995
2025-08-01 10:51:07 AM,1384.3,52,71983.59999999999,18008838.999999996
2025-08-01 10:51:11 AM,1382.5,0,0.0,18008838.999999996
2025-08-01 10:51:12 AM,1382.7,57,78813.90000000001,18087652.899999995
2025-08-01 10:51:17 AM,1383.6,0,0.0,18087652.899999995
2025-08-01 10:51:18 AM,1383.6,3,4150.799999999999,18091803.699999996
2025-08-01 10:51:21 AM,1383.9,0,0.0,18091803.699999996
2025-08-01 10:51:22 AM,1384.3,0,0.0,18091803.699999996
2025-08-01 10:51:23 AM,1384.3,11,15227.3,18107030.999999996
2025-08-01 10:51:28 AM,1384.3,3,4152.9,18111183.899999995
2025-08-01 10:51:34 AM,1384.3,4,5537.2,18116721.099999994
2025-08-01 10:51:36 AM,1383.6,0,0.0,18116721.099999994
2025-08-01 10:51:40 AM,1384.3,7,9690.1,18126411.199999996
2025-08-01 10:51:45 AM,1384.3,2,2768.6,18129179.799999997
2025-08-01 10:51:46 AM,1384.3,1,1384.3,18130564.099999998
2025-08-01 10:51:56 AM,1384.3,3,4152.9,18134716.999999996
2025-08-01 10:52:01 AM,1384.3,2,2768.6,18137485.599999998
2025-08-01 10:52:06 AM,1384.3,39,53987.7,18191473.299999997
2025-08-01 10:52:12 AM,1384.3,2,2768.6,18194241.9
2025-08-01 10:52:16 AM,1384.7,0,0.0,18194241.9
2025-08-01 10:52:17 AM,1384.7,11,15231.7,18209473.599999998
2025-08-01 10:52:22 AM,1384.8,0,0.0,18209473.599999998
2025-08-01 10:52:23 AM,1384.8,2,2769.6,18212243.2
2025-08-01 10:52:28 AM,1384.8,3,4154.4,18216397.599999998
2025-08-01 10:52:34 AM,1384.8,3,4154.4,18220551.999999996
2025-08-01 10:52:40 AM,1384.8,3,4154.4,18224706.399999995
2025-08-01 10:52:44 AM,1384.8,5,6924.0,18231630.399999995
2025-08-01 10:52:49 AM,1384.8,4,5539.2,18237169.599999994
2025-08-01 10:52:52 AM,1385.9,0,0.0,18237169.599999994
2025-08-01 10:52:54 AM,1390.0,0,0.0,18237169.599999994
2025-08-01 10:52:55 AM,1390.0,753,1046670.0,19283839.599999994
2025-08-01 10:52:58 AM,1391.9,0,0.0,19283839.599999994
2025-08-01 10:53:00 AM,1391.9,3,4175.700000000001,19288015.299999993
2025-08-01 10:53:01 AM,1392.9,0,0.0,19288015.299999993
2025-08-01 10:53:01 AM,1392.9,59,82181.1,19370196.399999995
2025-08-01 10:53:04 AM,1393.9,0,0.0,19370196.399999995
2025-08-01 10:53:05 AM,1393.9,3,4181.700000000001,19374378.099999994
2025-08-01 10:53:06 AM,1391.6,76,105761.59999999999,19480139.699999996
2025-08-01 10:53:08 AM,1392.9,0,0.0,19480139.699999996
2025-08-01 10:53:10 AM,1392.3,0,0.0,19480139.699999996
2025-08-01 10:53:10 AM,1393.9,0,0.0,19480139.699999996
2025-08-01 10:53:10 AM,1392.5,65,90512.5,19570652.199999996
2025-08-01 10:53:16 AM,1393.8,3,4181.4,19574833.599999994
2025-08-01 10:53:17 AM,1392.5,0,0.0,19574833.599999994
2025-08-01 10:53:17 AM,1392.5,10,13925.0,19588758.599999994
2025-08-01 10:53:18 AM,1393.9,0,0.0,19588758.599999994
2025-08-01 10:53:21 AM,1393.9,392,546408.8,20135167.399999995
2025-08-01 10:53:22 AM,1395.2,0,0.0,20135167.399999995
2025-08-01 10:53:22 AM,1395.2,47,65574.40000000001,20200741.799999993
2025-08-01 10:53:23 AM,1395.3,0,0.0,20200741.799999993
2025-08-01 10:53:26 AM,1395.0,0,0.0,20200741.799999993
2025-08-01 10:53:27 AM,1395.0,10,13950.0,20214691.799999993
2025-08-01 10:53:28 AM,1395.0,3,4185.0,20218876.799999993
2025-08-01 10:53:32 AM,1395.0,10,13950.0,20232826.799999993
2025-08-01 10:53:37 AM,1395.0,32,44640.0,20277466.799999993
2025-08-01 10:53:38 AM,1393.9,0,0.0,20277466.799999993
2025-08-01 10:53:38 AM,1393.9,1,1393.9,20278860.69999999
2025-08-01 10:53:40 AM,1394.9,0,0.0,20278860.69999999
2025-08-01 10:53:42 AM,1392.8,0,0.0,20278860.69999999
2025-08-01 10:53:43 AM,1395.9,140,195426.0,20474286.69999999
2025-08-01 10:53:46 AM,1395.8,0,0.0,20474286.69999999
2025-08-01 10:53:48 AM,1395.8,2,2791.6,20477078.299999993
2025-08-01 10:53:52 AM,1396.4,0,0.0,20477078.299999993
2025-08-01 10:53:53 AM,1396.4,3,4189.200000000001,20481267.499999993
2025-08-01 10:53:58 AM,1396.6,0,0.0,20481267.499999993
2025-08-01 10:53:58 AM,1396.6,2,2793.2,20484060.69999999
2025-08-01 10:54:04 AM,1394.8,519,723901.2,21207961.89999999
2025-08-01 10:54:09 AM,1394.9,82,114381.8,21322343.69999999
2025-08-01 10:54:16 AM,1395.5,3,4186.5,21326530.19999999
2025-08-01 10:54:22 AM,1395.4,0,0.0,21326530.19999999
2025-08-01 10:54:26 AM,1395.5,10,13955.0,21340485.19999999
2025-08-01 10:54:31 AM,1395.5,3,4186.5,21344671.69999999
2025-08-01 10:54:36 AM,1395.4,0,0.0,21344671.69999999
2025-08-01 10:54:36 AM,1395.4,163,227450.2,21572121.89999999
2025-08-01 10:54:41 AM,1395.4,3,4186.200000000001,21576308.09999999
2025-08-01 10:54:45 AM,1393.5,0,0.0,21576308.09999999
2025-08-01 10:54:46 AM,1393.6,0,0.0,21576308.09999999
2025-08-01 10:54:47 AM,1393.6,17,23691.199999999997,21599999.29999999
2025-08-01 10:54:52 AM,1393.7,13,18118.100000000002,21618117.39999999
2025-08-01 10:54:52 AM,1392.1,25,34802.5,21652919.89999999
2025-08-01 10:54:57 AM,1393.3,252,351111.6,22004031.499999993
2025-08-01 10:55:04 AM,1394.2,0,0.0,22004031.499999993
2025-08-01 10:55:06 AM,1393.3,0,0.0,22004031.499999993
2025-08-01 10:55:07 AM,1393.3,14,19506.2,22023537.69999999
2025-08-01 10:55:08 AM,1393.3,50,69665.0,22093202.69999999
2025-08-01 10:55:13 AM,1393.3,2,2786.6,22095989.299999993
2025-08-01 10:55:16 AM,1391.1,0,0.0,22095989.299999993
2025-08-01 10:55:16 AM,1390.2,0,0.0,22095989.299999993
2025-08-01 10:55:18 AM,1390.2,224,311404.8,22407394.099999994
2025-08-01 10:55:19 AM,1390.9,23,31990.7,22439384.799999993
2025-08-01 10:55:20 AM,1390.1,0,0.0,22439384.799999993
2025-08-01 10:55:22 AM,1389.9,0,0.0,22439384.799999993
2025-08-01 10:55:24 AM,1389.9,3,4169.700000000001,22443554.499999993
2025-08-01 10:55:28 AM,1389.4,0,0.0,22443554.499999993
2025-08-01 10:55:29 AM,1389.4,3,4168.200000000001,22447722.69999999
2025-08-01 10:55:34 AM,1390.0,0,0.0,22447722.69999999
2025-08-01 10:55:35 AM,1390.0,2,2780.0,22450502.69999999
2025-08-01 10:55:40 AM,1389.7,0,0.0,22450502.69999999
2025-08-01 10:55:41 AM,1389.7,13,18066.100000000002,22468568.799999993
2025-08-01 10:55:44 AM,1390.0,0,0.0,22468568.799999993
2025-08-01 10:55:46 AM,1389.7,123,170933.1,22639501.899999995
2025-08-01 10:55:52 AM,1389.7,3,4169.1,22643670.999999996
2025-08-01 10:56:01 AM,1389.7,2,2779.4,22646450.399999995
2025-08-01 10:56:06 AM,1389.7,3,4169.1,22650619.499999996
2025-08-01 10:56:11 AM,1389.7,2,2779.4,22653398.899999995
2025-08-01 10:56:17 AM,1389.7,3,4169.1,22657567.999999996
2025-08-01 10:56:22 AM,1389.7,2,2779.4,22660347.399999995
2025-08-01 10:56:28 AM,1389.7,4,5558.8,22665906.199999996
2025-08-01 10:56:29 AM,1389.7,50,69485.0,22735391.199999996
2025-08-01 10:56:34 AM,1390.8,0,0.0,22735391.199999996
2025-08-01 10:56:34 AM,1390.8,2,2781.6,22738172.799999997
2025-08-01 10:56:39 AM,1391.2,4,5564.8,22743737.599999998
2025-08-01 10:56:42 AM,1391.9,0,0.0,22743737.599999998
2025-08-01 10:56:44 AM,1389.6,125,173700.0,22917437.599999998
2025-08-01 10:56:46 AM,1390.6,0,0.0,22917437.599999998
2025-08-01 10:56:48 AM,1393.8,0,0.0,22917437.599999998
2025-08-01 10:56:49 AM,1393.8,322,448803.6,23366241.2
2025-08-01 10:56:52 AM,1391.3,0,0.0,23366241.2
2025-08-01 10:56:54 AM,1391.3,3,4173.9,23370415.099999998
2025-08-01 10:56:58 AM,1392.6,0,0.0,23370415.099999998
2025-08-01 10:56:59 AM,1392.6,12,16711.199999999997,23387126.299999997
2025-08-01 10:57:00 AM,1390.9,0,0.0,23387126.299999997
2025-08-01 10:57:01 AM,1390.9,19,26427.100000000002,23413553.4
2025-08-01 10:57:04 AM,1391.7,0,0.0,23413553.4
2025-08-01 10:57:05 AM,1392.4,68,94683.20000000001,23508236.599999998
2025-08-01 10:57:10 AM,1392.2,3,4176.6,23512413.2
2025-08-01 10:57:16 AM,1392.4,3,4177.200000000001,23516590.4
2025-08-01 10:57:21 AM,1391.4,0,0.0,23516590.4
2025-08-01 10:57:21 AM,1391.4,18,25045.2,23541635.599999998
2025-08-01 10:57:22 AM,1391.3,0,0.0,23541635.599999998
2025-08-01 10:57:26 AM,1391.3,2,2782.6,23544418.2
2025-08-01 10:57:28 AM,1391.5,0,0.0,23544418.2
2025-08-01 10:57:31 AM,1391.5,3,4174.5,23548592.7
2025-08-01 10:57:34 AM,1391.7,0,0.0,23548592.7
2025-08-01 10:57:36 AM,1391.7,2,2783.4,23551376.099999998
2025-08-01 10:57:40 AM,1392.0,0,0.0,23551376.099999998
2025-08-01 10:57:42 AM,1392.0,3,4176.0,23555552.099999998
2025-08-01 10:57:45 AM,1393.0,0,0.0,23555552.099999998
2025-08-01 10:57:46 AM,1392.9,0,0.0,23555552.099999998
2025-08-01 10:57:47 AM,1392.9,113,157397.7,23712949.799999997
2025-08-01 10:57:52 AM,1392.9,4,5571.6,23718521.4
2025-08-01 10:57:57 AM,1392.6,2,2785.2,23721306.599999998
2025-08-01 10:58:02 AM,1391.6,0,0.0,23721306.599999998
2025-08-01 10:58:03 AM,1391.6,338,470360.8,24191667.4
2025-08-01 10:58:04 AM,1392.6,3,4177.799999999999,24195845.2
2025-08-01 10:58:10 AM,1392.8,0,0.0,24195845.2
2025-08-01 10:58:12 AM,1391.1,0,0.0,24195845.2
2025-08-01 10:58:13 AM,1391.1,38,52861.799999999996,24248707.0
2025-08-01 10:58:16 AM,1391.3,0,0.0,24248707.0
2025-08-01 10:58:19 AM,1392.0,81,112752.0,24361459.0
2025-08-01 10:58:23 AM,1391.7,0,0.0,24361459.0
2025-08-01 10:58:24 AM,1390.5,21,29200.5,24390659.5
2025-08-01 10:58:28 AM,1391.0,0,0.0,24390659.5
2025-08-01 10:58:30 AM,1391.0,3,4173.0,24394832.5
2025-08-01 10:58:34 AM,1391.3,0,0.0,24394832.5
2025-08-01 10:58:36 AM,1391.3,3,4173.9,24399006.4
2025-08-01 10:58:40 AM,1391.7,0,0.0,24399006.4
2025-08-01 10:58:41 AM,1391.7,3,4175.1,24403181.5
2025-08-01 10:58:46 AM,1391.8,0,0.0,24403181.5
2025-08-01 10:58:46 AM,1391.8,2,2783.6,24405965.1
2025-08-01 10:58:52 AM,1392.5,0,0.0,24405965.1
2025-08-01 10:58:52 AM,1392.5,3,4177.5,24410142.6
2025-08-01 10:58:57 AM,1393.7,2,2787.4,24412930.0
2025-08-01 10:59:04 AM,1393.9,0,0.0,24412930.0
2025-08-01 10:59:07 AM,1391.6,85,118285.99999999999,24531216.0
2025-08-01 10:59:10 AM,1391.8,0,0.0,24531216.0
2025-08-01 10:59:13 AM,1391.8,2,2783.6,24533999.6
2025-08-01 10:59:16 AM,1392.0,0,0.0,24533999.6
2025-08-01 10:59:17 AM,1392.0,4,5568.0,24539567.6
2025-08-01 10:59:22 AM,1392.0,2,2784.0,24542351.6
2025-08-01 10:59:27 AM,1392.2,3,4176.6,24546528.200000003
2025-08-01 10:59:30 AM,1394.3,0,0.0,24546528.200000003
2025-08-01 10:59:32 AM,1394.3,1389,1936682.7,26483210.900000002
2025-08-01 10:59:34 AM,1395.9,0,0.0,26483210.900000002
2025-08-01 10:59:38 AM,1396.9,0,0.0,26483210.900000002
2025-08-01 10:59:38 AM,1396.9,82,114545.8,26597756.700000003
2025-08-01 10:59:40 AM,1397.0,0,0.0,26597756.700000003
2025-08-01 10:59:44 AM,1397.0,3,4191.0,26601947.700000003
2025-08-01 10:59:49 AM,1397.0,2,2794.0,26604741.700000003
2025-08-01 10:59:55 AM,1397.0,30,41910.0,26646651.700000003
2025-08-01 11:00:00 AM,1395.2,123,171609.6,26818261.300000004
2025-08-01 11:00:04 AM,1397.0,0,0.0,26818261.300000004
2025-08-01 11:00:04 AM,1398.0,0,0.0,26818261.300000004
2025-08-01 11:00:06 AM,1398.0,158,220884.0,27039145.300000004
2025-08-01 11:00:08 AM,1396.7,0,0.0,27039145.300000004
2025-08-01 11:00:11 AM,1397.1,0,0.0,27039145.300000004
2025-08-01 11:00:12 AM,1397.2,7,9780.4,27048925.700000003
2025-08-01 11:00:14 AM,1397.7,0,0.0,27048925.700000003
2025-08-01 11:00:17 AM,1397.1,0,0.0,27048925.700000003
2025-08-01 11:00:18 AM,1397.1,15,20956.5,27069882.200000003
2025-08-01 11:00:23 AM,1397.1,2,2794.2,27072676.400000002
2025-08-01 11:00:26 AM,1397.0,0,0.0,27072676.400000002
2025-08-01 11:00:29 AM,1397.1,14,19559.399999999998,27092235.8
2025-08-01 11:00:33 AM,1398.0,0,0.0,27092235.8
2025-08-01 11:00:34 AM,1397.9,123,171941.7,27264177.5
2025-08-01 11:00:39 AM,1397.9,4,5591.6,27269769.1
2025-08-01 11:00:44 AM,1395.4,0,0.0,27269769.1
2025-08-01 11:00:44 AM,1395.4,27,37675.8,27307444.900000002
2025-08-01 11:00:46 AM,1395.6,0,0.0,27307444.900000002
2025-08-01 11:00:50 AM,1395.6,2,2791.2,27310236.1
2025-08-01 11:00:53 AM,1395.2,0,0.0,27310236.1
2025-08-01 11:00:55 AM,1395.2,20,27904.0,27338140.1
2025-08-01 11:00:59 AM,1395.8,0,0.0,27338140.1
2025-08-01 11:01:00 AM,1395.8,2,2791.6,27340931.700000003
2025-08-01 11:01:04 AM,1396.3,0,0.0,27340931.700000003
2025-08-01 11:01:05 AM,1396.3,3,4188.9,27345120.6
2025-08-01 11:01:09 AM,1397.5,0,0.0,27345120.6
2025-08-01 11:01:11 AM,1397.5,3,4192.5,27349313.1
2025-08-01 11:01:16 AM,1395.8,0,0.0,27349313.1
2025-08-01 11:01:16 AM,1395.8,164,228911.19999999998,27578224.3
2025-08-01 11:01:22 AM,1395.0,0,0.0,27578224.3
2025-08-01 11:01:22 AM,1395.0,3,4185.0,27582409.3
2025-08-01 11:01:27 AM,1394.1,0,0.0,27582409.3
2025-08-01 11:01:27 AM,1394.1,5,6970.5,27589379.8
2025-08-01 11:01:28 AM,1395.4,77,107445.8,27696825.6
2025-08-01 11:01:29 AM,1397.9,0,0.0,27696825.6
2025-08-01 11:01:31 AM,1397.0,0,0.0,27696825.6
2025-08-01 11:01:32 AM,1397.5,264,368940.0,28065765.6
2025-08-01 11:01:37 AM,1397.5,2,2795.0,28068560.6
2025-08-01 11:01:40 AM,1398.0,0,0.0,28068560.6
2025-08-01 11:01:42 AM,1397.5,4,5590.0,28074150.6
2025-08-01 11:01:48 AM,1397.5,100,139750.0,28213900.6
2025-08-01 11:01:49 AM,1398.0,100,139800.0,28353700.6
2025-08-01 11:01:53 AM,1398.0,3,4194.0,28357894.6
2025-08-01 11:01:58 AM,1397.9,2,2795.8,28360690.400000002
2025-08-01 11:02:02 AM,1398.0,0,0.0,28360690.400000002
2025-08-01 11:02:03 AM,1398.0,30,41940.0,28402630.400000002
2025-08-01 11:02:04 AM,1398.0,1008,1409184.0,29811814.400000002
2025-08-01 11:02:13 AM,1398.0,22,30756.0,29842570.400000002
2025-08-01 11:02:16 AM,1398.8,0,0.0,29842570.400000002
2025-08-01 11:02:19 AM,1398.8,3,4196.4,29846766.8
2025-08-01 11:02:25 AM,1398.8,2,2797.6,29849564.400000002
2025-08-01 11:02:25 AM,1399.0,0,0.0,29849564.400000002
2025-08-01 11:02:25 AM,1399.0,50,69950.0,29919514.400000002
2025-08-01 11:02:31 AM,1399.0,69,96531.0,30016045.400000002
2025-08-01 11:02:37 AM,1398.2,719,1005305.8,31021351.200000003
2025-08-01 11:02:39 AM,1399.6,0,0.0,31021351.200000003
2025-08-01 11:02:42 AM,1399.6,74,103570.4,31124921.6
2025-08-01 11:02:47 AM,1399.6,11,15395.599999999999,31140317.200000003
2025-08-01 11:02:52 AM,1398.7,0,0.0,31140317.200000003
2025-08-01 11:02:52 AM,1398.7,171,239177.7,31379494.900000002
2025-08-01 11:02:53 AM,1398.8,0,0.0,31379494.900000002
2025-08-01 11:02:53 AM,1398.6,0,0.0,31379494.900000002
2025-08-01 11:02:54 AM,1398.0,36,50328.0,31429822.900000002
2025-08-01 11:02:57 AM,1398.7,3,4196.1,31434019.000000004
2025-08-01 11:03:01 AM,1398.9,0,0.0,31434019.000000004
2025-08-01 11:03:02 AM,1398.9,25,34972.5,31468991.500000004
2025-08-01 11:03:03 AM,1399.6,0,0.0,31468991.500000004
2025-08-01 11:03:04 AM,1399.6,123,172150.8,31641142.300000004
2025-08-01 11:03:07 AM,1401.3,1360,1905768.0,33546910.300000004
2025-08-01 11:03:11 AM,1403.0,0,0.0,33546910.300000004
2025-08-01 11:03:12 AM,1404.0,49,68796.0,33615706.300000004
2025-08-01 11:03:17 AM,1405.6,0,0.0,33615706.300000004
2025-08-01 11:03:17 AM,1405.3,0,0.0,33615706.300000004
2025-08-01 11:03:18 AM,1405.3,594,834748.2,34450454.50000001
2025-08-01 11:03:19 AM,1407.6,0,0.0,34450454.50000001
2025-08-01 11:03:19 AM,1407.6,5,7038.0,34457492.50000001
2025-08-01 11:03:21 AM,1407.4,0,0.0,34457492.50000001
2025-08-01 11:03:23 AM,1407.3,303,426411.89999999997,34883904.400000006
2025-08-01 11:03:25 AM,1407.3,13,18294.899999999998,34902199.300000004
2025-08-01 11:03:26 AM,1407.4,0,0.0,34902199.300000004
2025-08-01 11:03:28 AM,1407.0,254,357378.0,35259577.300000004
2025-08-01 11:03:33 AM,1406.9,301,423476.9,35683054.2
2025-08-01 11:03:35 AM,1405.9,0,0.0,35683054.2
2025-08-01 11:03:35 AM,1405.9,9,12653.1,35695707.300000004
2025-08-01 11:03:37 AM,1408.0,0,0.0,35695707.300000004
2025-08-01 11:03:38 AM,1408.0,200,281600.0,35977307.300000004
2025-08-01 11:03:39 AM,1409.0,0,0.0,35977307.300000004
2025-08-01 11:03:41 AM,1410.9,759,1070873.1,37048180.400000006
2025-08-01 11:03:43 AM,1413.3,0,0.0,37048180.400000006
2025-08-01 11:03:44 AM,1414.9,237,335331.30000000005,37383511.7
2025-08-01 11:03:46 AM,1413.9,0,0.0,37383511.7
2025-08-01 11:03:46 AM,1413.9,991,1401174.9000000001,38784686.6
2025-08-01 11:03:49 AM,1416.7,0,0.0,38784686.6
2025-08-01 11:03:49 AM,1415.2,0,0.0,38784686.6
2025-08-01 11:03:49 AM,1417.8,348,493394.39999999997,39278081.0
2025-08-01 11:03:51 AM,1415.0,0,0.0,39278081.0
2025-08-01 11:03:51 AM,1416.8,0,0.0,39278081.0
2025-08-01 11:03:52 AM,1416.7,76,107669.2,39385750.2
2025-08-01 11:03:58 AM,1412.0,0,0.0,39385750.2
2025-08-01 11:03:59 AM,1410.0,0,0.0,39385750.2
2025-08-01 11:03:59 AM,1411.7,0,0.0,39385750.2
2025-08-01 11:04:00 AM,1411.7,1345,1898736.5,41284486.7
2025-08-01 11:04:04 AM,1410.5,0,0.0,41284486.7
2025-08-01 11:04:04 AM,1410.5,8,11284.0,41295770.7
2025-08-01 11:04:06 AM,1410.2,0,0.0,41295770.7
2025-08-01 11:04:06 AM,1410.2,2,2820.4,41298591.1
2025-08-01 11:04:07 AM,1412.9,0,0.0,41298591.1
2025-08-01 11:04:07 AM,1412.9,100,141290.0,41439881.1
2025-08-01 11:04:09 AM,1410.0,268,377880.0,41817761.1
2025-08-01 11:04:10 AM,1412.9,0,0.0,41817761.1
2025-08-01 11:04:10 AM,1412.6,225,317835.0,42135596.1
2025-08-01 11:04:11 AM,1412.7,10,14127.0,42149723.1
2025-08-01 11:04:12 AM,1410.0,0,0.0,42149723.1
2025-08-01 11:04:12 AM,1410.0,74,104340.0,42254063.1
2025-08-01 11:04:13 AM,1410.4,0,0.0,42254063.1
2025-08-01 11:04:13 AM,1410.4,96,135398.40000000002,42389461.5
2025-08-01 11:04:15 AM,1410.1,0,0.0,42389461.5
2025-08-01 11:04:15 AM,1409.0,0,0.0,42389461.5
2025-08-01 11:04:15 AM,1409.0,324,456516.0,42845977.5
2025-08-01 11:04:15 AM,1408.3,3,4224.9,42850202.4
2025-08-01 11:04:16 AM,1407.9,0,0.0,42850202.4
2025-08-01 11:04:16 AM,1406.7,0,0.0,42850202.4
2025-08-01 11:04:16 AM,1406.7,11,15473.7,42865676.1
2025-08-01 11:04:18 AM,1408.3,50,70415.0,42936091.1
2025-08-01 11:04:20 AM,1410.0,10,14100.0,42950191.1
2025-08-01 11:04:21 AM,1408.2,0,0.0,42950191.1
2025-08-01 11:04:21 AM,1408.2,160,225312.0,43175503.1
2025-08-01 11:04:22 AM,1409.5,2,2819.0,43178322.1
2025-08-01 11:04:22 AM,1410.0,0,0.0,43178322.1
2025-08-01 11:04:22 AM,1410.3,0,0.0,43178322.1
2025-08-01 11:04:22 AM,1410.3,150,211545.0,43389867.1
2025-08-01 11:04:23 AM,1408.5,60,84510.0,43474377.1
2025-08-01 11:04:23 AM,1410.4,10,14104.0,43488481.1
2025-08-01 11:04:24 AM,1410.7,0,0.0,43488481.1
2025-08-01 11:04:25 AM,1410.7,33,46553.1,43535034.2
2025-08-01 11:04:27 AM,1410.0,10,14100.0,43549134.2
2025-08-01 11:04:27 AM,1410.0,40,56400.0,43605534.2
2025-08-01 11:04:28 AM,1412.9,100,141290.0,43746824.2
2025-08-01 11:04:29 AM,1412.9,20,28258.0,43775082.2
2025-08-01 11:04:31 AM,1413.0,19,26847.0,43801929.2
2025-08-01 11:04:32 AM,1411.6,0,0.0,43801929.2
2025-08-01 11:04:32 AM,1411.6,10,14116.0,43816045.2
2025-08-01 11:04:34 AM,1412.9,2,2825.8,43818871.0
2025-08-01 11:04:37 AM,1410.5,0,0.0,43818871.0
2025-08-01 11:04:37 AM,1410.5,111,156565.5,43975436.5
2025-08-01 11:04:39 AM,1411.1,0,0.0,43975436.5
2025-08-01 11:04:39 AM,1411.1,7,9877.699999999999,43985314.2
2025-08-01 11:04:40 AM,1411.1,3,4233.299999999999,43989547.5
2025-08-01 11:04:41 AM,1411.7,27,38115.9,44027663.4
2025-08-01 11:04:42 AM,1410.0,0,0.0,44027663.4
2025-08-01 11:04:42 AM,1411.1,0,0.0,44027663.4
2025-08-01 11:04:42 AM,1411.1,101,142521.09999999998,44170184.5
2025-08-01 11:04:45 AM,1411.2,33,46569.6,44216754.1
2025-08-01 11:04:46 AM,1410.6,0,0.0,44216754.1
2025-08-01 11:04:46 AM,1410.6,2,2821.2,44219575.300000004
2025-08-01 11:04:47 AM,1409.8,13,18327.399999999998,44237902.7
2025-08-01 11:04:48 AM,1410.0,0,0.0,44237902.7
2025-08-01 11:04:48 AM,1410.0,201,283410.0,44521312.7
2025-08-01 11:04:48 AM,1410.4,0,0.0,44521312.7
2025-08-01 11:04:48 AM,1410.4,28,39491.200000000004,44560803.900000006
2025-08-01 11:04:50 AM,1411.0,100,141100.0,44701903.900000006
2025-08-01 11:04:51 AM,1411.0,44,62084.0,44763987.900000006
2025-08-01 11:04:52 AM,1411.0,4,5644.0,44769631.900000006
2025-08-01 11:04:54 AM,1412.9,111,156831.90000000002,44926463.800000004
2025-08-01 11:04:55 AM,1411.3,10,14113.0,44940576.800000004
2025-08-01 11:04:55 AM,1411.3,5,7056.5,44947633.300000004
2025-08-01 11:04:56 AM,1410.0,80,112800.0,45060433.300000004
2025-08-01 11:04:57 AM,1410.5,141,198880.5,45259313.800000004
2025-08-01 11:04:59 AM,1411.2,0,0.0,45259313.800000004
2025-08-01 11:05:00 AM,1411.2,20,28224.0,45287537.800000004
2025-08-01 11:05:04 AM,1411.0,0,0.0,45287537.800000004
2025-08-01 11:05:04 AM,1411.0,3,4233.0,45291770.800000004
2025-08-01 11:05:06 AM,1410.2,0,0.0,45291770.800000004
2025-08-01 11:05:06 AM,1410.2,75,105765.0,45397535.800000004
2025-08-01 11:05:06 AM,1409.6,78,109948.79999999999,45507484.6
2025-08-01 11:05:09 AM,1409.8,2,2819.6,45510304.2
2025-08-01 11:05:11 AM,1408.8,60,84528.0,45594832.2
2025-08-01 11:05:13 AM,1409.7,0,0.0,45594832.2
2025-08-01 11:05:13 AM,1409.7,1,1409.7,45596241.900000006
2025-08-01 11:05:13 AM,1408.3,21,29574.3,45625816.2
2025-08-01 11:05:14 AM,1407.8,0,0.0,45625816.2
2025-08-01 11:05:14 AM,1406.7,197,277119.9,45902936.1
2025-08-01 11:05:15 AM,1405.3,158,222037.4,46124973.5
2025-08-01 11:05:15 AM,1406.0,0,0.0,46124973.5
2025-08-01 11:05:15 AM,1406.0,45,63270.0,46188243.5
2025-08-01 11:05:16 AM,1406.0,3,4218.0,46192461.5
2025-08-01 11:05:20 AM,1406.1,132,185605.19999999998,46378066.7
2025-08-01 11:05:21 AM,1405.8,0,0.0,46378066.7
2025-08-01 11:05:21 AM,1405.8,1,1405.8,46379472.5
2025-08-01 11:05:21 AM,1405.8,2,2811.6,46382284.1
2025-08-01 11:05:22 AM,1404.4,45,63198.00000000001,46445482.1
2025-08-01 11:05:25 AM,1406.0,0,0.0,46445482.1
2025-08-01 11:05:25 AM,1406.0,15,21090.0,46466572.1
2025-08-01 11:05:27 AM,1405.7,3,4217.1,46470789.2
2025-08-01 11:05:29 AM,1405.7,1,1405.7,46472194.900000006
2025-08-01 11:05:32 AM,1405.8,0,0.0,46472194.900000006
2025-08-01 11:05:32 AM,1405.8,76,106840.8,46579035.7
2025-08-01 11:05:34 AM,1405.4,3,4216.200000000001,46583251.900000006
2025-08-01 11:05:35 AM,1405.5,10,14055.0,46597306.900000006
2025-08-01 11:05:37 AM,1403.6,150,210540.0,46807846.900000006
2025-08-01 11:05:40 AM,1402.1,4,5608.4,46813455.300000004
2025-08-01 11:05:43 AM,1401.0,0,0.0,46813455.300000004
2025-08-01 11:05:43 AM,1401.0,13,18213.0,46831668.300000004
2025-08-01 11:05:45 AM,1401.7,0,0.0,46831668.300000004
2025-08-01 11:05:45 AM,1401.7,1,1401.7,46833070.00000001
2025-08-01 11:05:46 AM,1402.1,0,0.0,46833070.00000001
2025-08-01 11:05:46 AM,1402.1,2,2804.2,46835874.20000001
2025-08-01 11:05:47 AM,1402.1,10,14021.0,46849895.20000001
2025-08-01 11:05:49 AM,1402.1,16,22433.6,46872328.80000001
2025-08-01 11:05:52 AM,1402.4,0,0.0,46872328.80000001
2025-08-01 11:05:52 AM,1402.4,106,148654.40000000002,47020983.20000001
2025-08-01 11:05:54 AM,1403.0,0,0.0,47020983.20000001
2025-08-01 11:05:54 AM,1403.0,1,1403.0,47022386.20000001
2025-08-01 11:05:56 AM,1403.0,10,14030.0,47036416.20000001
2025-08-01 11:05:57 AM,1403.0,4,5612.0,47042028.20000001
2025-08-01 11:05:57 AM,1403.0,2,2806.0,47044834.20000001
2025-08-01 11:05:59 AM,1403.0,40,56120.0,47100954.20000001
2025-08-01 11:06:01 AM,1403.0,447,627141.0,47728095.20000001
2025-08-01 11:06:03 AM,1405.6,9,12650.4,47740745.60000001
2025-08-01 11:06:04 AM,1405.6,3,4216.799999999999,47744962.400000006
2025-08-01 11:06:06 AM,1409.0,0,0.0,47744962.400000006
2025-08-01 11:06:06 AM,1409.0,1052,1482268.0,49227230.400000006
2025-08-01 11:06:07 AM,1409.4,0,0.0,49227230.400000006
2025-08-01 11:06:07 AM,1409.4,21,29597.4,49256827.800000004
2025-08-01 11:06:09 AM,1410.4,3,4231.200000000001,49261059.00000001
2025-08-01 11:06:10 AM,1409.4,0,0.0,49261059.00000001
2025-08-01 11:06:10 AM,1409.4,50,70470.0,49331529.00000001
2025-08-01 11:06:12 AM,1411.2,100,141120.0,49472649.00000001
2025-08-01 11:06:13 AM,1409.4,42,59194.8,49531843.800000004
2025-08-01 11:06:16 AM,1409.4,9,12684.6,49544528.400000006
2025-08-01 11:06:17 AM,1409.4,25,35235.0,49579763.400000006
2025-08-01 11:06:18 AM,1409.4,34,47919.600000000006,49627683.00000001
2025-08-01 11:06:20 AM,1409.6,0,0.0,49627683.00000001
2025-08-01 11:06:20 AM,1409.6,24,33830.399999999994,49661513.400000006
2025-08-01 11:06:20 AM,1410.0,7,9870.0,49671383.400000006
2025-08-01 11:06:21 AM,1411.2,2,2822.4,49674205.800000004
2025-08-01 11:06:22 AM,1410.2,0,0.0,49674205.800000004
2025-08-01 11:06:22 AM,1410.2,5,7051.0,49681256.800000004
2025-08-01 11:06:25 AM,1409.0,836,1177924.0,50859180.800000004
2025-08-01 11:06:27 AM,1408.8,3,4226.4,50863407.2
2025-08-01 11:06:28 AM,1408.5,0,0.0,50863407.2
2025-08-01 11:06:28 AM,1408.5,1,1408.5,50864815.7
2025-08-01 11:06:33 AM,1409.1,2,2818.2,50867633.900000006
2025-08-01 11:06:34 AM,1409.8,21,29605.8,50897239.7
2025-08-01 11:06:40 AM,1410.1,3,4230.299999999999,50901470.0
2025-08-01 11:06:42 AM,1410.1,1,1410.1,50902880.1
2025-08-01 11:06:43 AM,1410.0,0,0.0,50902880.1
2025-08-01 11:06:43 AM,1410.0,100,141000.0,51043880.1
2025-08-01 11:06:43 AM,1411.8,37,52236.6,51096116.7
2025-08-01 11:06:44 AM,1413.0,0,0.0,51096116.7
2025-08-01 11:06:44 AM,1413.0,53,74889.0,51171005.7
2025-08-01 11:06:46 AM,1413.0,2,2826.0,51173831.7
2025-08-01 11:06:50 AM,1412.6,0,0.0,51173831.7
2025-08-01 11:06:50 AM,1412.6,9,12713.4,51186545.1
2025-08-01 11:06:51 AM,1412.1,106,149682.59999999998,51336227.7
2025-08-01 11:06:52 AM,1412.1,8,11296.8,51347524.5
2025-08-01 11:06:52 AM,1412.6,115,162449.0,51509973.5
2025-08-01 11:06:55 AM,1413.0,100,141300.0,51651273.5
2025-08-01 11:06:56 AM,1415.9,0,0.0,51651273.5
2025-08-01 11:06:56 AM,1415.9,300,424770.0,52076043.5
2025-08-01 11:06:58 AM,1413.9,0,0.0,52076043.5
2025-08-01 11:06:58 AM,1413.9,20,28278.0,52104321.5
2025-08-01 11:06:59 AM,1414.6,0,0.0,52104321.5
2025-08-01 11:06:59 AM,1414.6,40,56584.0,52160905.5
2025-08-01 11:07:00 AM,1414.3,3,4242.9,52165148.4
2025-08-01 11:07:00 AM,1415.9,0,0.0,52165148.4
2025-08-01 11:07:00 AM,1413.3,181,255807.3,52420955.699999996
2025-08-01 11:07:02 AM,1414.4,50,70720.0,52491675.699999996
2025-08-01 11:07:03 AM,1414.6,0,0.0,52491675.699999996
2025-08-01 11:07:03 AM,1414.3,0,0.0,52491675.699999996
2025-08-01 11:07:03 AM,1414.3,59,83443.7,52575119.4
2025-08-01 11:07:03 AM,1413.8,3,4241.4,52579360.8
2025-08-01 11:07:05 AM,1414.5,0,0.0,52579360.8
2025-08-01 11:07:05 AM,1414.5,10,14145.0,52593505.8
2025-08-01 11:07:06 AM,1414.3,50,70715.0,52664220.8
2025-08-01 11:07:06 AM,1415.0,0,0.0,52664220.8
2025-08-01 11:07:06 AM,1415.0,100,141500.0,52805720.8
2025-08-01 11:07:08 AM,1415.0,2,2830.0,52808550.8
2025-08-01 11:07:09 AM,1415.4,48,67939.20000000001,52876490.0
2025-08-01 11:07:09 AM,1413.3,0,0.0,52876490.0
2025-08-01 11:07:10 AM,1414.6,68,96192.79999999999,52972682.8
2025-08-01 11:07:11 AM,1414.6,216,305553.6,53278236.4
2025-08-01 11:07:11 AM,1414.3,5,7071.5,53285307.9
2025-08-01 11:07:12 AM,1415.4,0,0.0,53285307.9
2025-08-01 11:07:12 AM,1415.4,36,50954.4,53336262.3
2025-08-01 11:07:14 AM,1413.6,0,0.0,53336262.3
2025-08-01 11:07:14 AM,1417.0,0,0.0,53336262.3
2025-08-01 11:07:14 AM,1417.0,729,1032993.0,54369255.3
2025-08-01 11:07:15 AM,1415.4,0,0.0,54369255.3
2025-08-01 11:07:15 AM,1415.4,2,2830.8,54372086.099999994
2025-08-01 11:07:16 AM,1416.5,0,0.0,54372086.099999994
2025-08-01 11:07:16 AM,1416.5,3,4249.5,54376335.599999994
2025-08-01 11:07:19 AM,1415.4,0,0.0,54376335.599999994
2025-08-01 11:07:19 AM,1415.4,25,35385.0,54411720.599999994
2025-08-01 11:07:19 AM,1417.0,31,43927.0,54455647.599999994
2025-08-01 11:07:20 AM,1418.2,51,72328.2,54527975.8
2025-08-01 11:07:21 AM,1419.0,0,0.0,54527975.8
2025-08-01 11:07:21 AM,1419.0,208,295152.0,54823127.8
2025-08-01 11:07:22 AM,1419.0,2,2838.0,54825965.8
2025-08-01 11:07:22 AM,1418.0,70,99260.0,54925225.8
2025-08-01 11:07:23 AM,1417.7,0,0.0,54925225.8
2025-08-01 11:07:23 AM,1417.7,552,782570.4,55707796.199999996
2025-08-01 11:07:24 AM,1417.5,55,77962.5,55785758.699999996
2025-08-01 11:07:27 AM,1416.5,20,28330.0,55814088.699999996
2025-08-01 11:07:27 AM,1417.6,0,0.0,55814088.699999996
2025-08-01 11:07:27 AM,1417.6,15,21264.0,55835352.699999996
2025-08-01 11:07:28 AM,1417.9,3,4253.700000000001,55839606.4
2025-08-01 11:07:28 AM,1416.6,0,0.0,55839606.4
2025-08-01 11:07:28 AM,1420.0,0,0.0,55839606.4
2025-08-01 11:07:28 AM,1419.9,610,866139.0,56705745.4
2025-08-01 11:07:30 AM,1419.8,31,44013.799999999996,56749759.199999996
2025-08-01 11:07:32 AM,1419.0,0,0.0,56749759.199999996
2025-08-01 11:07:32 AM,1419.0,5,7095.0,56756854.199999996
2025-08-01 11:07:33 AM,1419.8,2,2839.6,56759693.8
2025-08-01 11:07:34 AM,1419.8,229,325134.2,57084828.0
2025-08-01 11:07:35 AM,1419.9,30,42597.0,57127425.0
2025-08-01 11:07:35 AM,1418.2,57,80837.40000000001,57208262.4
2025-08-01 11:07:36 AM,1419.7,0,0.0,57208262.4
2025-08-01 11:07:36 AM,1419.7,50,70985.0,57279247.4
2025-08-01 11:07:38 AM,1419.0,20,28380.0,57307627.4
2025-08-01 11:07:39 AM,1415.8,0,0.0,57307627.4
2025-08-01 11:07:39 AM,1416.1,647,916216.7,58223844.1
2025-08-01 11:07:43 AM,1416.0,50,70800.0,58294644.1
2025-08-01 11:07:44 AM,1414.6,1439,2035609.4,60330253.5
2025-08-01 11:07:45 AM,1414.9,1,1414.9,60331668.4
2025-08-01 11:07:45 AM,1414.8,2,2829.6,60334498.0
2025-08-01 11:07:51 AM,1414.1,0,0.0,60334498.0
2025-08-01 11:07:51 AM,1414.3,53,74957.9,60409455.9
2025-08-01 11:07:57 AM,1413.6,51,72093.59999999999,60481549.5
2025-08-01 11:07:58 AM,1414.5,102,144279.0,60625828.5
2025-08-01 11:08:01 AM,1414.5,15,21217.5,60647046.0
2025-08-01 11:08:03 AM,1414.5,1,1414.5,60648460.5
2025-08-01 11:08:04 AM,1414.4,68,96179.20000000001,60744639.7
2025-08-01 11:08:06 AM,1414.3,0,0.0,60744639.7
2025-08-01 11:08:06 AM,1414.3,13,18385.899999999998,60763025.6
2025-08-01 11:08:07 AM,1414.5,2,2829.0,60765854.6
2025-08-01 11:08:10 AM,1414.4,22,31116.800000000003,60796971.4
2025-08-01 11:08:12 AM,1414.6,35,49511.0,60846482.4
2025-08-01 11:08:14 AM,1414.5,50,70725.0,60917207.4
2025-08-01 11:08:15 AM,1414.3,3,4242.9,60921450.3
2025-08-01 11:08:16 AM,1413.1,4,5652.4,60927102.699999996
2025-08-01 11:08:18 AM,1412.1,0,0.0,60927102.699999996
2025-08-01 11:08:19 AM,1412.1,48,67780.79999999999,60994883.49999999
2025-08-01 11:08:22 AM,1413.0,3,4239.0,60999122.49999999
2025-08-01 11:08:23 AM,1413.2,0,0.0,60999122.49999999
2025-08-01 11:08:23 AM,1413.2,20,28264.0,61027386.49999999
2025-08-01 11:08:27 AM,1412.1,0,0.0,61027386.49999999
2025-08-01 11:08:27 AM,1412.1,8,11296.8,61038683.29999999
2025-08-01 11:08:28 AM,1412.9,0,0.0,61038683.29999999
2025-08-01 11:08:28 AM,1412.9,3,4238.700000000001,61042921.99999999
2025-08-01 11:08:29 AM,1413.0,2,2826.0,61045747.99999999
2025-08-01 11:08:30 AM,1411.2,0,0.0,61045747.99999999
2025-08-01 11:08:30 AM,1412.4,228,322027.2,61367775.199999996
2025-08-01 11:08:32 AM,1412.7,0,0.0,61367775.199999996
2025-08-01 11:08:32 AM,1412.7,32,45206.4,61412981.599999994
2025-08-01 11:08:33 AM,1412.8,2,2825.6,61415807.199999996
2025-08-01 11:08:38 AM,1410.9,0,0.0,61415807.199999996
2025-08-01 11:08:38 AM,1410.9,75,105817.5,61521624.699999996
2025-08-01 11:08:40 AM,1412.6,0,0.0,61521624.699999996
2025-08-01 11:08:40 AM,1412.6,3,4237.799999999999,61525862.49999999
2025-08-01 11:08:41 AM,1412.0,0,0.0,61525862.49999999
2025-08-01 11:08:41 AM,1412.0,1,1412.0,61527274.49999999
2025-08-01 11:08:44 AM,1412.0,3,4236.0,61531510.49999999
2025-08-01 11:08:46 AM,1412.0,2,2824.0,61534334.49999999
2025-08-01 11:08:51 AM,1412.0,100,141200.0,61675534.49999999
2025-08-01 11:08:52 AM,1412.0,3,4236.0,61679770.49999999
2025-08-01 11:08:53 AM,1412.0,4,5648.0,61685418.49999999
2025-08-01 11:08:55 AM,1412.0,50,70600.0,61756018.49999999
2025-08-01 11:08:56 AM,1412.0,3,4236.0,61760254.49999999
2025-08-01 11:08:58 AM,1410.9,0,0.0,61760254.49999999
2025-08-01 11:08:58 AM,1410.9,37,52203.3,61812457.79999999
2025-08-01 11:09:05 AM,1411.9,0,0.0,61812457.79999999
2025-08-01 11:09:05 AM,1411.9,4,5647.6,61818105.39999999
2025-08-01 11:09:11 AM,1411.9,2,2823.8,61820929.19999999
2025-08-01 11:09:13 AM,1410.1,0,0.0,61820929.19999999
2025-08-01 11:09:14 AM,1410.1,250,352525.0,62173454.19999999
2025-08-01 11:09:17 AM,1412.0,0,0.0,62173454.19999999
2025-08-01 11:09:17 AM,1412.0,3,4236.0,62177690.19999999
2025-08-01 11:09:22 AM,1412.0,42,59304.0,62236994.19999999
2025-08-01 11:09:25 AM,1412.0,11,15532.0,62252526.19999999
2025-08-01 11:09:28 AM,1412.0,3,4236.0,62256762.19999999
2025-08-01 11:09:34 AM,1411.9,0,0.0,62256762.19999999
2025-08-01 11:09:35 AM,1412.0,0,0.0,62256762.19999999
2025-08-01 11:09:36 AM,1412.0,32,45184.0,62301946.19999999
2025-08-01 11:09:38 AM,1411.9,0,0.0,62301946.19999999
2025-08-01 11:09:38 AM,1411.9,10,14119.0,62316065.19999999
2025-08-01 11:09:40 AM,1411.6,0,0.0,62316065.19999999
2025-08-01 11:09:41 AM,1410.9,13,18341.7,62334406.89999999
2025-08-01 11:09:43 AM,1410.7,10,14107.0,62348513.89999999
2025-08-01 11:09:47 AM,1411.0,3,4233.0,62352746.89999999
2025-08-01 11:09:52 AM,1411.0,104,146744.0,62499490.89999999
2025-08-01 11:09:54 AM,1411.0,3,4233.0,62503723.89999999
2025-08-01 11:09:57 AM,1411.0,21,29631.0,62533354.89999999
2025-08-01 11:09:59 AM,1410.7,1,1410.7,62534765.599999994
2025-08-01 11:10:00 AM,1409.1,0,0.0,62534765.599999994
2025-08-01 11:10:02 AM,1408.1,0,0.0,62534765.599999994
2025-08-01 11:10:03 AM,1408.0,860,1210880.0,63745645.599999994
2025-08-01 11:10:04 AM,1407.9,3,4223.700000000001,63749869.3
2025-08-01 11:10:08 AM,1405.2,1229,1726990.8,65476860.099999994
2025-08-01 11:10:10 AM,1407.0,21,29547.0,65506407.099999994
2025-08-01 11:10:14 AM,1406.3,0,0.0,65506407.099999994
2025-08-01 11:10:15 AM,1406.6,13,18285.8,65524692.89999999
2025-08-01 11:10:16 AM,1405.8,0,0.0,65524692.89999999
2025-08-01 11:10:19 AM,1405.8,900,1265220.0,66789912.89999999
2025-08-01 11:10:22 AM,1405.7,0,0.0,66789912.89999999
2025-08-01 11:10:23 AM,1405.8,0,0.0,66789912.89999999
2025-08-01 11:10:24 AM,1404.8,63,88502.4,66878415.29999999
2025-08-01 11:10:25 AM,1405.8,0,0.0,66878415.29999999
2025-08-01 11:10:25 AM,1405.8,10,14058.0,66892473.29999999
2025-08-01 11:10:29 AM,1408.0,0,0.0,66892473.29999999
2025-08-01 11:10:29 AM,1408.9,0,0.0,66892473.29999999
2025-08-01 11:10:29 AM,1409.0,1066,1501994.0,68394467.29999998
2025-08-01 11:10:34 AM,1409.8,0,0.0,68394467.29999998
2025-08-01 11:10:35 AM,1409.8,52,73309.59999999999,68467776.89999998
2025-08-01 11:10:36 AM,1409.0,0,0.0,68467776.89999998
2025-08-01 11:10:36 AM,1409.0,50,70450.0,68538226.89999998
2025-08-01 11:10:38 AM,1409.9,0,0.0,68538226.89999998
2025-08-01 11:10:41 AM,1409.9,28,39477.200000000004,68577704.09999998
2025-08-01 11:10:45 AM,1410.5,0,0.0,68577704.09999998
2025-08-01 11:10:46 AM,1410.5,105,148102.5,68725806.59999998
2025-08-01 11:10:51 AM,1410.5,3,4231.5,68730038.09999998
2025-08-01 11:10:52 AM,1411.1,0,0.0,68730038.09999998
2025-08-01 11:10:52 AM,1411.1,32,45155.2,68775193.29999998
2025-08-01 11:10:56 AM,1409.9,0,0.0,68775193.29999998
2025-08-01 11:10:57 AM,1409.9,23,32427.7,68807620.99999999
2025-08-01 11:10:58 AM,1409.9,2,2819.8,68810440.79999998
2025-08-01 11:11:01 AM,1409.9,25,35247.5,68845688.29999998
2025-08-01 11:11:04 AM,1411.5,103,145384.5,68991072.79999998
2025-08-01 11:11:06 AM,1410.2,10,14102.0,69005174.79999998
2025-08-01 11:11:07 AM,1410.2,1,1410.2,69006584.99999999
2025-08-01 11:11:09 AM,1411.8,103,145415.4,69152000.39999999
2025-08-01 11:11:16 AM,1411.5,3,4234.5,69156234.89999999
2025-08-01 11:11:20 AM,1411.2,0,0.0,69156234.89999999
2025-08-01 11:11:20 AM,1411.2,714,1007596.8,70163831.69999999
2025-08-01 11:11:21 AM,1411.5,0,0.0,70163831.69999999
2025-08-01 11:11:21 AM,1411.5,7,9880.5,70173712.19999999
2025-08-01 11:11:21 AM,1411.8,2,2823.6,70176535.79999998
2025-08-01 11:11:25 AM,1411.8,50,70590.0,70247125.79999998
2025-08-01 11:11:27 AM,1411.7,3,4235.1,70251360.89999998
2025-08-01 11:11:28 AM,1411.8,0,0.0,70251360.89999998
2025-08-01 11:11:28 AM,1411.8,90,127062.0,70378422.89999998
2025-08-01 11:11:29 AM,1412.0,24,33888.0,70412310.89999998
2025-08-01 11:11:32 AM,1412.0,2,2824.0,70415134.89999998
2025-08-01 11:11:34 AM,1412.5,0,0.0,70415134.89999998
2025-08-01 11:11:34 AM,1412.5,2,2825.0,70417959.89999998
2025-08-01 11:11:38 AM,1413.0,0,0.0,70417959.89999998
2025-08-01 11:11:38 AM,1413.0,100,141300.0,70559259.89999998
2025-08-01 11:11:38 AM,1409.8,451,635819.7999999999,71195079.69999997
2025-08-01 11:11:39 AM,1409.8,3,4229.4,71199309.09999998
2025-08-01 11:11:44 AM,1410.2,45,63459.0,71262768.09999998
2025-08-01 11:11:46 AM,1410.0,9,12690.0,71275458.09999998
2025-08-01 11:11:46 AM,1410.3,0,0.0,71275458.09999998
2025-08-01 11:11:46 AM,1410.3,10,14103.0,71289561.09999998
2025-08-01 11:11:51 AM,1410.6,4,5642.4,71295203.49999999
2025-08-01 11:11:53 AM,1410.6,14,19748.399999999998,71314951.89999999
2025-08-01 11:11:56 AM,1410.6,10,14106.0,71329057.89999999
2025-08-01 11:11:57 AM,1411.7,2,2823.4,71331881.3
2025-08-01 11:12:04 AM,1411.8,0,0.0,71331881.3
2025-08-01 11:12:06 AM,1412.0,0,0.0,71331881.3
2025-08-01 11:12:06 AM,1410.8,0,0.0,71331881.3
2025-08-01 11:12:07 AM,1410.8,130,183404.0,71515285.3
2025-08-01 11:12:08 AM,1411.6,10,14116.0,71529401.3
2025-08-01 11:12:10 AM,1411.0,0,0.0,71529401.3
2025-08-01 11:12:12 AM,1411.0,86,121346.0,71650747.3
2025-08-01 11:12:16 AM,1410.7,0,0.0,71650747.3
2025-08-01 11:12:18 AM,1410.7,3,4232.1,71654979.39999999
2025-08-01 11:12:22 AM,1410.6,0,0.0,71654979.39999999
2025-08-01 11:12:23 AM,1410.6,2,2821.2,71657800.6
2025-08-01 11:12:28 AM,1410.9,0,0.0,71657800.6
2025-08-01 11:12:29 AM,1410.9,11,15519.900000000001,71673320.5
2025-08-01 11:12:30 AM,1411.0,0,0.0,71673320.5
2025-08-01 11:12:34 AM,1411.7,0,0.0,71673320.5
2025-08-01 11:12:34 AM,1411.7,488,688909.6,72362230.1
2025-08-01 11:12:36 AM,1411.3,0,0.0,72362230.1
2025-08-01 11:12:40 AM,1411.8,4,5647.2,72367877.3
2025-08-01 11:12:45 AM,1411.8,16,22588.8,72390466.1
2025-08-01 11:12:45 AM,1411.8,2,2823.6,72393289.69999999
2025-08-01 11:12:52 AM,1412.0,0,0.0,72393289.69999999
2025-08-01 11:12:54 AM,1412.7,0,0.0,72393289.69999999
2025-08-01 11:12:55 AM,1412.7,38,53682.6,72446972.29999998
2025-08-01 11:12:58 AM,1413.3,0,0.0,72446972.29999998
2025-08-01 11:13:00 AM,1413.3,7,9893.1,72456865.39999998
2025-08-01 11:13:04 AM,1413.0,0,0.0,72456865.39999998
2025-08-01 11:13:05 AM,1413.0,11,15543.0,72472408.39999998
2025-08-01 11:13:10 AM,1413.2,0,0.0,72472408.39999998
2025-08-01 11:13:11 AM,1413.2,2,2826.4,72475234.79999998
2025-08-01 11:13:12 AM,1413.3,0,0.0,72475234.79999998
2025-08-01 11:13:12 AM,1413.3,5,7066.5,72482301.29999998
2025-08-01 11:13:17 AM,1413.3,34,48052.2,72530353.49999999
2025-08-01 11:13:18 AM,1413.3,87,122957.09999999999,72653310.59999998
2025-08-01 11:13:22 AM,1414.7,0,0.0,72653310.59999998
2025-08-01 11:13:22 AM,1414.7,62,87711.40000000001,72741021.99999999
2025-08-01 11:13:24 AM,1414.8,0,0.0,72741021.99999999
2025-08-01 11:13:26 AM,1416.3,0,0.0,72741021.99999999
2025-08-01 11:13:27 AM,1416.9,1806,2558921.4000000004,75299943.39999999
2025-08-01 11:13:28 AM,1417.8,0,0.0,75299943.39999999
2025-08-01 11:13:29 AM,1417.8,3,4253.4,75304196.8
2025-08-01 11:13:32 AM,1416.4,0,0.0,75304196.8
2025-08-01 11:13:33 AM,1416.4,79,111895.6,75416092.39999999
2025-08-01 11:13:34 AM,1416.6,7,9916.199999999999,75426008.6
2025-08-01 11:13:38 AM,1414.3,0,0.0,75426008.6
2025-08-01 11:13:38 AM,1414.3,130,183859.0,75609867.6
2025-08-01 11:13:40 AM,1414.5,69,97600.5,75707468.1
2025-08-01 11:13:45 AM,1416.4,506,716698.4,76424166.5
2025-08-01 11:13:49 AM,1417.0,0,0.0,76424166.5
2025-08-01 11:13:49 AM,1417.0,50,70850.0,76495016.5
2025-08-01 11:13:49 AM,1414.6,0,0.0,76495016.5
2025-08-01 11:13:51 AM,1414.6,200,282920.0,76777936.5
2025-08-01 11:13:53 AM,1415.8,0,0.0,76777936.5
2025-08-01 11:13:54 AM,1415.8,13,18405.399999999998,76796341.9
2025-08-01 11:13:56 AM,1416.4,3,4249.200000000001,76800591.10000001
2025-08-01 11:13:57 AM,1415.0,0,0.0,76800591.10000001
2025-08-01 11:13:59 AM,1416.7,0,0.0,76800591.10000001
2025-08-01 11:14:00 AM,1416.7,130,184171.0,76984762.10000001
2025-08-01 11:14:05 AM,1416.9,204,289047.60000000003,77273809.7
2025-08-01 11:14:07 AM,1416.6,20,28332.0,77302141.7
2025-08-01 11:14:10 AM,1416.5,0,0.0,77302141.7
2025-08-01 11:14:11 AM,1416.5,52,73658.0,77375799.7
2025-08-01 11:14:16 AM,1414.1,203,287062.3,77662862.0
2025-08-01 11:14:22 AM,1414.2,2,2828.4,77665690.4
2025-08-01 11:14:25 AM,1415.9,0,0.0,77665690.4
2025-08-01 11:14:27 AM,1415.9,37,52388.3,77718078.7
2025-08-01 11:14:28 AM,1415.8,3,4247.4,77722326.10000001
2025-08-01 11:14:31 AM,1414.4,0,0.0,77722326.10000001
2025-08-01 11:14:32 AM,1416.4,205,290362.0,78012688.10000001
2025-08-01 11:14:34 AM,1416.3,0,0.0,78012688.10000001
2025-08-01 11:14:34 AM,1416.3,2,2832.6,78015520.7
2025-08-01 11:14:37 AM,1415.8,0,0.0,78015520.7
2025-08-01 11:14:37 AM,1415.8,1,1415.8,78016936.5
2025-08-01 11:14:39 AM,1415.0,0,0.0,78016936.5
2025-08-01 11:14:39 AM,1415.0,100,141500.0,78158436.5
2025-08-01 11:14:41 AM,1416.1,0,0.0,78158436.5
2025-08-01 11:14:43 AM,1416.1,4,5664.4,78164100.9
2025-08-01 11:14:47 AM,1415.9,0,0.0,78164100.9
2025-08-01 11:14:48 AM,1415.0,17,24055.0,78188155.9
2025-08-01 11:14:52 AM,1416.6,0,0.0,78188155.9
2025-08-01 11:14:54 AM,1417.0,298,422266.0,78610421.9
2025-08-01 11:14:59 AM,1417.8,0,0.0,78610421.9
2025-08-01 11:14:59 AM,1417.8,168,238190.4,78848612.30000001
2025-08-01 11:15:03 AM,1413.8,0,0.0,78848612.30000001
2025-08-01 11:15:05 AM,1413.9,0,0.0,78848612.30000001
2025-08-01 11:15:05 AM,1413.9,1628,2301829.2,81150441.50000001
2025-08-01 11:15:06 AM,1413.9,19,26864.100000000002,81177305.60000001
2025-08-01 11:15:10 AM,1413.9,14,19794.600000000002,81197100.2
2025-08-01 11:15:13 AM,1413.1,0,0.0,81197100.2
2025-08-01 11:15:15 AM,1413.8,0,0.0,81197100.2
2025-08-01 11:15:16 AM,1413.6,175,247379.99999999997,81444480.2
2025-08-01 11:15:19 AM,1414.2,0,0.0,81444480.2
2025-08-01 11:15:21 AM,1412.1,245,345964.5,81790444.7
2025-08-01 11:15:21 AM,1413.3,3,4239.9,81794684.60000001
2025-08-01 11:15:22 AM,1411.7,0,0.0,81794684.60000001
2025-08-01 11:15:26 AM,1411.7,22,31057.4,81825742.00000001
2025-08-01 11:15:27 AM,1412.9,0,0.0,81825742.00000001
2025-08-01 11:15:29 AM,1413.2,0,0.0,81825742.00000001
2025-08-01 11:15:31 AM,1413.2,10,14132.0,81839874.00000001
2025-08-01 11:15:35 AM,1413.5,0,0.0,81839874.00000001
2025-08-01 11:15:37 AM,1413.5,2,2827.0,81842701.00000001
2025-08-01 11:15:41 AM,1413.1,0,0.0,81842701.00000001
2025-08-01 11:15:42 AM,1413.1,8,11304.8,81854005.80000001
2025-08-01 11:15:46 AM,1413.2,0,0.0,81854005.80000001
2025-08-01 11:15:46 AM,1413.0,0,0.0,81854005.80000001
2025-08-01 11:15:47 AM,1411.8,0,0.0,81854005.80000001
2025-08-01 11:15:47 AM,1411.8,237,334596.6,82188602.4
2025-08-01 11:15:49 AM,1411.9,0,0.0,82188602.4
2025-08-01 11:15:52 AM,1412.1,0,0.0,82188602.4
2025-08-01 11:15:52 AM,1412.1,8,11296.8,82199899.2
2025-08-01 11:15:55 AM,1410.5,0,0.0,82199899.2
2025-08-01 11:15:57 AM,1410.0,240,338400.0,82538299.2
2025-08-01 11:15:58 AM,1410.5,7,9873.5,82548172.7
2025-08-01 11:16:01 AM,1415.4,0,0.0,82548172.7
2025-08-01 11:16:01 AM,1415.0,0,0.0,82548172.7
2025-08-01 11:16:01 AM,1415.0,1314,1859310.0,84407482.7
2025-08-01 11:16:02 AM,1415.4,10,14154.0,84421636.7
2025-08-01 11:16:04 AM,1416.4,4,5665.6,84427302.3
2025-08-01 11:16:06 AM,1414.7,48,67905.6,84495207.89999999
2025-08-01 11:16:06 AM,1414.6,0,0.0,84495207.89999999
2025-08-01 11:16:07 AM,1414.6,4,5658.4,84500866.3
2025-08-01 11:16:10 AM,1414.8,0,0.0,84500866.3
2025-08-01 11:16:10 AM,1414.8,2,2829.6,84503695.89999999
2025-08-01 11:16:16 AM,1415.1,0,0.0,84503695.89999999
2025-08-01 11:16:16 AM,1415.1,3,4245.299999999999,84507941.19999999
2025-08-01 11:16:20 AM,1414.3,56,79200.8,84587141.99999999
2025-08-01 11:16:22 AM,1414.3,2,2828.6,84589970.59999998
2025-08-01 11:16:24 AM,1414.8,20,28296.0,84618266.59999998
2025-08-01 11:16:27 AM,1414.8,3,4244.4,84622510.99999999
2025-08-01 11:16:34 AM,1414.8,2,2829.6,84625340.59999998
2025-08-01 11:16:39 AM,1414.7,3,4244.1,84629584.69999997
2025-08-01 11:16:43 AM,1413.3,0,0.0,84629584.69999997
2025-08-01 11:16:43 AM,1413.3,70,98931.0,84728515.69999997
2025-08-01 11:16:46 AM,1413.3,3,4239.9,84732755.59999998
2025-08-01 11:16:51 AM,1412.3,0,0.0,84732755.59999998
2025-08-01 11:16:52 AM,1413.5,0,0.0,84732755.59999998
2025-08-01 11:16:52 AM,1413.5,25,35337.5,84768093.09999998
2025-08-01 11:16:58 AM,1413.6,0,0.0,84768093.09999998
2025-08-01 11:16:58 AM,1413.6,2,2827.2,84770920.29999998
2025-08-01 11:17:02 AM,1413.0,10,14130.0,84785050.29999998
2025-08-01 11:17:05 AM,1413.6,0,0.0,84785050.29999998
2025-08-01 11:17:06 AM,1413.6,3,4240.799999999999,84789291.09999998
2025-08-01 11:17:09 AM,1413.0,0,0.0,84789291.09999998
2025-08-01 11:17:11 AM,1414.1,0,0.0,84789291.09999998
2025-08-01 11:17:11 AM,1414.1,12,16969.199999999997,84806260.29999998
2025-08-01 11:17:16 AM,1414.1,3,4242.299999999999,84810502.59999998
2025-08-01 11:17:21 AM,1414.0,2,2828.0,84813330.59999998
2025-08-01 11:17:24 AM,1414.0,5,7070.0,84820400.59999998
2025-08-01 11:17:25 AM,1413.1,0,0.0,84820400.59999998
2025-08-01 11:17:27 AM,1413.1,20,28262.0,84848662.59999998
2025-08-01 11:17:29 AM,1414.1,0,0.0,84848662.59999998
2025-08-01 11:17:29 AM,1414.1,4,5656.4,84854318.99999999
2025-08-01 11:17:33 AM,1414.1,53,74947.29999999999,84929266.29999998
2025-08-01 11:17:34 AM,1414.7,6,8488.2,84937754.49999999
2025-08-01 11:17:38 AM,1414.7,1,1414.7,84939169.19999999
2025-08-01 11:17:40 AM,1414.7,3,4244.1,84943413.29999998
2025-08-01 11:17:41 AM,1415.1,0,0.0,84943413.29999998
2025-08-01 11:17:43 AM,1415.1,139,196698.9,85140112.19999999
2025-08-01 11:17:48 AM,1415.1,79,111792.9,85251905.1
2025-08-01 11:17:50 AM,1415.1,4,5660.4,85257565.5
2025-08-01 11:17:53 AM,1415.7,0,0.0,85257565.5
2025-08-01 11:17:53 AM,1416.0,0,0.0,85257565.5
2025-08-01 11:17:54 AM,1416.0,127,179832.0,85437397.5
2025-08-01 11:17:57 AM,1416.6,0,0.0,85437397.5
2025-08-01 11:17:58 AM,1416.3,0,0.0,85437397.5
2025-08-01 11:17:59 AM,1416.3,122,172788.6,85610186.1
2025-08-01 11:18:04 AM,1416.0,0,0.0,85610186.1
2025-08-01 11:18:04 AM,1416.0,3,4248.0,85614434.1
2025-08-01 11:18:10 AM,1416.9,0,0.0,85614434.1
2025-08-01 11:18:10 AM,1416.9,7,9918.300000000001,85624352.39999999
2025-08-01 11:18:14 AM,1417.0,0,0.0,85624352.39999999
2025-08-01 11:18:15 AM,1417.0,73,103441.0,85727793.39999999
2025-08-01 11:18:17 AM,1417.0,25,35425.0,85763218.39999999
2025-08-01 11:18:22 AM,1417.6,0,0.0,85763218.39999999
2025-08-01 11:18:22 AM,1417.6,2,2835.2,85766053.6
2025-08-01 11:18:23 AM,1416.9,0,0.0,85766053.6
2025-08-01 11:18:25 AM,1417.6,0,0.0,85766053.6
2025-08-01 11:18:26 AM,1418.0,133,188594.0,85954647.6
2025-08-01 11:18:28 AM,1418.0,3,4254.0,85958901.6
2025-08-01 11:18:32 AM,1419.0,0,0.0,85958901.6
2025-08-01 11:18:32 AM,1419.0,109,154671.0,86113572.6
2025-08-01 11:18:33 AM,1417.5,27,38272.5,86151845.1
2025-08-01 11:18:36 AM,1418.0,0,0.0,86151845.1
2025-08-01 11:18:38 AM,1418.0,20,28360.0,86180205.1
2025-08-01 11:18:39 AM,1417.4,186,263636.4,86443841.5
2025-08-01 11:18:40 AM,1417.1,0,0.0,86443841.5
2025-08-01 11:18:42 AM,1418.0,0,0.0,86443841.5
2025-08-01 11:18:44 AM,1418.0,113,160234.0,86604075.5
2025-08-01 11:18:46 AM,1417.6,0,0.0,86604075.5
2025-08-01 11:18:50 AM,1417.6,2,2835.2,86606910.7
2025-08-01 11:18:51 AM,1418.0,0,0.0,86606910.7
2025-08-01 11:18:55 AM,1417.5,107,151672.5,86758583.2
2025-08-01 11:18:58 AM,1418.0,0,0.0,86758583.2
2025-08-01 11:19:00 AM,1417.6,0,0.0,86758583.2
2025-08-01 11:19:01 AM,1418.0,72,102096.0,86860679.2
2025-08-01 11:19:02 AM,1417.5,0,0.0,86860679.2
2025-08-01 11:19:05 AM,1418.0,0,0.0,86860679.2
2025-08-01 11:19:07 AM,1418.0,92,130456.0,86991135.2
2025-08-01 11:19:11 AM,1417.5,0,0.0,86991135.2
2025-08-01 11:19:13 AM,1417.5,9,12757.5,87003892.7
2025-08-01 11:19:14 AM,1418.0,0,0.0,87003892.7
2025-08-01 11:19:14 AM,1417.5,0,0.0,87003892.7
2025-08-01 11:19:16 AM,1418.0,0,0.0,87003892.7
2025-08-01 11:19:18 AM,1418.0,33,46794.0,87050686.7
2025-08-01 11:19:19 AM,1417.5,10,14175.0,87064861.7
2025-08-01 11:19:22 AM,1418.0,0,0.0,87064861.7
2025-08-01 11:19:24 AM,1418.0,4,5672.0,87070533.7
2025-08-01 11:19:24 AM,1418.0,100,141800.0,87212333.7
2025-08-01 11:19:29 AM,1418.0,3,4254.0,87216587.7
2025-08-01 11:19:34 AM,1418.0,73,103514.0,87320101.7
2025-08-01 11:19:40 AM,1418.0,4,5672.0,87325773.7
2025-08-01 11:19:46 AM,1418.0,2,2836.0,87328609.7
2025-08-01 11:19:50 AM,1418.0,3,4254.0,87332863.7
2025-08-01 11:19:55 AM,1417.0,0,0.0,87332863.7
2025-08-01 11:19:56 AM,1417.0,430,609310.0,87942173.7
2025-08-01 11:19:58 AM,1416.8,0,0.0,87942173.7
2025-08-01 11:20:01 AM,1416.8,2,2833.6,87945007.3
2025-08-01 11:20:04 AM,1416.7,0,0.0,87945007.3
2025-08-01 11:20:05 AM,1417.0,0,0.0,87945007.3
2025-08-01 11:20:07 AM,1417.0,28,39676.0,87984683.3
2025-08-01 11:20:12 AM,1417.0,19,26923.0,88011606.3
2025-08-01 11:20:17 AM,1417.0,4,5668.0,88017274.3
2025-08-01 11:20:23 AM,1417.0,103,145951.0,88163225.3
2025-08-01 11:20:27 AM,1416.0,0,0.0,88163225.3
2025-08-01 11:20:28 AM,1414.8,830,1174284.0,89337509.3
2025-08-01 11:20:34 AM,1415.4,0,0.0,89337509.3
2025-08-01 11:20:38 AM,1415.4,2,2830.8,89340340.1
2025-08-01 11:20:40 AM,1415.8,0,0.0,89340340.1
2025-08-01 11:20:43 AM,1415.8,3,4247.4,89344587.5
2025-08-01 11:20:48 AM,1415.8,2,2831.6,89347419.1
2025-08-01 11:20:53 AM,1415.8,3,4247.4,89351666.5
2025-08-01 11:20:58 AM,1416.0,0,0.0,89351666.5
2025-08-01 11:20:58 AM,1415.8,350,495530.0,89847196.5
2025-08-01 11:21:02 AM,1416.5,0,0.0,89847196.5
2025-08-01 11:21:04 AM,1417.3,148,209760.4,90056956.9
2025-08-01 11:21:10 AM,1417.4,0,0.0,90056956.9
2025-08-01 11:21:15 AM,1417.4,2,2834.8,90059791.7
2025-08-01 11:21:16 AM,1417.5,0,0.0,90059791.7
2025-08-01 11:21:20 AM,1417.5,3,4252.5,90064044.2
2025-08-01 11:21:22 AM,1417.3,0,0.0,90064044.2
2025-08-01 11:21:25 AM,1417.3,2,2834.6,90066878.8
2025-08-01 11:21:29 AM,1415.6,0,0.0,90066878.8
2025-08-01 11:21:30 AM,1416.4,80,113312.0,90180190.8
2025-08-01 11:21:32 AM,1415.1,0,0.0,90180190.8
2025-08-01 11:21:35 AM,1416.0,0,0.0,90180190.8
2025-08-01 11:21:36 AM,1416.0,74,104784.0,90284974.8
2025-08-01 11:21:38 AM,1415.9,0,0.0,90284974.8
2025-08-01 11:21:41 AM,1415.9,5,7079.5,90292054.3
2025-08-01 11:21:46 AM,1416.0,2,2832.0,90294886.3
2025-08-01 11:21:52 AM,1416.0,3,4248.0,90299134.3
2025-08-01 11:21:56 AM,1416.0,8,11328.0,90310462.3
2025-08-01 11:21:59 AM,1415.3,0,0.0,90310462.3
2025-08-01 11:22:01 AM,1415.3,3,4245.9,90314708.2
2025-08-01 11:22:02 AM,1414.6,58,82046.79999999999,90396755.0
2025-08-01 11:22:04 AM,1415.5,0,0.0,90396755.0
2025-08-01 11:22:06 AM,1415.5,3,4246.5,90401001.5
2025-08-01 11:22:08 AM,1414.1,0,0.0,90401001.5
2025-08-01 11:22:10 AM,1415.6,0,0.0,90401001.5
2025-08-01 11:22:12 AM,1415.6,73,103338.79999999999,90504340.3
2025-08-01 11:22:17 AM,1415.6,3,4246.799999999999,90508587.1
2025-08-01 11:22:21 AM,1417.9,0,0.0,90508587.1
2025-08-01 11:22:23 AM,1417.9,372,527458.8,91036045.89999999
2025-08-01 11:22:28 AM,1417.9,6,8507.400000000001,91044553.3
2025-08-01 11:22:33 AM,1417.9,3,4253.700000000001,91048807.0
2025-08-01 11:22:39 AM,1417.9,100,141790.0,91190597.0
2025-08-01 11:22:39 AM,1417.9,4,5671.6,91196268.6
2025-08-01 11:22:44 AM,1417.9,41,58133.9,91254402.5
2025-08-01 11:22:46 AM,1418.0,0,0.0,91254402.5
2025-08-01 11:22:49 AM,1417.8,0,0.0,91254402.5
2025-08-01 11:22:49 AM,1417.8,539,764194.2,92018596.7
2025-08-01 11:22:52 AM,1418.5,0,0.0,92018596.7
2025-08-01 11:22:54 AM,1418.5,3,4255.5,92022852.2
2025-08-01 11:22:58 AM,1419.0,0,0.0,92022852.2
2025-08-01 11:22:59 AM,1419.0,2,2838.0,92025690.2
2025-08-01 11:23:01 AM,1418.5,0,0.0,92025690.2
2025-08-01 11:23:02 AM,1419.0,0,0.0,92025690.2
2025-08-01 11:23:03 AM,1418.6,0,0.0,92025690.2
2025-08-01 11:23:04 AM,1419.8,0,0.0,92025690.2
2025-08-01 11:23:05 AM,1419.8,261,370567.8,92396258.0
2025-08-01 11:23:10 AM,1420.0,113,160460.0,92556718.0
2025-08-01 11:23:11 AM,1418.8,0,0.0,92556718.0
2025-08-01 11:23:12 AM,1420.0,0,0.0,92556718.0
2025-08-01 11:23:13 AM,1417.9,0,0.0,92556718.0
2025-08-01 11:23:14 AM,1419.6,0,0.0,92556718.0
2025-08-01 11:23:16 AM,1420.0,1380,1959600.0,94516318.0
2025-08-01 11:23:18 AM,1419.3,0,0.0,94516318.0
2025-08-01 11:23:21 AM,1419.3,9,12773.699999999999,94529091.7
2025-08-01 11:23:22 AM,1420.0,0,0.0,94529091.7
2025-08-01 11:23:26 AM,1420.0,2,2840.0,94531931.7
2025-08-01 11:23:31 AM,1420.0,4,5680.0,94537611.7
2025-08-01 11:23:35 AM,1418.8,0,0.0,94537611.7
2025-08-01 11:23:37 AM,1418.8,62,87965.59999999999,94625577.3
2025-08-01 11:23:41 AM,1419.5,0,0.0,94625577.3
2025-08-01 11:23:42 AM,1419.8,53,75249.4,94700826.7
2025-08-01 11:23:45 AM,1419.7,0,0.0,94700826.7
2025-08-01 11:23:46 AM,1419.8,0,0.0,94700826.7
2025-08-01 11:23:46 AM,1419.8,54,76669.2,94777495.9
2025-08-01 11:23:51 AM,1419.8,3,4259.4,94781755.30000001
2025-08-01 11:23:56 AM,1419.8,3,4259.4,94786014.70000002
2025-08-01 11:24:01 AM,1419.8,2,2839.6,94788854.30000001
2025-08-01 11:24:02 AM,1418.3,0,0.0,94788854.30000001
2025-08-01 11:24:04 AM,1419.6,0,0.0,94788854.30000001
2025-08-01 11:24:06 AM,1419.6,470,667212.0,95456066.30000001
2025-08-01 11:24:07 AM,1419.4,0,0.0,95456066.30000001
2025-08-01 11:24:08 AM,1418.5,0,0.0,95456066.30000001
2025-08-01 11:24:10 AM,1419.8,0,0.0,95456066.30000001
2025-08-01 11:24:11 AM,1419.8,904,1283499.2,96739565.50000001
2025-08-01 11:24:16 AM,1420.8,0,0.0,96739565.50000001
2025-08-01 11:24:16 AM,1420.8,19,26995.2,96766560.70000002
2025-08-01 11:24:22 AM,1420.5,2,2841.0,96769401.70000002
2025-08-01 11:24:24 AM,1421.1,0,0.0,96769401.70000002
2025-08-01 11:24:28 AM,1420.7,39,55407.3,96824809.00000001
2025-08-01 11:24:30 AM,1421.1,0,0.0,96824809.00000001
2025-08-01 11:24:33 AM,1421.1,75,106582.5,96931391.50000001
2025-08-01 11:24:33 AM,1420.5,1,1420.5,96932812.00000001
2025-08-01 11:24:34 AM,1421.0,0,0.0,96932812.00000001
2025-08-01 11:24:35 AM,1420.5,0,0.0,96932812.00000001
2025-08-01 11:24:38 AM,1420.9,358,508682.2,97441494.20000002
2025-08-01 11:24:40 AM,1421.0,0,0.0,97441494.20000002
2025-08-01 11:24:43 AM,1421.0,3,4263.0,97445757.20000002
2025-08-01 11:24:46 AM,1420.5,0,0.0,97445757.20000002
2025-08-01 11:24:49 AM,1420.5,2,2841.0,97448598.20000002
2025-08-01 11:24:51 AM,1418.3,0,0.0,97448598.20000002
2025-08-01 11:24:52 AM,1419.5,0,0.0,97448598.20000002
2025-08-01 11:24:54 AM,1419.5,934,1325813.0,98774411.20000002
2025-08-01 11:24:59 AM,1419.5,25,35487.5,98809898.70000002
2025-08-01 11:25:04 AM,1420.1,0,0.0,98809898.70000002
2025-08-01 11:25:05 AM,1420.1,21,29822.1,98839720.80000001
2025-08-01 11:25:10 AM,1419.5,3,4258.5,98843979.30000001
2025-08-01 11:25:10 AM,1418.3,48,68078.4,98912057.70000002
2025-08-01 11:25:12 AM,1419.6,0,0.0,98912057.70000002
2025-08-01 11:25:15 AM,1419.6,118,167512.8,99079570.50000001
2025-08-01 11:25:15 AM,1419.8,3,4259.4,99083829.90000002
2025-08-01 11:25:19 AM,1419.6,0,0.0,99083829.90000002
2025-08-01 11:25:20 AM,1419.6,102,144799.19999999998,99228629.10000002
2025-08-01 11:25:22 AM,1420.0,0,0.0,99228629.10000002
2025-08-01 11:25:25 AM,1420.0,2,2840.0,99231469.10000002
2025-08-01 11:25:27 AM,1419.6,0,0.0,99231469.10000002
2025-08-01 11:25:28 AM,1419.5,0,0.0,99231469.10000002
2025-08-01 11:25:30 AM,1419.5,15,21292.5,99252761.60000002
2025-08-01 11:25:34 AM,1418.1,0,0.0,99252761.60000002
2025-08-01 11:25:36 AM,1418.1,103,146064.3,99398825.90000002
2025-08-01 11:25:40 AM,1418.3,0,0.0,99398825.90000002
2025-08-01 11:25:41 AM,1418.3,23,32620.899999999998,99431446.80000003
2025-08-01 11:25:44 AM,1420.0,0,0.0,99431446.80000003
2025-08-01 11:25:44 AM,1418.1,0,0.0,99431446.80000003
2025-08-01 11:25:46 AM,1419.2,0,0.0,99431446.80000003
2025-08-01 11:25:46 AM,1419.2,267,378926.4,99810373.20000003
2025-08-01 11:25:51 AM,1419.5,0,0.0,99810373.20000003
2025-08-01 11:25:51 AM,1419.5,5,7097.5,99817470.70000003
2025-08-01 11:25:58 AM,1419.2,0,0.0,99817470.70000003
2025-08-01 11:26:01 AM,1419.2,2,2838.4,99820309.10000004
2025-08-01 11:26:07 AM,1419.2,3,4257.6,99824566.70000003
2025-08-01 11:26:12 AM,1419.2,2,2838.4,99827405.10000004
2025-08-01 11:26:17 AM,1419.2,5,7096.0,99834501.10000004
2025-08-01 11:26:22 AM,1419.2,2,2838.4,99837339.50000004
2025-08-01 11:26:27 AM,1419.2,3,4257.6,99841597.10000004
2025-08-01 11:26:32 AM,1419.2,12,17030.4,99858627.50000004
2025-08-01 11:26:33 AM,1419.2,3,4257.6,99862885.10000004
2025-08-01 11:26:38 AM,1419.2,2,2838.4,99865723.50000004
2025-08-01 11:26:43 AM,1419.2,3,4257.6,99869981.10000004
2025-08-01 11:26:48 AM,1419.2,2,2838.4,99872819.50000004
2025-08-01 11:26:53 AM,1419.2,3,4257.6,99877077.10000004
2025-08-01 11:26:58 AM,1419.2,2,2838.4,99879915.50000004
2025-08-01 11:27:04 AM,1419.2,3,4257.6,99884173.10000004
2025-08-01 11:27:05 AM,1418.2,0,0.0,99884173.10000004
2025-08-01 11:27:07 AM,1418.2,20,28364.0,99912537.10000004
2025-08-01 11:27:08 AM,1418.4,0,0.0,99912537.10000004
2025-08-01 11:27:09 AM,1418.4,1,1418.4,99913955.50000004
2025-08-01 11:27:10 AM,1419.2,0,0.0,99913955.50000004
2025-08-01 11:27:12 AM,1419.2,3,4257.6,99918213.10000004
2025-08-01 11:27:13 AM,1417.6,0,0.0,99918213.10000004
2025-08-01 11:27:14 AM,1417.6,297,421027.19999999995,100339240.30000004
2025-08-01 11:27:15 AM,1416.1,0,0.0,100339240.30000004
2025-08-01 11:27:16 AM,1417.4,0,0.0,100339240.30000004
2025-08-01 11:27:18 AM,1417.4,35,49609.0,100388849.30000004
2025-08-01 11:27:23 AM,1417.4,3,4252.200000000001,100393101.50000004
2025-08-01 11:27:28 AM,1417.3,0,0.0,100393101.50000004
2025-08-01 11:27:28 AM,1417.3,3,4251.9,100397353.40000005
2025-08-01 11:27:30 AM,1416.0,44,62304.0,100459657.40000005
2025-08-01 11:27:31 AM,1414.7,0,0.0,100459657.40000005
2025-08-01 11:27:32 AM,1412.6,0,0.0,100459657.40000005
2025-08-01 11:27:33 AM,1412.6,717,1012834.2,101472491.60000005
2025-08-01 11:27:34 AM,1415.3,0,0.0,101472491.60000005
2025-08-01 11:27:35 AM,1415.3,2,2830.6,101475322.20000005
2025-08-01 11:27:39 AM,1414.7,20,28294.0,101503616.20000005
2025-08-01 11:27:40 AM,1414.7,3,4244.1,101507860.30000004
2025-08-01 11:27:44 AM,1414.7,30,42441.0,101550301.30000004
2025-08-01 11:27:46 AM,1414.0,0,0.0,101550301.30000004
2025-08-01 11:27:49 AM,1414.0,28,39592.0,101589893.30000004
2025-08-01 11:27:53 AM,1412.9,0,0.0,101589893.30000004
2025-08-01 11:27:54 AM,1412.9,103,145528.7,101735422.00000004
2025-08-01 11:27:58 AM,1413.9,0,0.0,101735422.00000004
2025-08-01 11:27:59 AM,1413.9,7,9897.300000000001,101745319.30000004
2025-08-01 11:28:04 AM,1414.0,0,0.0,101745319.30000004
2025-08-01 11:28:04 AM,1414.0,8,11312.0,101756631.30000004
2025-08-01 11:28:07 AM,1413.0,0,0.0,101756631.30000004
2025-08-01 11:28:08 AM,1413.9,0,0.0,101756631.30000004
2025-08-01 11:28:09 AM,1413.8,94,132897.19999999998,101889528.50000004
2025-08-01 11:28:12 AM,1413.1,0,0.0,101889528.50000004
2025-08-01 11:28:15 AM,1413.7,99,139956.30000000002,102029484.80000004
2025-08-01 11:28:16 AM,1413.9,0,0.0,102029484.80000004
2025-08-01 11:28:16 AM,1413.9,3,4241.700000000001,102033726.50000004
2025-08-01 11:28:22 AM,1413.9,2,2827.8,102036554.30000004
2025-08-01 11:28:24 AM,1413.1,0,0.0,102036554.30000004
2025-08-01 11:28:24 AM,1413.0,0,0.0,102036554.30000004
2025-08-01 11:28:25 AM,1413.0,54,76302.0,102112856.30000004
2025-08-01 11:28:28 AM,1413.9,0,0.0,102112856.30000004
2025-08-01 11:28:30 AM,1413.0,0,0.0,102112856.30000004
2025-08-01 11:28:30 AM,1413.0,11,15543.0,102128399.30000004
2025-08-01 11:28:34 AM,1413.9,0,0.0,102128399.30000004
2025-08-01 11:28:36 AM,1413.9,2,2827.8,102131227.10000004
2025-08-01 11:28:41 AM,1413.9,26,36761.4,102167988.50000004
2025-08-01 11:28:43 AM,1413.0,0,0.0,102167988.50000004
2025-08-01 11:28:45 AM,1413.9,0,0.0,102167988.50000004
2025-08-01 11:28:46 AM,1413.9,133,188048.7,102356037.20000005
2025-08-01 11:28:52 AM,1413.9,4,5655.6,102361692.80000004
2025-08-01 11:28:54 AM,1413.1,0,0.0,102361692.80000004
2025-08-01 11:28:55 AM,1413.1,20,28262.0,102389954.80000004
2025-08-01 11:28:58 AM,1413.9,2,2827.8,102392782.60000004
2025-08-01 11:29:03 AM,1413.9,11,15552.900000000001,102408335.50000004
2025-08-01 11:29:04 AM,1413.8,0,0.0,102408335.50000004
2025-08-01 11:29:05 AM,1413.0,0,0.0,102408335.50000004
2025-08-01 11:29:05 AM,1413.0,14,19782.0,102428117.50000004
2025-08-01 11:29:11 AM,1413.8,2,2827.6,102430945.10000004
2025-08-01 11:29:16 AM,1412.4,213,300841.2,102731786.30000004
2025-08-01 11:29:19 AM,1412.6,0,0.0,102731786.30000004
2025-08-01 11:29:19 AM,1412.6,2,2825.2,102734611.50000004
2025-08-01 11:29:22 AM,1412.6,3,4237.799999999999,102738849.30000004
2025-08-01 11:29:26 AM,1412.4,0,0.0,102738849.30000004
2025-08-01 11:29:27 AM,1410.6,0,0.0,102738849.30000004
2025-08-01 11:29:27 AM,1410.6,416,586809.6,103325658.90000004
2025-08-01 11:29:28 AM,1411.0,0,0.0,103325658.90000004
2025-08-01 11:29:30 AM,1411.0,4,5644.0,103331302.90000004
2025-08-01 11:29:32 AM,1411.6,0,0.0,103331302.90000004
2025-08-01 11:29:32 AM,1411.6,80,112928.0,103444230.90000004
2025-08-01 11:29:34 AM,1412.9,0,0.0,103444230.90000004
2025-08-01 11:29:35 AM,1412.9,2,2825.8,103447056.70000003
2025-08-01 11:29:36 AM,1410.4,0,0.0,103447056.70000003
2025-08-01 11:29:37 AM,1410.4,614,865985.6000000001,104313042.30000003
2025-08-01 11:29:38 AM,1411.9,0,0.0,104313042.30000003
2025-08-01 11:29:39 AM,1410.8,0,0.0,104313042.30000003
2025-08-01 11:29:40 AM,1411.4,20,28228.0,104341270.30000003
2025-08-01 11:29:45 AM,1411.4,30,42342.0,104383612.30000003
2025-08-01 11:29:46 AM,1410.5,0,0.0,104383612.30000003
2025-08-01 11:29:46 AM,1411.9,0,0.0,104383612.30000003
2025-08-01 11:29:48 AM,1411.9,115,162368.5,104545980.80000003
2025-08-01 11:29:50 AM,1410.5,0,0.0,104545980.80000003
2025-08-01 11:29:50 AM,1410.5,100,141050.0,104687030.80000003
2025-08-01 11:29:51 AM,1412.4,0,0.0,104687030.80000003
2025-08-01 11:29:52 AM,1413.7,0,0.0,104687030.80000003
2025-08-01 11:29:53 AM,1413.7,70,98959.0,104785989.80000003
2025-08-01 11:29:55 AM,1411.7,0,0.0,104785989.80000003
2025-08-01 11:29:55 AM,1411.7,120,169404.0,104955393.80000003
2025-08-01 11:29:58 AM,1413.2,0,0.0,104955393.80000003
2025-08-01 11:29:58 AM,1413.2,2,2826.4,104958220.20000003
2025-08-01 11:30:00 AM,1411.8,0,0.0,104958220.20000003
2025-08-01 11:30:00 AM,1411.8,33,46589.4,105004809.60000004
2025-08-01 11:30:02 AM,1411.0,0,0.0,105004809.60000004
2025-08-01 11:30:03 AM,1411.8,0,0.0,105004809.60000004
2025-08-01 11:30:03 AM,1411.8,241,340243.8,105345053.40000004
2025-08-01 11:30:05 AM,1412.9,0,0.0,105345053.40000004
2025-08-01 11:30:05 AM,1411.4,20,28228.0,105373281.40000004
2025-08-01 11:30:10 AM,1412.7,0,0.0,105373281.40000004
2025-08-01 11:30:11 AM,1412.7,2,2825.4,105376106.80000004
2025-08-01 11:30:16 AM,1412.7,3,4238.1,105380344.90000004
2025-08-01 11:30:24 AM,1412.7,10,14127.0,105394471.90000004
2025-08-01 11:30:28 AM,1412.8,0,0.0,105394471.90000004
2025-08-01 11:30:29 AM,1412.8,3,4238.4,105398710.30000004
2025-08-01 11:30:34 AM,1412.8,23,32494.399999999998,105431204.70000005
2025-08-01 11:30:42 AM,1412.8,41,57924.799999999996,105489129.50000004
2025-08-01 11:30:42 AM,1412.9,0,0.0,105489129.50000004
2025-08-01 11:30:44 AM,1412.9,2,2825.8,105491955.30000004
2025-08-01 11:30:46 AM,1412.9,23,32496.7,105524452.00000004
2025-08-01 11:30:52 AM,1412.7,0,0.0,105524452.00000004
2025-08-01 11:30:53 AM,1412.7,3,4238.1,105528690.10000004
2025-08-01 11:30:58 AM,1412.9,12,16954.800000000003,105545644.90000004
2025-08-01 11:31:04 AM,1412.8,3,4238.4,105549883.30000004
2025-08-01 11:31:07 AM,1412.8,2,2825.6,105552708.90000004
2025-08-01 11:31:12 AM,1412.8,4,5651.2,105558360.10000004
2025-08-01 11:31:16 AM,1412.9,0,0.0,105558360.10000004
2025-08-01 11:31:17 AM,1412.9,3,4238.700000000001,105562598.80000004
2025-08-01 11:31:19 AM,1412.1,43,60720.299999999996,105623319.10000004
2025-08-01 11:31:22 AM,1412.9,2,2825.8,105626144.90000004
2025-08-01 11:31:28 AM,1412.6,105,148323.0,105774467.90000004
2025-08-01 11:31:30 AM,1412.6,3,4237.799999999999,105778705.70000003
2025-08-01 11:31:33 AM,1412.5,4,5650.0,105784355.70000003
2025-08-01 11:31:34 AM,1412.6,0,0.0,105784355.70000003
2025-08-01 11:31:35 AM,1412.6,2,2825.2,105787180.90000004
2025-08-01 11:31:38 AM,1412.6,60,84756.0,105871936.90000004
2025-08-01 11:31:40 AM,1412.6,3,4237.799999999999,105876174.70000003
2025-08-01 11:31:43 AM,1412.5,16,22600.0,105898774.70000003
2025-08-01 11:31:45 AM,1412.5,30,42375.0,105941149.70000003
2025-08-01 11:31:45 AM,1412.1,0,0.0,105941149.70000003
2025-08-01 11:31:46 AM,1412.5,0,0.0,105941149.70000003
2025-08-01 11:31:48 AM,1412.5,95,134187.5,106075337.20000003
2025-08-01 11:31:50 AM,1412.4,0,0.0,106075337.20000003
2025-08-01 11:31:52 AM,1412.6,0,0.0,106075337.20000003
2025-08-01 11:31:53 AM,1412.6,4,5650.4,106080987.60000004
2025-08-01 11:31:58 AM,1412.6,3,4237.799999999999,106085225.40000004
2025-08-01 11:32:05 AM,1412.5,3,4237.5,106089462.90000004
2025-08-01 11:32:08 AM,1411.3,0,0.0,106089462.90000004
2025-08-01 11:32:09 AM,1411.3,50,70565.0,106160027.90000004
2025-08-01 11:32:10 AM,1412.2,0,0.0,106160027.90000004
2025-08-01 11:32:10 AM,1412.2,3,4236.6,106164264.50000003
2025-08-01 11:32:16 AM,1412.4,3,4237.200000000001,106168501.70000003
2025-08-01 11:32:24 AM,1412.4,5,7062.0,106175563.70000003
2025-08-01 11:32:28 AM,1412.5,0,0.0,106175563.70000003
2025-08-01 11:32:29 AM,1412.5,3,4237.5,106179801.20000003
2025-08-01 11:32:35 AM,1412.5,2,2825.0,106182626.20000003
2025-08-01 11:32:35 AM,1411.7,0,0.0,106182626.20000003
2025-08-01 11:32:36 AM,1411.7,2,2823.4,106185449.60000004
2025-08-01 11:32:40 AM,1412.4,3,4237.200000000001,106189686.80000004
2025-08-01 11:32:47 AM,1412.4,2,2824.8,106192511.60000004
2025-08-01 11:32:51 AM,1412.5,4,5650.0,106198161.60000004
2025-08-01 11:32:56 AM,1411.6,145,204682.0,106402843.60000004
2025-08-01 11:32:58 AM,1411.5,0,0.0,106402843.60000004
2025-08-01 11:33:00 AM,1410.4,0,0.0,106402843.60000004
2025-08-01 11:33:01 AM,1410.4,77,108600.8,106511444.40000004
2025-08-01 11:33:04 AM,1410.9,0,0.0,106511444.40000004
2025-08-01 11:33:06 AM,1410.9,49,69134.1,106580578.50000003
2025-08-01 11:33:07 AM,1411.9,0,0.0,106580578.50000003
2025-08-01 11:33:07 AM,1411.9,75,105892.5,106686471.00000003
2025-08-01 11:33:08 AM,1411.6,0,0.0,106686471.00000003
2025-08-01 11:33:10 AM,1411.8,0,0.0,106686471.00000003
2025-08-01 11:33:12 AM,1410.3,34,47950.2,106734421.20000003
2025-08-01 11:33:12 AM,1410.2,0,0.0,106734421.20000003
2025-08-01 11:33:12 AM,1410.2,24,33844.8,106768266.00000003
2025-08-01 11:33:15 AM,1411.2,0,0.0,106768266.00000003
2025-08-01 11:33:17 AM,1411.2,10,14112.0,106782378.00000003
2025-08-01 11:33:19 AM,1412.1,0,0.0,106782378.00000003
2025-08-01 11:33:22 AM,1412.3,102,144054.6,106926432.60000002
2025-08-01 11:33:22 AM,1410.3,0,0.0,106926432.60000002
2025-08-01 11:33:22 AM,1410.3,1564,2205709.1999999997,109132141.80000003
2025-08-01 11:33:28 AM,1411.6,0,0.0,109132141.80000003
2025-08-01 11:33:30 AM,1411.7,0,0.0,109132141.80000003
2025-08-01 11:33:31 AM,1411.7,24,33880.8,109166022.60000002
2025-08-01 11:33:34 AM,1411.6,0,0.0,109166022.60000002
2025-08-01 11:33:36 AM,1411.6,8,11292.8,109177315.40000002
2025-08-01 11:33:40 AM,1412.2,0,0.0,109177315.40000002
2025-08-01 11:33:42 AM,1412.2,10,14122.0,109191437.40000002
2025-08-01 11:33:47 AM,1412.2,2,2824.4,109194261.80000003
2025-08-01 11:33:48 AM,1411.2,0,0.0,109194261.80000003
2025-08-01 11:33:49 AM,1412.2,0,0.0,109194261.80000003
2025-08-01 11:33:52 AM,1411.9,0,0.0,109194261.80000003
2025-08-01 11:33:52 AM,1411.9,56,79066.40000000001,109273328.20000003
2025-08-01 11:33:58 AM,1411.9,2,2823.8,109276152.00000003
2025-08-01 11:34:02 AM,1411.9,8,11295.2,109287447.20000003
2025-08-01 11:34:04 AM,1412.2,0,0.0,109287447.20000003
2025-08-01 11:34:07 AM,1412.2,15,21183.0,109308630.20000003
2025-08-01 11:34:12 AM,1412.2,2,2824.4,109311454.60000004
2025-08-01 11:34:16 AM,1411.2,0,0.0,109311454.60000004
2025-08-01 11:34:18 AM,1411.2,11,15523.2,109326977.80000004
2025-08-01 11:34:19 AM,1411.8,0,0.0,109326977.80000004
2025-08-01 11:34:22 AM,1411.8,16,22588.8,109349566.60000004
2025-08-01 11:34:25 AM,1411.9,0,0.0,109349566.60000004
2025-08-01 11:34:27 AM,1411.2,0,0.0,109349566.60000004
2025-08-01 11:34:27 AM,1412.1,14,19769.399999999998,109369336.00000004
2025-08-01 11:34:30 AM,1412.2,0,0.0,109369336.00000004
2025-08-01 11:34:33 AM,1412.2,26,36717.200000000004,109406053.20000005
2025-08-01 11:34:38 AM,1412.2,2,2824.4,109408877.60000005
2025-08-01 11:34:43 AM,1412.2,3,4236.6,109413114.20000005
2025-08-01 11:34:44 AM,1411.5,1,1411.5,109414525.70000005
2025-08-01 11:34:47 AM,1412.1,0,0.0,109414525.70000005
2025-08-01 11:34:49 AM,1412.1,2,2824.2,109417349.90000005
2025-08-01 11:34:52 AM,1412.2,0,0.0,109417349.90000005
2025-08-01 11:34:54 AM,1412.2,12,16946.4,109434296.30000006
2025-08-01 11:34:58 AM,1412.1,0,0.0,109434296.30000006
2025-08-01 11:34:59 AM,1412.1,3,4236.299999999999,109438532.60000005
2025-08-01 11:35:04 AM,1412.1,3,4236.299999999999,109442768.90000005
2025-08-01 11:35:10 AM,1412.1,2,2824.2,109445593.10000005
2025-08-01 11:35:16 AM,1412.0,0,0.0,109445593.10000005
2025-08-01 11:35:21 AM,1412.0,3,4236.0,109449829.10000005
2025-08-01 11:35:26 AM,1412.0,2,2824.0,109452653.10000005
2025-08-01 11:35:28 AM,1411.5,0,0.0,109452653.10000005
2025-08-01 11:35:31 AM,1411.5,29,40933.5,109493586.60000005
2025-08-01 11:35:32 AM,1409.7,0,0.0,109493586.60000005
2025-08-01 11:35:34 AM,1410.3,0,0.0,109493586.60000005
2025-08-01 11:35:37 AM,1409.6,548,772460.7999999999,110266047.40000005
2025-08-01 11:35:37 AM,1408.9,0,0.0,110266047.40000005
2025-08-01 11:35:42 AM,1409.1,65,91591.5,110357638.90000005
2025-08-01 11:35:43 AM,1409.0,0,0.0,110357638.90000005
2025-08-01 11:35:46 AM,1409.1,0,0.0,110357638.90000005
2025-08-01 11:35:47 AM,1409.1,5,7045.5,110364684.40000005
2025-08-01 11:35:52 AM,1409.2,3,4227.6,110368912.00000004
2025-08-01 11:35:53 AM,1409.0,0,0.0,110368912.00000004
2025-08-01 11:35:57 AM,1409.0,16,22544.0,110391456.00000004
2025-08-01 11:35:58 AM,1409.3,0,0.0,110391456.00000004
2025-08-01 11:35:59 AM,1408.9,0,0.0,110391456.00000004
2025-08-01 11:36:02 AM,1408.9,437,615689.3,111007145.30000004
2025-08-01 11:36:07 AM,1408.9,45,63400.50000000001,111070545.80000004
2025-08-01 11:36:11 AM,1409.0,0,0.0,111070545.80000004
2025-08-01 11:36:12 AM,1409.0,67,94403.0,111164948.80000004
2025-08-01 11:36:16 AM,1410.0,0,0.0,111164948.80000004
2025-08-01 11:36:17 AM,1410.0,18,25380.0,111190328.80000004
2025-08-01 11:36:23 AM,1410.0,6,8460.0,111198788.80000004
2025-08-01 11:36:25 AM,1409.0,0,0.0,111198788.80000004
2025-08-01 11:36:28 AM,1409.9,106,149449.40000000002,111348238.20000005
2025-08-01 11:36:34 AM,1409.8,0,0.0,111348238.20000005
2025-08-01 11:36:38 AM,1409.8,2,2819.6,111351057.80000004
2025-08-01 11:36:40 AM,1410.1,0,0.0,111351057.80000004
2025-08-01 11:36:43 AM,1410.1,396,558399.6,111909457.40000004
2025-08-01 11:36:46 AM,1410.6,0,0.0,111909457.40000004
2025-08-01 11:36:49 AM,1410.6,2,2821.2,111912278.60000004
2025-08-01 11:36:49 AM,1408.9,0,0.0,111912278.60000004
2025-08-01 11:36:52 AM,1409.0,0,0.0,111912278.60000004
2025-08-01 11:36:54 AM,1409.0,435,612915.0,112525193.60000004
2025-08-01 11:36:59 AM,1409.0,14,19726.0,112544919.60000004
2025-08-01 11:37:05 AM,1409.0,4,5636.0,112550555.60000004
2025-08-01 11:37:10 AM,1409.0,2,2818.0,112553373.60000004
2025-08-01 11:37:15 AM,1409.0,29,40861.0,112594234.60000004
2025-08-01 11:37:21 AM,1409.0,4,5636.0,112599870.60000004
2025-08-01 11:37:26 AM,1409.0,2,2818.0,112602688.60000004
2025-08-01 11:37:31 AM,1409.0,3,4227.0,112606915.60000004
2025-08-01 11:37:36 AM,1409.0,6,8454.0,112615369.60000004
2025-08-01 11:37:41 AM,1409.0,3,4227.0,112619596.60000004
2025-08-01 11:37:47 AM,1409.0,3,4227.0,112623823.60000004
2025-08-01 11:37:52 AM,1409.0,3,4227.0,112628050.60000004
2025-08-01 11:38:02 AM,1409.0,2,2818.0,112630868.60000004
2025-08-01 11:38:06 AM,1409.0,4,5636.0,112636504.60000004
2025-08-01 11:38:09 AM,1408.5,0,0.0,112636504.60000004
2025-08-01 11:38:10 AM,1408.9,0,0.0,112636504.60000004
2025-08-01 11:38:12 AM,1408.9,44,61991.600000000006,112698496.20000003
2025-08-01 11:38:17 AM,1408.9,3,4226.700000000001,112702722.90000004
2025-08-01 11:38:19 AM,1408.0,0,0.0,112702722.90000004
2025-08-01 11:38:22 AM,1407.9,90,126711.00000000001,112829433.90000004
2025-08-01 11:38:24 AM,1407.2,0,0.0,112829433.90000004
2025-08-01 11:38:25 AM,1407.0,0,0.0,112829433.90000004
2025-08-01 11:38:27 AM,1407.0,63,88641.0,112918074.90000004
2025-08-01 11:38:28 AM,1407.7,4,5630.8,112923705.70000003
2025-08-01 11:38:29 AM,1407.0,0,0.0,112923705.70000003
2025-08-01 11:38:32 AM,1407.0,229,322203.0,113245908.70000003
2025-08-01 11:38:34 AM,1407.8,0,0.0,113245908.70000003
2025-08-01 11:38:37 AM,1407.8,2,2815.6,113248724.30000003
2025-08-01 11:38:38 AM,1407.0,30,42210.0,113290934.30000003
