date,price,qty,trnvr,cum_trnvr
2025-08-01 09:15:03 AM,705.9,33,23294.7,23294.7
2025-08-01 09:15:15 AM,706.4,15,10596.0,33890.7
2025-08-01 09:15:25 AM,706.4,1,706.4,34597.1
2025-08-01 09:16:03 AM,703.05,0,0.0,34597.1
2025-08-01 09:16:07 AM,703.05,30,21091.5,55688.6
2025-08-01 09:16:14 AM,702.05,17,11934.849999999999,67623.45
2025-08-01 09:16:16 AM,703.05,11,7733.549999999999,75357.0
2025-08-01 09:16:28 AM,705.05,0,0.0,75357.0
2025-08-01 09:16:31 AM,705.05,9,6345.45,81702.45
2025-08-01 09:16:41 AM,703.1,11,7734.1,89436.55
2025-08-01 09:17:12 AM,704.85,6,4229.1,93665.65000000001
2025-08-01 09:17:49 AM,704.7,0,0.0,93665.65000000001
2025-08-01 09:17:54 AM,704.7,3,2114.1000000000004,95779.75000000001
2025-08-01 09:17:55 AM,705.0,40,28200.0,123979.75000000001
2025-08-01 09:18:10 AM,705.0,245,172725.0,296704.75
2025-08-01 09:18:16 AM,704.05,0,0.0,296704.75
2025-08-01 09:18:19 AM,704.05,28,19713.399999999998,316418.15
2025-08-01 09:18:27 AM,706.0,186,131316.0,447734.15
2025-08-01 09:18:51 AM,704.6,10,7046.0,454780.15
2025-08-01 09:20:12 AM,704.6,1,704.6,455484.75
2025-08-01 09:20:28 AM,706.0,89,62834.0,518318.75
2025-08-01 09:20:45 AM,706.55,5,3532.75,521851.5
2025-08-01 09:20:52 AM,706.6,0,0.0,521851.5
2025-08-01 09:20:52 AM,706.6,30,21198.0,543049.5
2025-08-01 09:21:30 AM,706.6,91,64300.6,607350.1
2025-08-01 09:21:46 AM,707.3,21,14853.3,622203.4
2025-08-01 09:22:10 AM,706.2,1,706.2,622909.6
2025-08-01 09:23:25 AM,706.75,22,15548.5,638458.1
2025-08-01 09:23:39 AM,707.05,0,0.0,638458.1
2025-08-01 09:23:40 AM,707.05,4,2828.2,641286.2999999999
2025-08-01 09:23:55 AM,707.5,25,17687.5,658973.7999999999
2025-08-01 09:24:12 AM,707.5,100,70750.0,729723.7999999999
2025-08-01 09:24:18 AM,707.3,26,18389.8,748113.6
2025-08-01 09:24:31 AM,708.85,0,0.0,748113.6
2025-08-01 09:24:33 AM,708.85,50,35442.5,783556.1
2025-08-01 09:24:49 AM,706.6,0,0.0,783556.1
2025-08-01 09:24:50 AM,706.6,3,2119.8,785675.9
2025-08-01 09:25:05 AM,706.65,1,706.65,786382.55
2025-08-01 09:25:43 AM,707.5,10,7075.0,793457.55
2025-08-01 09:25:51 AM,708.55,0,0.0,793457.55
2025-08-01 09:25:56 AM,708.55,10,7085.5,800543.05
2025-08-01 09:26:03 AM,707.35,1,707.35,801250.4
2025-08-01 09:26:22 AM,707.95,0,0.0,801250.4
2025-08-01 09:26:26 AM,708.8,20,14176.0,815426.4
2025-08-01 09:27:12 AM,715.0,478,341770.0,1157196.4
2025-08-01 09:27:12 AM,716.0,0,0.0,1157196.4
2025-08-01 09:27:13 AM,716.0,8,5728.0,1162924.4
2025-08-01 09:27:13 AM,716.9,0,0.0,1162924.4
2025-08-01 09:27:17 AM,717.1,0,0.0,1162924.4
2025-08-01 09:27:19 AM,717.1,16,11473.6,1174398.0
2025-08-01 09:27:20 AM,716.1,15,10741.5,1185139.5
2025-08-01 09:27:23 AM,717.95,0,0.0,1185139.5
2025-08-01 09:27:26 AM,717.95,4,2871.8,1188011.3
2025-08-01 09:27:27 AM,716.85,0,0.0,1188011.3
2025-08-01 09:27:28 AM,716.85,208,149104.80000000002,1337116.1
2025-08-01 09:27:28 AM,718.0,0,0.0,1337116.1
2025-08-01 09:27:32 AM,718.2,0,0.0,1337116.1
2025-08-01 09:27:33 AM,718.25,0,0.0,1337116.1
2025-08-01 09:27:34 AM,718.25,9,6464.25,1343580.35
2025-08-01 09:27:47 AM,718.2,0,0.0,1343580.35
2025-08-01 09:27:49 AM,718.2,1,718.2,1344298.55
2025-08-01 09:27:50 AM,718.25,4,2873.0,1347171.55
2025-08-01 09:27:52 AM,718.6,0,0.0,1347171.55
2025-08-01 09:27:57 AM,718.6,1,718.6,1347890.1500000001
2025-08-01 09:28:10 AM,717.9,0,0.0,1347890.1500000001
2025-08-01 09:28:12 AM,717.9,3,2153.7,1350043.85
2025-08-01 09:28:43 AM,717.85,0,0.0,1350043.85
2025-08-01 09:28:43 AM,717.85,2,1435.7,1351479.55
2025-08-01 09:29:32 AM,717.9,0,0.0,1351479.55
2025-08-01 09:29:36 AM,717.9,3,2153.7,1353633.25
2025-08-01 09:29:42 AM,718.75,0,0.0,1353633.25
2025-08-01 09:29:43 AM,718.75,40,28750.0,1382383.25
2025-08-01 09:29:47 AM,715.8,0,0.0,1382383.25
2025-08-01 09:29:51 AM,715.8,250,178950.0,1561333.25
2025-08-01 09:29:52 AM,716.1,10,7161.0,1568494.25
2025-08-01 09:29:57 AM,716.05,0,0.0,1568494.25
2025-08-01 09:29:58 AM,716.05,30,21481.5,1589975.75
2025-08-01 09:30:25 AM,717.9,0,0.0,1589975.75
2025-08-01 09:30:28 AM,717.85,8,5742.8,1595718.55
2025-08-01 09:30:32 AM,716.0,0,0.0,1595718.55
2025-08-01 09:30:36 AM,716.0,66,47256.0,1642974.55
2025-08-01 09:30:39 AM,713.45,0,0.0,1642974.55
2025-08-01 09:30:43 AM,713.45,144,102736.8,1745711.35
2025-08-01 09:31:01 AM,713.0,0,0.0,1745711.35
2025-08-01 09:31:05 AM,713.0,1,713.0,1746424.35
2025-08-01 09:31:35 AM,713.3,4,2853.2,1749277.55
2025-08-01 09:32:30 AM,715.6,0,0.0,1749277.55
2025-08-01 09:32:30 AM,715.6,50,35780.0,1785057.55
2025-08-01 09:32:47 AM,715.65,0,0.0,1785057.55
2025-08-01 09:32:51 AM,715.65,10,7156.5,1792214.05
2025-08-01 09:33:16 AM,716.0,0,0.0,1792214.05
2025-08-01 09:33:19 AM,716.0,78,55848.0,1848062.05
2025-08-01 09:33:51 AM,715.9,0,0.0,1848062.05
2025-08-01 09:33:54 AM,715.9,1,715.9,1848777.95
2025-08-01 09:34:15 AM,718.1,429,308064.9,2156842.85
2025-08-01 09:34:19 AM,716.4,0,0.0,2156842.85
2025-08-01 09:34:22 AM,716.4,1,716.4,2157559.25
2025-08-01 09:34:36 AM,717.5,0,0.0,2157559.25
2025-08-01 09:34:39 AM,717.35,0,0.0,2157559.25
2025-08-01 09:34:43 AM,717.35,5,3586.75,2161146.0
2025-08-01 09:34:51 AM,718.65,0,0.0,2161146.0
2025-08-01 09:34:56 AM,718.65,17,12217.05,2173363.05
2025-08-01 09:35:16 AM,718.45,0,0.0,2173363.05
2025-08-01 09:35:17 AM,718.45,10,7184.5,2180547.55
2025-08-01 09:35:56 AM,717.2,0,0.0,2180547.55
2025-08-01 09:35:58 AM,717.2,27,19364.4,2199911.9499999997
2025-08-01 09:36:51 AM,717.65,2,1435.3,2201347.2499999995
2025-08-01 09:36:56 AM,722.7,0,0.0,2201347.2499999995
2025-08-01 09:36:58 AM,722.7,399,288357.30000000005,2489704.55
2025-08-01 09:36:58 AM,723.45,15,10851.75,2500556.3
2025-08-01 09:37:04 AM,725.1,149,108039.90000000001,2608596.1999999997
2025-08-01 09:37:09 AM,725.85,0,0.0,2608596.1999999997
2025-08-01 09:37:12 AM,728.0,202,147056.0,2755652.1999999997
2025-08-01 09:37:19 AM,728.0,10,7280.0,2762932.1999999997
2025-08-01 09:37:24 AM,727.95,0,0.0,2762932.1999999997
2025-08-01 09:37:25 AM,727.35,0,0.0,2762932.1999999997
2025-08-01 09:37:26 AM,725.15,2282,1654792.3,4417724.5
2025-08-01 09:37:32 AM,728.75,2106,1534747.5,5952472.0
2025-08-01 09:37:42 AM,728.15,0,0.0,5952472.0
2025-08-01 09:37:46 AM,728.15,7,5097.05,5957569.05
2025-08-01 09:37:46 AM,725.3,0,0.0,5957569.05
2025-08-01 09:37:52 AM,725.3,25,18132.5,5975701.55
2025-08-01 09:37:59 AM,727.2,17,12362.400000000001,5988063.95
2025-08-01 09:38:10 AM,728.0,0,0.0,5988063.95
2025-08-01 09:38:12 AM,728.6,0,0.0,5988063.95
2025-08-01 09:38:13 AM,728.6,15,10929.0,5998992.95
2025-08-01 09:38:20 AM,730.3,12,8763.599999999999,6007756.55
2025-08-01 09:38:26 AM,728.6,0,0.0,6007756.55
2025-08-01 09:38:27 AM,728.6,14,10200.4,6017956.95
2025-08-01 09:38:31 AM,728.95,0,0.0,6017956.95
2025-08-01 09:38:33 AM,728.95,176,128295.20000000001,6146252.15
2025-08-01 09:38:36 AM,729.8,0,0.0,6146252.15
2025-08-01 09:38:40 AM,729.8,15,10947.0,6157199.15
2025-08-01 09:38:52 AM,729.85,0,0.0,6157199.15
2025-08-01 09:38:53 AM,729.85,71,51819.35,6209018.5
2025-08-01 09:38:59 AM,729.85,1,729.85,6209748.35
2025-08-01 09:39:01 AM,729.8,0,0.0,6209748.35
2025-08-01 09:39:06 AM,729.8,108,78818.4,6288566.75
2025-08-01 09:39:26 AM,728.25,0,0.0,6288566.75
2025-08-01 09:39:27 AM,728.25,71,51705.75,6340272.5
2025-08-01 09:39:29 AM,728.15,0,0.0,6340272.5
2025-08-01 09:39:33 AM,728.15,6,4368.9,6344641.4
2025-08-01 09:39:45 AM,729.65,0,0.0,6344641.4
2025-08-01 09:39:46 AM,729.65,10,7296.5,6351937.9
2025-08-01 09:39:53 AM,727.75,19,13827.25,6365765.15
2025-08-01 09:40:18 AM,725.9,0,0.0,6365765.15
2025-08-01 09:40:19 AM,725.9,58,42102.2,6407867.350000001
2025-08-01 09:41:32 AM,723.85,24,17372.4,6425239.750000001
2025-08-01 09:42:12 AM,721.2,1,721.2,6425960.950000001
2025-08-01 09:42:18 AM,722.05,2,1444.1,6427405.050000001
2025-08-01 09:42:22 AM,721.05,0,0.0,6427405.050000001
2025-08-01 09:42:24 AM,721.05,3,2163.1499999999996,6429568.200000001
2025-08-01 09:42:26 AM,721.45,1,721.45,6430289.650000001
2025-08-01 09:42:51 AM,722.6,18,13006.800000000001,6443296.450000001
2025-08-01 09:42:59 AM,723.65,0,0.0,6443296.450000001
2025-08-01 09:43:03 AM,723.65,1,723.65,6444020.1000000015
2025-08-01 09:43:10 AM,722.05,13,9386.65,6453406.750000002
2025-08-01 09:43:19 AM,722.9,0,0.0,6453406.750000002
2025-08-01 09:43:23 AM,722.9,5,3614.5,6457021.250000002
2025-08-01 09:43:27 AM,722.2,0,0.0,6457021.250000002
2025-08-01 09:43:30 AM,722.2,1,722.2,6457743.450000002
2025-08-01 09:44:20 AM,720.35,0,0.0,6457743.450000002
2025-08-01 09:44:23 AM,720.35,50,36017.5,6493760.950000002
2025-08-01 09:45:04 AM,721.75,0,0.0,6493760.950000002
2025-08-01 09:45:08 AM,721.75,27,19487.25,6513248.200000002
2025-08-01 09:45:28 AM,721.75,20,14435.0,6527683.200000002
2025-08-01 09:45:34 AM,723.0,200,144600.0,6672283.200000002
2025-08-01 09:45:47 AM,722.95,5,3614.75,6675897.950000002
2025-08-01 09:45:57 AM,723.0,0,0.0,6675897.950000002
2025-08-01 09:46:00 AM,725.65,337,244544.05,6920442.000000002
2025-08-01 09:46:02 AM,728.1,0,0.0,6920442.000000002
2025-08-01 09:46:07 AM,728.1,94,68441.40000000001,6988883.400000002
2025-08-01 09:46:30 AM,729.0,0,0.0,6988883.400000002
2025-08-01 09:46:32 AM,729.0,10,7290.0,6996173.400000002
2025-08-01 09:46:37 AM,728.0,0,0.0,6996173.400000002
2025-08-01 09:46:38 AM,727.0,0,0.0,6996173.400000002
2025-08-01 09:46:39 AM,727.0,42,30534.0,7026707.400000002
2025-08-01 09:47:37 AM,726.75,2,1453.5,7028160.900000002
2025-08-01 09:47:50 AM,726.3,0,0.0,7028160.900000002
2025-08-01 09:47:51 AM,726.3,10,7263.0,7035423.900000002
2025-08-01 09:48:08 AM,724.9,0,0.0,7035423.900000002
2025-08-01 09:48:08 AM,724.9,20,14498.0,7049921.900000002
2025-08-01 09:48:23 AM,724.85,0,0.0,7049921.900000002
2025-08-01 09:48:24 AM,724.85,5,3624.25,7053546.150000002
2025-08-01 09:49:11 AM,726.4,0,0.0,7053546.150000002
2025-08-01 09:49:12 AM,726.4,1,726.4,7054272.550000003
2025-08-01 09:49:40 AM,727.0,21,15267.0,7069539.550000003
2025-08-01 09:49:56 AM,725.45,0,0.0,7069539.550000003
2025-08-01 09:49:56 AM,725.45,5,3627.25,7073166.800000003
2025-08-01 09:50:06 AM,726.45,0,0.0,7073166.800000003
2025-08-01 09:50:09 AM,726.45,1,726.45,7073893.250000003
2025-08-01 09:50:15 AM,724.4,49,35495.6,7109388.850000002
2025-08-01 09:50:19 AM,721.75,0,0.0,7109388.850000002
2025-08-01 09:50:22 AM,721.75,4,2887.0,7112275.850000002
2025-08-01 09:50:23 AM,720.85,0,0.0,7112275.850000002
2025-08-01 09:50:24 AM,720.85,2,1441.7,7113717.550000003
2025-08-01 09:50:54 AM,721.95,0,0.0,7113717.550000003
2025-08-01 09:50:55 AM,721.95,8,5775.6,7119493.150000002
2025-08-01 09:51:30 AM,721.55,35,25254.25,7144747.400000002
2025-08-01 09:53:23 AM,721.0,3,2163.0,7146910.400000002
2025-08-01 09:53:36 AM,722.0,0,0.0,7146910.400000002
2025-08-01 09:53:40 AM,722.0,7,5054.0,7151964.400000002
2025-08-01 09:54:27 AM,722.05,0,0.0,7151964.400000002
2025-08-01 09:54:30 AM,722.05,1,722.05,7152686.450000002
2025-08-01 09:54:34 AM,722.95,0,0.0,7152686.450000002
2025-08-01 09:54:36 AM,722.95,1,722.95,7153409.400000002
2025-08-01 09:55:24 AM,723.55,12,8682.599999999999,7162092.000000002
2025-08-01 09:56:00 AM,721.55,0,0.0,7162092.000000002
2025-08-01 09:56:00 AM,721.55,1,721.55,7162813.550000002
2025-08-01 09:56:05 AM,722.3,3,2166.8999999999996,7164980.450000002
2025-08-01 09:56:11 AM,721.15,11,7932.65,7172913.100000002
2025-08-01 09:56:30 AM,723.35,15,10850.25,7183763.350000002
2025-08-01 09:56:31 AM,721.15,0,0.0,7183763.350000002
2025-08-01 09:56:35 AM,721.15,50,36057.5,7219820.850000002
2025-08-01 09:56:39 AM,721.0,0,0.0,7219820.850000002
2025-08-01 09:56:41 AM,721.0,5,3605.0,7223425.850000002
2025-08-01 09:56:53 AM,721.0,4,2884.0,7226309.850000002
2025-08-01 09:57:11 AM,721.35,1,721.35,7227031.200000002
2025-08-01 09:57:28 AM,721.45,13,9378.85,7236410.050000002
2025-08-01 09:57:36 AM,721.45,1,721.45,7237131.500000002
2025-08-01 09:58:26 AM,722.0,0,0.0,7237131.500000002
2025-08-01 09:58:29 AM,722.0,3,2166.0,7239297.500000002
2025-08-01 09:59:40 AM,721.8,1,721.8,7240019.300000002
2025-08-01 10:00:33 AM,722.1,36,25995.600000000002,7266014.900000001
2025-08-01 10:00:52 AM,722.2,0,0.0,7266014.900000001
2025-08-01 10:00:52 AM,722.2,1,722.2,7266737.1000000015
2025-08-01 10:01:01 AM,724.45,10,7244.5,7273981.6000000015
2025-08-01 10:01:24 AM,726.8,0,0.0,7273981.6000000015
2025-08-01 10:01:27 AM,721.85,0,0.0,7273981.6000000015
2025-08-01 10:01:27 AM,721.85,65,46920.25,7320901.8500000015
2025-08-01 10:02:04 AM,723.0,16,11568.0,7332469.8500000015
2025-08-01 10:02:05 AM,723.0,6,4338.0,7336807.8500000015
2025-08-01 10:02:31 AM,722.3,2,1444.6,7338252.450000001
2025-08-01 10:02:32 AM,721.85,0,0.0,7338252.450000001
2025-08-01 10:02:35 AM,721.85,63,45476.55,7383729.000000001
2025-08-01 10:02:41 AM,721.3,0,0.0,7383729.000000001
2025-08-01 10:02:42 AM,721.3,1,721.3,7384450.300000001
2025-08-01 10:03:30 AM,721.95,0,0.0,7384450.300000001
2025-08-01 10:03:33 AM,721.95,2,1443.9,7385894.200000001
2025-08-01 10:04:54 AM,721.95,30,21658.5,7407552.700000001
2025-08-01 10:05:12 AM,721.0,0,0.0,7407552.700000001
2025-08-01 10:05:13 AM,721.0,3,2163.0,7409715.700000001
2025-08-01 10:05:49 AM,721.0,21,15141.0,7424856.700000001
2025-08-01 10:07:12 AM,720.3,0,0.0,7424856.700000001
2025-08-01 10:07:14 AM,720.3,59,42497.7,7467354.400000001
2025-08-01 10:07:46 AM,720.0,20,14400.0,7481754.400000001
2025-08-01 10:07:57 AM,720.0,48,34560.0,7516314.400000001
2025-08-01 10:08:09 AM,719.2,1,719.2,7517033.6000000015
2025-08-01 10:08:13 AM,718.0,0,0.0,7517033.6000000015
2025-08-01 10:08:16 AM,718.0,3,2154.0,7519187.6000000015
2025-08-01 10:08:21 AM,716.15,0,0.0,7519187.6000000015
2025-08-01 10:08:22 AM,716.15,402,287892.3,7807079.900000001
2025-08-01 10:08:28 AM,714.6,0,0.0,7807079.900000001
2025-08-01 10:08:28 AM,714.6,100,71460.0,7878539.900000001
2025-08-01 10:08:30 AM,715.2,1,715.2,7879255.1000000015
2025-08-01 10:08:34 AM,715.3,2,1430.6,7880685.700000001
2025-08-01 10:08:43 AM,717.2,0,0.0,7880685.700000001
2025-08-01 10:08:46 AM,717.2,1,717.2,7881402.900000001
2025-08-01 10:08:58 AM,717.35,19,13629.65,7895032.550000002
2025-08-01 10:08:59 AM,717.2,2,1434.4,7896466.950000002
2025-08-01 10:09:17 AM,717.2,1,717.2,7897184.150000002
2025-08-01 10:09:21 AM,717.65,0,0.0,7897184.150000002
2025-08-01 10:09:22 AM,717.65,6,4305.9,7901490.050000003
2025-08-01 10:09:29 AM,719.2,2,1438.4,7902928.450000003
2025-08-01 10:09:33 AM,718.35,201,144388.35,8047316.800000003
2025-08-01 10:09:41 AM,718.25,13,9337.25,8056654.050000003
2025-08-01 10:10:12 AM,719.4,0,0.0,8056654.050000003
2025-08-01 10:10:13 AM,719.4,10,7194.0,8063848.050000003
2025-08-01 10:10:45 AM,718.55,0,0.0,8063848.050000003
2025-08-01 10:10:45 AM,718.55,26,18682.3,8082530.350000002
2025-08-01 10:10:48 AM,718.05,0,0.0,8082530.350000002
2025-08-01 10:10:49 AM,718.05,6,4308.299999999999,8086838.650000002
2025-08-01 10:11:18 AM,718.75,0,0.0,8086838.650000002
2025-08-01 10:11:19 AM,718.75,1,718.75,8087557.400000002
2025-08-01 10:11:53 AM,718.45,1,718.45,8088275.850000002
2025-08-01 10:12:33 AM,719.2,0,0.0,8088275.850000002
2025-08-01 10:12:34 AM,719.2,16,11507.2,8099783.050000003
2025-08-01 10:12:57 AM,721.25,0,0.0,8099783.050000003
2025-08-01 10:12:57 AM,721.25,18,12982.5,8112765.550000003
2025-08-01 10:14:45 AM,719.0,0,0.0,8112765.550000003
2025-08-01 10:14:48 AM,719.0,10,7190.0,8119955.550000003
2025-08-01 10:14:57 AM,718.1,0,0.0,8119955.550000003
2025-08-01 10:15:00 AM,718.1,5,3590.5,8123546.050000003
2025-08-01 10:15:12 AM,718.1,1,718.1,8124264.150000002
2025-08-01 10:15:26 AM,717.2,0,0.0,8124264.150000002
2025-08-01 10:15:30 AM,717.2,1,717.2,8124981.350000002
2025-08-01 10:15:57 AM,717.0,0,0.0,8124981.350000002
2025-08-01 10:15:59 AM,717.0,20,14340.0,8139321.350000002
2025-08-01 10:16:17 AM,718.5,0,0.0,8139321.350000002
2025-08-01 10:16:17 AM,718.5,302,216987.0,8356308.350000002
2025-08-01 10:17:20 AM,717.95,5,3589.75,8359898.100000002
2025-08-01 10:17:29 AM,717.6,0,0.0,8359898.100000002
2025-08-01 10:17:31 AM,717.6,1,717.6,8360615.700000002
2025-08-01 10:17:37 AM,718.1,9,6462.900000000001,8367078.600000002
2025-08-01 10:17:41 AM,719.05,0,0.0,8367078.600000002
2025-08-01 10:17:43 AM,719.05,4,2876.2,8369954.800000003
2025-08-01 10:18:52 AM,718.8,0,0.0,8369954.800000003
2025-08-01 10:18:52 AM,718.8,1,718.8,8370673.600000002
2025-08-01 10:21:21 AM,719.75,0,0.0,8370673.600000002
2025-08-01 10:21:21 AM,719.75,209,150427.75,8521101.350000001
2025-08-01 10:22:02 AM,720.65,3,2161.95,8523263.3
2025-08-01 10:23:27 AM,720.7,0,0.0,8523263.3
2025-08-01 10:23:28 AM,720.7,10,7207.0,8530470.3
2025-08-01 10:24:49 AM,720.9,0,0.0,8530470.3
2025-08-01 10:24:51 AM,720.9,1,720.9,8531191.200000001
2025-08-01 10:24:53 AM,721.35,19,13705.65,8544896.850000001
2025-08-01 10:25:02 AM,721.15,1,721.15,8545618.000000002
2025-08-01 10:25:07 AM,721.35,0,0.0,8545618.000000002
2025-08-01 10:25:08 AM,721.35,1,721.35,8546339.350000001
2025-08-01 10:25:26 AM,721.35,20,14427.0,8560766.350000001
2025-08-01 10:25:39 AM,721.35,6,4328.1,8565094.450000001
2025-08-01 10:26:06 AM,720.2,470,338494.0,8903588.450000001
2025-08-01 10:26:17 AM,718.75,29,20843.75,8924432.200000001
2025-08-01 10:26:57 AM,717.85,0,0.0,8924432.200000001
2025-08-01 10:26:58 AM,718.6,0,0.0,8924432.200000001
2025-08-01 10:26:58 AM,718.6,3,2155.8,8926588.000000002
2025-08-01 10:27:09 AM,719.45,0,0.0,8926588.000000002
2025-08-01 10:27:10 AM,719.45,20,14389.0,8940977.000000002
2025-08-01 10:27:40 AM,720.45,0,0.0,8940977.000000002
2025-08-01 10:27:40 AM,720.45,1,720.45,8941697.450000001
2025-08-01 10:28:02 AM,720.7,1,720.7,8942418.15
2025-08-01 10:29:18 AM,719.5,0,0.0,8942418.15
2025-08-01 10:29:20 AM,719.5,1,719.5,8943137.65
2025-08-01 10:29:22 AM,720.0,3,2160.0,8945297.65
2025-08-01 10:30:06 AM,720.45,10,7204.5,8952502.15
2025-08-01 10:32:34 AM,719.15,15,10787.25,8963289.4
2025-08-01 10:32:36 AM,719.95,0,0.0,8963289.4
2025-08-01 10:32:38 AM,719.95,8,5759.6,8969049.0
2025-08-01 10:35:40 AM,720.0,0,0.0,8969049.0
2025-08-01 10:35:41 AM,720.0,1,720.0,8969769.0
2025-08-01 10:37:49 AM,719.35,0,0.0,8969769.0
2025-08-01 10:37:51 AM,719.35,1,719.35,8970488.35
2025-08-01 10:38:14 AM,719.65,0,0.0,8970488.35
2025-08-01 10:38:15 AM,719.65,1,719.65,8971208.0
2025-08-01 10:39:01 AM,720.9,0,0.0,8971208.0
2025-08-01 10:39:02 AM,720.9,5,3604.5,8974812.5
2025-08-01 10:40:05 AM,720.6,0,0.0,8974812.5
2025-08-01 10:40:05 AM,720.6,15,10809.0,8985621.5
2025-08-01 10:40:47 AM,720.65,1,720.65,8986342.15
2025-08-01 10:41:21 AM,720.65,1,720.65,8987062.8
2025-08-01 10:43:33 AM,720.65,1,720.65,8987783.450000001
2025-08-01 10:44:26 AM,719.95,0,0.0,8987783.450000001
2025-08-01 10:44:26 AM,719.95,2,1439.9,8989223.350000001
2025-08-01 10:44:40 AM,719.65,0,0.0,8989223.350000001
2025-08-01 10:44:43 AM,719.65,10,7196.5,8996419.850000001
2025-08-01 10:47:59 AM,719.85,3,2159.55,8998579.400000002
2025-08-01 10:49:18 AM,719.85,1,719.85,8999299.250000002
2025-08-01 10:51:06 AM,719.65,0,0.0,8999299.250000002
2025-08-01 10:51:06 AM,719.65,31,22309.149999999998,9021608.400000002
2025-08-01 10:51:12 AM,719.65,3,2158.95,9023767.350000001
2025-08-01 10:52:00 AM,719.7,0,0.0,9023767.350000001
2025-08-01 10:52:01 AM,719.7,14,10075.800000000001,9033843.150000002
2025-08-01 10:52:08 AM,719.85,0,0.0,9033843.150000002
2025-08-01 10:52:09 AM,720.4,0,0.0,9033843.150000002
2025-08-01 10:52:11 AM,720.4,2,1440.8,9035283.950000003
2025-08-01 10:52:12 AM,720.95,0,0.0,9035283.950000003
2025-08-01 10:52:12 AM,720.95,17,12256.150000000001,9047540.100000003
2025-08-01 10:52:14 AM,719.95,0,0.0,9047540.100000003
2025-08-01 10:52:17 AM,719.95,1,719.95,9048260.050000003
2025-08-01 10:52:50 AM,720.9,0,0.0,9048260.050000003
2025-08-01 10:52:50 AM,720.9,7,5046.3,9053306.350000003
2025-08-01 10:53:16 AM,720.95,0,0.0,9053306.350000003
2025-08-01 10:53:17 AM,720.95,14,10093.300000000001,9063399.650000004
2025-08-01 10:54:14 AM,722.0,0,0.0,9063399.650000004
2025-08-01 10:54:14 AM,722.0,98,70756.0,9134155.650000004
2025-08-01 10:55:24 AM,720.0,0,0.0,9134155.650000004
2025-08-01 10:55:24 AM,720.0,4,2880.0,9137035.650000004
2025-08-01 10:55:28 AM,719.65,0,0.0,9137035.650000004
2025-08-01 10:55:29 AM,719.65,4,2878.6,9139914.250000004
2025-08-01 10:56:26 AM,719.0,0,0.0,9139914.250000004
2025-08-01 10:56:27 AM,719.0,3,2157.0,9142071.250000004
2025-08-01 10:57:25 AM,719.0,95,68305.0,9210376.250000004
2025-08-01 10:57:36 AM,719.0,1,719.0,9211095.250000004
2025-08-01 10:59:36 AM,720.4,0,0.0,9211095.250000004
2025-08-01 10:59:38 AM,720.4,2,1440.8,9212536.050000004
2025-08-01 11:00:25 AM,721.15,0,0.0,9212536.050000004
2025-08-01 11:00:28 AM,721.15,1,721.15,9213257.200000005
2025-08-01 11:01:35 AM,720.25,0,0.0,9213257.200000005
2025-08-01 11:01:37 AM,720.25,55,39613.75,9252870.950000005
2025-08-01 11:01:47 AM,720.25,11,7922.75,9260793.700000005
2025-08-01 11:02:14 AM,720.25,11,7922.75,9268716.450000005
2025-08-01 11:02:52 AM,720.25,15,10803.75,9279520.200000005
2025-08-01 11:05:49 AM,720.35,0,0.0,9279520.200000005
2025-08-01 11:05:51 AM,720.35,1,720.35,9280240.550000004
2025-08-01 11:06:12 AM,720.25,7,5041.75,9285282.300000004
2025-08-01 11:06:35 AM,720.0,0,0.0,9285282.300000004
2025-08-01 11:06:36 AM,720.0,2,1440.0,9286722.300000004
2025-08-01 11:06:47 AM,720.05,0,0.0,9286722.300000004
2025-08-01 11:06:48 AM,720.05,1028,740211.3999999999,10026933.700000005
2025-08-01 11:06:50 AM,720.15,0,0.0,10026933.700000005
2025-08-01 11:06:50 AM,720.15,1,720.15,10027653.850000005
2025-08-01 11:06:59 AM,720.45,0,0.0,10027653.850000005
2025-08-01 11:06:59 AM,720.45,10,7204.5,10034858.350000005
2025-08-01 11:10:24 AM,720.5,10,7205.0,10042063.350000005
2025-08-01 11:10:32 AM,720.95,0,0.0,10042063.350000005
2025-08-01 11:10:35 AM,720.95,14,10093.300000000001,10052156.650000006
2025-08-01 11:10:58 AM,722.0,0,0.0,10052156.650000006
2025-08-01 11:11:02 AM,722.0,125,90250.0,10142406.650000006
2025-08-01 11:11:31 AM,722.0,665,480130.0,10622536.650000006
2025-08-01 11:14:27 AM,723.0,14,10122.0,10632658.650000006
2025-08-01 11:14:31 AM,724.0,0,0.0,10632658.650000006
2025-08-01 11:14:32 AM,724.0,1,724.0,10633382.650000006
2025-08-01 11:14:41 AM,725.1,0,0.0,10633382.650000006
2025-08-01 11:14:42 AM,725.1,14,10151.4,10643534.050000006
2025-08-01 11:14:53 AM,725.1,101,73235.1,10716769.150000006
2025-08-01 11:15:01 AM,724.65,0,0.0,10716769.150000006
2025-08-01 11:15:05 AM,725.6,4,2902.4,10719671.550000006
2025-08-01 11:15:19 AM,724.7,0,0.0,10719671.550000006
2025-08-01 11:15:20 AM,724.7,2,1449.4,10721120.950000007
2025-08-01 11:15:23 AM,723.05,0,0.0,10721120.950000007
2025-08-01 11:15:23 AM,723.85,0,0.0,10721120.950000007
2025-08-01 11:15:25 AM,722.2,0,0.0,10721120.950000007
2025-08-01 11:15:26 AM,722.2,97,70053.40000000001,10791174.350000007
2025-08-01 11:19:00 AM,721.75,0,0.0,10791174.350000007
2025-08-01 11:19:01 AM,721.75,10,7217.5,10798391.850000007
2025-08-01 11:20:09 AM,720.1,0,0.0,10798391.850000007
2025-08-01 11:20:11 AM,720.1,14,10081.4,10808473.250000007
2025-08-01 11:21:34 AM,721.25,0,0.0,10808473.250000007
2025-08-01 11:21:35 AM,721.25,1,721.25,10809194.500000007
2025-08-01 11:22:53 AM,722.15,0,0.0,10809194.500000007
2025-08-01 11:22:54 AM,722.15,10,7221.5,10816416.000000007
2025-08-01 11:24:06 AM,721.4,1,721.4,10817137.400000008
2025-08-01 11:26:18 AM,723.0,36,26028.0,10843165.400000008
2025-08-01 11:26:58 AM,724.0,0,0.0,10843165.400000008
2025-08-01 11:26:59 AM,724.0,2,1448.0,10844613.400000008
2025-08-01 11:27:14 AM,724.0,8,5792.0,10850405.400000008
2025-08-01 11:27:16 AM,723.05,0,0.0,10850405.400000008
2025-08-01 11:27:18 AM,723.05,1,723.05,10851128.450000009
2025-08-01 11:28:13 AM,722.55,0,0.0,10851128.450000009
2025-08-01 11:28:14 AM,722.55,30,21676.5,10872804.950000009
2025-08-01 11:29:23 AM,724.0,0,0.0,10872804.950000009
2025-08-01 11:29:24 AM,724.0,5,3620.0,10876424.950000009
2025-08-01 11:30:51 AM,724.5,0,0.0,10876424.950000009
2025-08-01 11:30:53 AM,724.5,150,108675.0,10985099.950000009
2025-08-01 11:32:40 AM,723.45,0,0.0,10985099.950000009
2025-08-01 11:32:41 AM,723.45,6,4340.700000000001,10989440.650000008
2025-08-01 11:32:58 AM,724.5,0,0.0,10989440.650000008
2025-08-01 11:33:01 AM,724.5,5,3622.5,10993063.150000008
2025-08-01 11:33:58 AM,723.7,0,0.0,10993063.150000008
2025-08-01 11:33:59 AM,723.75,0,0.0,10993063.150000008
2025-08-01 11:34:01 AM,723.0,0,0.0,10993063.150000008
2025-08-01 11:34:02 AM,723.0,557,402711.0,11395774.150000008
2025-08-01 11:34:07 AM,723.0,5,3615.0,11399389.150000008
2025-08-01 11:34:35 AM,722.55,0,0.0,11399389.150000008
2025-08-01 11:34:38 AM,722.55,15,10838.25,11410227.400000008
2025-08-01 11:36:37 AM,723.65,0,0.0,11410227.400000008
2025-08-01 11:36:38 AM,723.65,5,3618.25,11413845.650000008
2025-08-01 11:38:26 AM,722.75,0,0.0,11413845.650000008
2025-08-01 11:38:26 AM,722.75,1,722.75,11414568.400000008
2025-08-01 11:38:27 AM,722.8,0,0.0,11414568.400000008
2025-08-01 11:38:27 AM,722.8,1,722.8,11415291.200000009
2025-08-01 11:39:37 AM,723.9,5,3619.5,11418910.700000009
2025-08-01 11:40:04 AM,723.75,2,1447.5,11420358.200000009
2025-08-01 11:40:35 AM,722.85,10,7228.5,11427586.700000009
2025-08-01 11:41:35 AM,723.7,0,0.0,11427586.700000009
2025-08-01 11:41:35 AM,723.7,1,723.7,11428310.400000008
2025-08-01 11:43:04 AM,722.55,83,59971.649999999994,11488282.050000008
2025-08-01 11:43:05 AM,722.9,0,0.0,11488282.050000008
2025-08-01 11:43:09 AM,722.9,8,5783.2,11494065.250000007
2025-08-01 11:43:28 AM,722.0,0,0.0,11494065.250000007
2025-08-01 11:43:30 AM,722.0,12,8664.0,11502729.250000007
2025-08-01 11:44:13 AM,721.25,1,721.25,11503450.500000007
2025-08-01 11:46:17 AM,721.0,0,0.0,11503450.500000007
2025-08-01 11:46:18 AM,721.0,14,10094.0,11513544.500000007
2025-08-01 11:46:31 AM,720.0,0,0.0,11513544.500000007
2025-08-01 11:46:34 AM,720.0,165,118800.0,11632344.500000007
2025-08-01 11:46:55 AM,719.0,0,0.0,11632344.500000007
2025-08-01 11:46:55 AM,719.0,189,135891.0,11768235.500000007
2025-08-01 11:47:01 AM,720.0,2,1440.0,11769675.500000007
2025-08-01 11:47:53 AM,718.05,0,0.0,11769675.500000007
2025-08-01 11:47:57 AM,718.05,143,102681.15,11872356.650000008
2025-08-01 11:48:54 AM,718.95,0,0.0,11872356.650000008
2025-08-01 11:48:57 AM,718.95,1,718.95,11873075.600000007
2025-08-01 11:49:05 AM,719.3,0,0.0,11873075.600000007
2025-08-01 11:49:07 AM,719.3,1,719.3,11873794.900000008
2025-08-01 11:49:19 AM,720.0,0,0.0,11873794.900000008
2025-08-01 11:49:24 AM,720.0,135,97200.0,11970994.900000008
2025-08-01 11:50:14 AM,720.05,0,0.0,11970994.900000008
2025-08-01 11:50:16 AM,720.05,2,1440.1,11972435.000000007
2025-08-01 11:50:16 AM,720.05,1,720.05,11973155.050000008
2025-08-01 11:50:24 AM,719.2,0,0.0,11973155.050000008
2025-08-01 11:50:26 AM,719.2,21,15103.2,11988258.250000007
2025-08-01 11:56:04 AM,719.0,25,17975.0,12006233.250000007
2025-08-01 11:56:52 AM,718.65,0,0.0,12006233.250000007
2025-08-01 11:56:54 AM,718.65,10,7186.5,12013419.750000007
2025-08-01 11:59:35 AM,718.65,1,718.65,12014138.400000008
2025-08-01 12:00:48 PM,718.0,33,23694.0,12037832.400000008
2025-08-01 12:01:01 PM,717.1,0,0.0,12037832.400000008
2025-08-01 12:01:03 PM,717.1,1,717.1,12038549.500000007
2025-08-01 12:01:05 PM,716.5,11,7881.5,12046431.000000007
2025-08-01 12:01:17 PM,716.0,0,0.0,12046431.000000007
2025-08-01 12:01:17 PM,716.0,3,2148.0,12048579.000000007
2025-08-01 12:01:23 PM,715.7,0,0.0,12048579.000000007
2025-08-01 12:01:25 PM,715.7,1,715.7,12049294.700000007
2025-08-01 12:02:04 PM,715.25,0,0.0,12049294.700000007
2025-08-01 12:02:04 PM,715.25,1,715.25,12050009.950000007
2025-08-01 12:08:06 PM,715.3,0,0.0,12050009.950000007
2025-08-01 12:08:08 PM,715.3,3,2145.8999999999996,12052155.850000007
2025-08-01 12:08:53 PM,715.3,1,715.3,12052871.150000008
2025-08-01 12:09:02 PM,715.5,0,0.0,12052871.150000008
2025-08-01 12:09:03 PM,715.5,3,2146.5,12055017.650000008
2025-08-01 12:09:10 PM,715.3,0,0.0,12055017.650000008
2025-08-01 12:09:13 PM,715.3,10,7153.0,12062170.650000008
2025-08-01 12:09:14 PM,715.5,0,0.0,12062170.650000008
2025-08-01 12:09:18 PM,715.5,1,715.5,12062886.150000008
2025-08-01 12:10:02 PM,715.0,0,0.0,12062886.150000008
2025-08-01 12:10:02 PM,715.0,18,12870.0,12075756.150000008
2025-08-01 12:10:04 PM,714.55,0,0.0,12075756.150000008
2025-08-01 12:10:08 PM,714.55,8,5716.4,12081472.550000008
2025-08-01 12:10:16 PM,714.0,0,0.0,12081472.550000008
2025-08-01 12:10:18 PM,714.0,202,144228.0,12225700.550000008
2025-08-01 12:12:12 PM,715.25,0,0.0,12225700.550000008
2025-08-01 12:12:16 PM,715.25,21,15020.25,12240720.800000008
2025-08-01 12:15:43 PM,715.55,5,3577.75,12244298.550000008
2025-08-01 12:16:02 PM,715.75,0,0.0,12244298.550000008
2025-08-01 12:16:03 PM,715.75,14,10020.5,12254319.050000008
2025-08-01 12:16:32 PM,716.05,0,0.0,12254319.050000008
2025-08-01 12:16:32 PM,716.05,21,15037.05,12269356.100000009
2025-08-01 12:18:58 PM,715.0,0,0.0,12269356.100000009
2025-08-01 12:18:59 PM,715.0,152,108680.0,12378036.100000009
2025-08-01 12:18:59 PM,715.15,5,3575.75,12381611.850000009
2025-08-01 12:21:20 PM,713.95,0,0.0,12381611.850000009
2025-08-01 12:21:22 PM,713.95,2,1427.9,12383039.75000001
2025-08-01 12:25:03 PM,714.1,0,0.0,12383039.75000001
2025-08-01 12:25:05 PM,714.1,1,714.1,12383753.850000009
2025-08-01 12:25:21 PM,714.15,1,714.15,12384468.00000001
2025-08-01 12:26:26 PM,715.65,0,0.0,12384468.00000001
2025-08-01 12:26:26 PM,715.65,10,7156.5,12391624.50000001
2025-08-01 12:26:29 PM,715.9,0,0.0,12391624.50000001
2025-08-01 12:26:32 PM,715.9,16,11454.4,12403078.90000001
2025-08-01 12:28:15 PM,715.8,0,0.0,12403078.90000001
2025-08-01 12:28:16 PM,715.8,6,4294.799999999999,12407373.70000001
2025-08-01 12:33:58 PM,715.05,0,0.0,12407373.70000001
2025-08-01 12:34:02 PM,715.05,1,715.05,12408088.750000011
2025-08-01 12:36:42 PM,715.1,0,0.0,12408088.750000011
2025-08-01 12:36:46 PM,715.1,14,10011.4,12418100.150000012
2025-08-01 12:38:15 PM,715.05,0,0.0,12418100.150000012
2025-08-01 12:38:17 PM,715.05,5,3575.25,12421675.400000012
2025-08-01 12:39:17 PM,715.15,0,0.0,12421675.400000012
2025-08-01 12:39:20 PM,715.15,1,715.15,12422390.550000012
2025-08-01 12:39:20 PM,715.95,0,0.0,12422390.550000012
2025-08-01 12:39:21 PM,715.95,14,10023.300000000001,12432413.850000013
2025-08-01 12:39:56 PM,714.5,0,0.0,12432413.850000013
2025-08-01 12:40:00 PM,714.5,5,3572.5,12435986.350000013
2025-08-01 12:40:14 PM,713.8,0,0.0,12435986.350000013
2025-08-01 12:40:16 PM,713.8,102,72807.59999999999,12508793.950000012
2025-08-01 12:41:17 PM,714.85,1,714.85,12509508.800000012
2025-08-01 12:45:18 PM,714.65,0,0.0,12509508.800000012
2025-08-01 12:45:21 PM,714.65,1,714.65,12510223.450000012
2025-08-01 12:46:46 PM,714.9,0,0.0,12510223.450000012
2025-08-01 12:46:47 PM,714.9,1,714.9,12510938.350000013
2025-08-01 12:47:50 PM,715.5,0,0.0,12510938.350000013
2025-08-01 12:47:53 PM,715.5,5,3577.5,12514515.850000013
2025-08-01 12:50:06 PM,713.55,0,0.0,12514515.850000013
2025-08-01 12:50:07 PM,713.55,80,57084.0,12571599.850000013
2025-08-01 12:54:20 PM,715.6,1,715.6,12572315.450000012
2025-08-01 12:57:24 PM,715.15,0,0.0,12572315.450000012
2025-08-01 12:57:27 PM,715.15,1,715.15,12573030.600000013
2025-08-01 12:57:37 PM,715.2,1,715.2,12573745.800000012
2025-08-01 12:57:40 PM,715.25,0,0.0,12573745.800000012
2025-08-01 12:57:43 PM,715.25,1,715.25,12574461.050000012
2025-08-01 12:57:44 PM,717.35,0,0.0,12574461.050000012
2025-08-01 12:57:48 PM,717.35,10,7173.5,12581634.550000012
2025-08-01 12:57:48 PM,717.8,201,144277.8,12725912.350000013
2025-08-01 12:57:52 PM,717.95,0,0.0,12725912.350000013
2025-08-01 12:57:53 PM,717.95,2,1435.9,12727348.250000013
2025-08-01 12:58:48 PM,717.95,10,7179.5,12734527.750000013
2025-08-01 01:01:33 PM,721.5,0,0.0,12734527.750000013
2025-08-01 01:01:34 PM,721.5,1,721.5,12735249.250000013
2025-08-01 01:01:35 PM,719.05,22,15819.099999999999,12751068.350000013
2025-08-01 01:01:37 PM,720.0,0,0.0,12751068.350000013
2025-08-01 01:01:39 PM,720.0,15,10800.0,12761868.350000013
2025-08-01 01:02:01 PM,721.85,0,0.0,12761868.350000013
2025-08-01 01:02:03 PM,721.85,30,21655.5,12783523.850000013
2025-08-01 01:02:19 PM,720.1,0,0.0,12783523.850000013
2025-08-01 01:02:20 PM,720.1,2,1440.2,12784964.050000012
2025-08-01 01:03:51 PM,722.0,0,0.0,12784964.050000012
2025-08-01 01:03:53 PM,722.0,15,10830.0,12795794.050000012
2025-08-01 01:04:58 PM,720.2,2,1440.4,12797234.450000012
2025-08-01 01:05:18 PM,720.1,5,3600.5,12800834.950000012
2025-08-01 01:05:27 PM,719.55,0,0.0,12800834.950000012
2025-08-01 01:05:27 PM,719.55,29,20866.949999999997,12821701.900000012
2025-08-01 01:06:02 PM,719.8,0,0.0,12821701.900000012
2025-08-01 01:06:02 PM,719.8,2,1439.6,12823141.500000011
2025-08-01 01:06:21 PM,720.8,0,0.0,12823141.500000011
2025-08-01 01:06:24 PM,720.8,2,1441.6,12824583.10000001
2025-08-01 01:06:54 PM,721.2,11,7933.200000000001,12832516.30000001
2025-08-01 01:06:59 PM,721.2,10,7212.0,12839728.30000001
2025-08-01 01:09:27 PM,721.65,0,0.0,12839728.30000001
2025-08-01 01:09:29 PM,721.65,1,721.65,12840449.95000001
2025-08-01 01:09:33 PM,720.0,0,0.0,12840449.95000001
2025-08-01 01:09:34 PM,720.0,15,10800.0,12851249.95000001
2025-08-01 01:09:52 PM,719.5,0,0.0,12851249.95000001
2025-08-01 01:09:54 PM,719.5,15,10792.5,12862042.45000001
2025-08-01 01:11:54 PM,719.75,0,0.0,12862042.45000001
2025-08-01 01:11:57 PM,721.2,14,10096.800000000001,12872139.250000011
2025-08-01 01:12:42 PM,721.7,6,4330.200000000001,12876469.45000001
2025-08-01 01:12:46 PM,722.0,0,0.0,12876469.45000001
2025-08-01 01:12:47 PM,722.0,1,722.0,12877191.45000001
2025-08-01 01:12:52 PM,722.0,14,10108.0,12887299.45000001
2025-08-01 01:13:28 PM,722.0,3,2166.0,12889465.45000001
2025-08-01 01:13:34 PM,722.0,2,1444.0,12890909.45000001
2025-08-01 01:13:58 PM,722.0,15,10830.0,12901739.45000001
2025-08-01 01:14:50 PM,721.5,0,0.0,12901739.45000001
2025-08-01 01:14:50 PM,721.5,1,721.5,12902460.95000001
2025-08-01 01:15:56 PM,720.6,0,0.0,12902460.95000001
2025-08-01 01:15:56 PM,720.6,12,8647.2,12911108.15000001
2025-08-01 01:16:42 PM,720.0,0,0.0,12911108.15000001
2025-08-01 01:16:42 PM,720.5,0,0.0,12911108.15000001
2025-08-01 01:16:43 PM,720.5,262,188771.0,13099879.15000001
2025-08-01 01:17:06 PM,721.55,0,0.0,13099879.15000001
2025-08-01 01:17:08 PM,721.55,10,7215.5,13107094.65000001
2025-08-01 01:17:30 PM,722.0,50,36100.0,13143194.65000001
2025-08-01 01:18:55 PM,720.7,1,720.7,13143915.350000009
2025-08-01 01:19:01 PM,720.7,73,52611.100000000006,13196526.450000009
2025-08-01 01:22:36 PM,720.0,0,0.0,13196526.450000009
2025-08-01 01:22:38 PM,720.1,0,0.0,13196526.450000009
2025-08-01 01:22:40 PM,720.1,18,12961.800000000001,13209488.25000001
2025-08-01 01:22:46 PM,719.75,0,0.0,13209488.25000001
2025-08-01 01:22:49 PM,719.75,1,719.75,13210208.00000001
2025-08-01 01:23:52 PM,719.55,0,0.0,13210208.00000001
2025-08-01 01:23:56 PM,719.55,9,6475.95,13216683.950000009
2025-08-01 01:26:35 PM,720.9,0,0.0,13216683.950000009
2025-08-01 01:26:37 PM,720.9,5,3604.5,13220288.450000009
2025-08-01 01:27:11 PM,720.0,0,0.0,13220288.450000009
2025-08-01 01:27:11 PM,720.0,22,15840.0,13236128.450000009
2025-08-01 01:29:25 PM,720.75,0,0.0,13236128.450000009
2025-08-01 01:29:26 PM,720.75,10,7207.5,13243335.950000009
2025-08-01 01:29:31 PM,720.75,7,5045.25,13248381.200000009
2025-08-01 01:33:41 PM,720.75,20,14415.0,13262796.200000009
2025-08-01 01:35:08 PM,720.2,1,720.2,13263516.400000008
2025-08-01 01:35:16 PM,720.2,2,1440.4,13264956.800000008
2025-08-01 01:35:56 PM,720.75,0,0.0,13264956.800000008
2025-08-01 01:36:00 PM,720.75,71,51173.25,13316130.050000008
2025-08-01 01:37:48 PM,719.8,0,0.0,13316130.050000008
2025-08-01 01:37:52 PM,719.8,5,3599.0,13319729.050000008
2025-08-01 01:38:18 PM,719.5,0,0.0,13319729.050000008
2025-08-01 01:38:19 PM,719.5,44,31658.0,13351387.050000008
2025-08-01 01:39:42 PM,720.5,0,0.0,13351387.050000008
2025-08-01 01:39:44 PM,720.5,5,3602.5,13354989.550000008
2025-08-01 01:41:12 PM,719.95,0,0.0,13354989.550000008
2025-08-01 01:41:15 PM,719.95,16,11519.2,13366508.750000007
2025-08-01 01:41:58 PM,719.95,1,719.95,13367228.700000007
2025-08-01 01:42:38 PM,719.55,0,0.0,13367228.700000007
2025-08-01 01:42:42 PM,719.55,4,2878.2,13370106.900000006
2025-08-01 01:43:24 PM,719.5,0,0.0,13370106.900000006
2025-08-01 01:43:27 PM,719.5,7,5036.5,13375143.400000006
2025-08-01 01:44:28 PM,718.95,0,0.0,13375143.400000006
2025-08-01 01:44:28 PM,718.95,3,2156.8500000000004,13377300.250000006
2025-08-01 01:45:20 PM,719.95,0,0.0,13377300.250000006
2025-08-01 01:45:22 PM,719.95,10,7199.5,13384499.750000006
2025-08-01 01:45:44 PM,720.0,0,0.0,13384499.750000006
2025-08-01 01:45:47 PM,720.0,5,3600.0,13388099.750000006
2025-08-01 01:46:58 PM,718.85,0,0.0,13388099.750000006
2025-08-01 01:47:01 PM,718.85,12,8626.2,13396725.950000005
2025-08-01 01:47:30 PM,718.9,0,0.0,13396725.950000005
2025-08-01 01:47:31 PM,718.9,5,3594.5,13400320.450000005
2025-08-01 01:48:06 PM,718.3,0,0.0,13400320.450000005
2025-08-01 01:48:07 PM,718.3,10,7183.0,13407503.450000005
2025-08-01 01:52:50 PM,719.6,204,146798.4,13554301.850000005
2025-08-01 01:53:16 PM,722.0,0,0.0,13554301.850000005
2025-08-01 01:53:18 PM,722.0,14,10108.0,13564409.850000005
2025-08-01 01:53:23 PM,722.0,12,8664.0,13573073.850000005
2025-08-01 01:54:28 PM,721.1,0,0.0,13573073.850000005
2025-08-01 01:54:29 PM,721.1,1,721.1,13573794.950000005
2025-08-01 01:54:30 PM,722.0,10,7220.0,13581014.950000005
2025-08-01 01:54:43 PM,722.0,35,25270.0,13606284.950000005
2025-08-01 01:55:26 PM,724.35,0,0.0,13606284.950000005
2025-08-01 01:55:28 PM,724.35,145,105030.75,13711315.700000005
2025-08-01 01:55:47 PM,719.5,0,0.0,13711315.700000005
2025-08-01 01:55:47 PM,719.5,145,104327.5,13815643.200000005
2025-08-01 01:55:50 PM,719.55,0,0.0,13815643.200000005
2025-08-01 01:55:53 PM,719.55,14,10073.699999999999,13825716.900000004
2025-08-01 01:56:10 PM,720.0,0,0.0,13825716.900000004
2025-08-01 01:56:12 PM,720.0,50,36000.0,13861716.900000004
2025-08-01 01:57:06 PM,719.9,0,0.0,13861716.900000004
2025-08-01 01:57:07 PM,719.9,108,77749.2,13939466.100000003
2025-08-01 02:00:54 PM,720.35,0,0.0,13939466.100000003
2025-08-01 02:00:55 PM,720.35,1,720.35,13940186.450000003
2025-08-01 02:01:29 PM,720.35,11,7923.85,13948110.300000003
2025-08-01 02:02:10 PM,719.9,0,0.0,13948110.300000003
2025-08-01 02:02:13 PM,719.9,17,12238.3,13960348.600000003
2025-08-01 02:02:38 PM,719.9,10,7199.0,13967547.600000003
2025-08-01 02:03:43 PM,719.1,0,0.0,13967547.600000003
2025-08-01 02:03:43 PM,719.1,10,7191.0,13974738.600000003
2025-08-01 02:04:03 PM,718.0,0,0.0,13974738.600000003
2025-08-01 02:04:03 PM,718.0,12,8616.0,13983354.600000003
2025-08-01 02:04:44 PM,718.7,1,718.7,13984073.300000003
2025-08-01 02:04:46 PM,719.1,0,0.0,13984073.300000003
2025-08-01 02:04:50 PM,719.1,1,719.1,13984792.400000002
2025-08-01 02:05:18 PM,718.6,0,0.0,13984792.400000002
2025-08-01 02:05:20 PM,718.6,1,718.6,13985511.000000002
2025-08-01 02:09:13 PM,719.1,0,0.0,13985511.000000002
2025-08-01 02:09:14 PM,719.1,10,7191.0,13992702.000000002
2025-08-01 02:09:52 PM,719.05,0,0.0,13992702.000000002
2025-08-01 02:09:54 PM,719.05,29,20852.449999999997,14013554.450000001
2025-08-01 02:11:16 PM,719.05,10,7190.5,14020744.950000001
2025-08-01 02:12:56 PM,718.75,0,0.0,14020744.950000001
2025-08-01 02:12:58 PM,718.75,3,2156.25,14022901.200000001
2025-08-01 02:17:18 PM,719.05,1,719.05,14023620.250000002
2025-08-01 02:17:23 PM,719.05,10,7190.5,14030810.750000002
2025-08-01 02:19:05 PM,718.25,9,6464.25,14037275.000000002
2025-08-01 02:22:13 PM,718.1,218,156545.80000000002,14193820.800000003
2025-08-01 02:22:13 PM,717.75,14,10048.5,14203869.300000003
2025-08-01 02:22:17 PM,717.8,0,0.0,14203869.300000003
2025-08-01 02:22:18 PM,717.8,8,5742.4,14209611.700000003
2025-08-01 02:23:05 PM,718.25,0,0.0,14209611.700000003
2025-08-01 02:23:06 PM,718.25,1,718.25,14210329.950000003
2025-08-01 02:24:33 PM,717.7,0,0.0,14210329.950000003
2025-08-01 02:24:36 PM,717.7,1,717.7,14211047.650000002
2025-08-01 02:24:52 PM,717.0,0,0.0,14211047.650000002
2025-08-01 02:24:52 PM,717.0,10,7170.0,14218217.650000002
2025-08-01 02:27:11 PM,718.05,16,11488.8,14229706.450000003
2025-08-01 02:27:46 PM,719.4,0,0.0,14229706.450000003
2025-08-01 02:27:49 PM,719.4,7,5035.8,14234742.250000004
2025-08-01 02:28:40 PM,718.4,0,0.0,14234742.250000004
2025-08-01 02:28:41 PM,717.05,0,0.0,14234742.250000004
2025-08-01 02:28:43 PM,717.05,35,25096.75,14259839.000000004
2025-08-01 02:31:53 PM,718.75,0,0.0,14259839.000000004
2025-08-01 02:31:55 PM,718.75,3,2156.25,14261995.250000004
2025-08-01 02:33:17 PM,717.0,0,0.0,14261995.250000004
2025-08-01 02:33:17 PM,717.0,187,134079.0,14396074.250000004
2025-08-01 02:34:11 PM,715.65,0,0.0,14396074.250000004
2025-08-01 02:34:12 PM,715.65,5,3578.25,14399652.500000004
2025-08-01 02:34:14 PM,716.55,0,0.0,14399652.500000004
2025-08-01 02:34:15 PM,716.55,27,19346.85,14418999.350000003
2025-08-01 02:34:33 PM,716.4,12,8596.8,14427596.150000004
2025-08-01 02:38:26 PM,715.15,0,0.0,14427596.150000004
2025-08-01 02:38:28 PM,715.15,354,253163.1,14680759.250000004
2025-08-01 02:38:45 PM,716.2,14,10026.800000000001,14690786.050000004
2025-08-01 02:39:37 PM,717.15,0,0.0,14690786.050000004
2025-08-01 02:39:37 PM,717.15,10,7171.5,14697957.550000004
2025-08-01 02:39:48 PM,715.5,248,177444.0,14875401.550000004
2025-08-01 02:40:31 PM,715.05,0,0.0,14875401.550000004
2025-08-01 02:40:32 PM,715.05,1,715.05,14876116.600000005
2025-08-01 02:41:45 PM,715.5,0,0.0,14876116.600000005
2025-08-01 02:41:48 PM,715.5,10,7155.0,14883271.600000005
2025-08-01 02:44:02 PM,714.0,0,0.0,14883271.600000005
2025-08-01 02:44:02 PM,714.0,27,19278.0,14902549.600000005
2025-08-01 02:44:05 PM,715.45,0,0.0,14902549.600000005
2025-08-01 02:44:08 PM,715.45,20,14309.0,14916858.600000005
2025-08-01 02:44:29 PM,714.95,0,0.0,14916858.600000005
2025-08-01 02:44:31 PM,714.95,10,7149.5,14924008.100000005
2025-08-01 02:45:55 PM,712.25,65,46296.25,14970304.350000005
2025-08-01 02:46:02 PM,714.85,0,0.0,14970304.350000005
2025-08-01 02:46:05 PM,714.85,15,10722.75,14981027.100000005
2025-08-01 02:46:08 PM,714.45,0,0.0,14981027.100000005
2025-08-01 02:46:11 PM,714.95,23,16443.850000000002,14997470.950000005
2025-08-01 02:47:32 PM,714.45,0,0.0,14997470.950000005
2025-08-01 02:47:35 PM,714.45,5,3572.25,15001043.200000005
2025-08-01 02:47:44 PM,714.95,0,0.0,15001043.200000005
2025-08-01 02:47:47 PM,714.95,15,10724.25,15011767.450000005
2025-08-01 02:48:11 PM,715.0,5,3575.0,15015342.450000005
2025-08-01 02:48:39 PM,714.8,0,0.0,15015342.450000005
2025-08-01 02:48:39 PM,714.8,11,7862.799999999999,15023205.250000006
2025-08-01 02:49:47 PM,712.8,0,0.0,15023205.250000006
2025-08-01 02:49:50 PM,712.8,30,21384.0,15044589.250000006
2025-08-01 02:50:05 PM,713.95,0,0.0,15044589.250000006
2025-08-01 02:50:07 PM,713.95,7,4997.650000000001,15049586.900000006
2025-08-01 02:50:16 PM,714.15,0,0.0,15049586.900000006
2025-08-01 02:50:18 PM,714.15,10,7141.5,15056728.400000006
2025-08-01 02:50:33 PM,715.15,0,0.0,15056728.400000006
2025-08-01 02:50:34 PM,715.15,30,21454.5,15078182.900000006
2025-08-01 02:52:11 PM,714.75,0,0.0,15078182.900000006
2025-08-01 02:52:11 PM,714.75,2,1429.5,15079612.400000006
2025-08-01 02:52:58 PM,713.25,0,0.0,15079612.400000006
2025-08-01 02:52:59 PM,713.25,10,7132.5,15086744.900000006
2025-08-01 02:53:00 PM,714.45,0,0.0,15086744.900000006
2025-08-01 02:53:00 PM,714.45,9,6430.05,15093174.950000007
2025-08-01 02:55:43 PM,712.65,0,0.0,15093174.950000007
2025-08-01 02:55:43 PM,712.65,4,2850.6,15096025.550000006
2025-08-01 02:58:51 PM,713.85,7,4996.95,15101022.500000006
2025-08-01 02:58:53 PM,713.9,20,14278.0,15115300.500000006
2025-08-01 02:58:57 PM,713.9,8,5711.2,15121011.700000005
2025-08-01 03:00:16 PM,713.4,0,0.0,15121011.700000005
2025-08-01 03:00:17 PM,713.4,3,2140.2,15123151.900000004
2025-08-01 03:02:37 PM,714.0,0,0.0,15123151.900000004
2025-08-01 03:02:38 PM,714.0,20,14280.0,15137431.900000004
2025-08-01 03:02:57 PM,712.95,10,7129.5,15144561.400000004
2025-08-01 03:03:49 PM,712.85,0,0.0,15144561.400000004
2025-08-01 03:03:52 PM,712.85,2,1425.7,15145987.100000003
2025-08-01 03:04:08 PM,713.0,0,0.0,15145987.100000003
2025-08-01 03:04:10 PM,713.0,20,14260.0,15160247.100000003
2025-08-01 03:05:02 PM,712.25,19,13532.75,15173779.850000003
2025-08-01 03:05:06 PM,712.0,60,42720.0,15216499.850000003
2025-08-01 03:05:09 PM,712.95,3,2138.8500000000004,15218638.700000003
2025-08-01 03:05:10 PM,711.2,0,0.0,15218638.700000003
2025-08-01 03:05:12 PM,711.2,1,711.2,15219349.900000002
2025-08-01 03:05:27 PM,711.15,0,0.0,15219349.900000002
2025-08-01 03:05:28 PM,711.15,54,38402.1,15257752.000000002
2025-08-01 03:05:40 PM,711.05,0,0.0,15257752.000000002
2025-08-01 03:05:40 PM,711.05,7,4977.349999999999,15262729.350000001
2025-08-01 03:05:47 PM,711.05,36,25597.8,15288327.150000002
2025-08-01 03:08:37 PM,711.05,19,13509.949999999999,15301837.100000001
2025-08-01 03:08:52 PM,713.0,25,17825.0,15319662.100000001
2025-08-01 03:09:03 PM,711.7,34,24197.800000000003,15343859.900000002
2025-08-01 03:09:55 PM,711.7,1,711.7,15344571.600000001
2025-08-01 03:10:01 PM,711.0,0,0.0,15344571.600000001
2025-08-01 03:10:02 PM,711.0,78,55458.0,15400029.600000001
2025-08-01 03:10:41 PM,712.25,0,0.0,15400029.600000001
2025-08-01 03:10:43 PM,712.25,3,2136.75,15402166.350000001
2025-08-01 03:10:52 PM,711.35,2,1422.7,15403589.05
2025-08-01 03:11:24 PM,713.0,5,3565.0,15407154.05
2025-08-01 03:11:33 PM,712.85,0,0.0,15407154.05
2025-08-01 03:11:34 PM,712.85,5,3564.25,15410718.3
2025-08-01 03:12:04 PM,711.0,0,0.0,15410718.3
2025-08-01 03:12:07 PM,711.0,200,142200.0,15552918.3
2025-08-01 03:13:38 PM,712.05,0,0.0,15552918.3
2025-08-01 03:13:39 PM,712.05,14,9968.699999999999,15562887.0
2025-08-01 03:13:45 PM,712.95,10,7129.5,15570016.5
2025-08-01 03:13:48 PM,711.6,1,711.6,15570728.1
2025-08-01 03:15:03 PM,711.7,0,0.0,15570728.1
2025-08-01 03:15:05 PM,711.7,16,11387.2,15582115.299999999
2025-08-01 03:15:07 PM,711.3,0,0.0,15582115.299999999
2025-08-01 03:15:08 PM,711.3,7,4979.099999999999,15587094.399999999
2025-08-01 03:15:13 PM,711.0,10,7110.0,15594204.399999999
2025-08-01 03:15:20 PM,711.0,51,36261.0,15630465.399999999
2025-08-01 03:15:45 PM,711.0,71,50481.0,15680946.399999999
2025-08-01 03:16:11 PM,714.45,116,82876.20000000001,15763822.599999998
2025-08-01 03:16:40 PM,712.5,11,7837.5,15771660.099999998
2025-08-01 03:16:52 PM,713.25,45,32096.25,15803756.349999998
2025-08-01 03:17:19 PM,714.45,10,7144.5,15810900.849999998
2025-08-01 03:17:25 PM,715.5,0,0.0,15810900.849999998
2025-08-01 03:17:26 PM,715.5,11,7870.5,15818771.349999998
2025-08-01 03:17:51 PM,712.25,16,11396.0,15830167.349999998
2025-08-01 03:18:04 PM,707.55,603,426652.64999999997,16256819.999999998
2025-08-01 03:18:09 PM,710.0,0,0.0,16256819.999999998
2025-08-01 03:18:11 PM,710.0,10,7100.0,16263919.999999998
2025-08-01 03:18:18 PM,710.0,10,7100.0,16271019.999999998
2025-08-01 03:18:25 PM,710.0,1,710.0,16271729.999999998
2025-08-01 03:18:44 PM,713.45,1,713.45,16272443.449999997
2025-08-01 03:18:46 PM,710.0,45,31950.0,16304393.449999997
2025-08-01 03:18:55 PM,712.1,0,0.0,16304393.449999997
2025-08-01 03:18:57 PM,712.1,5,3560.5,16307953.949999997
2025-08-01 03:19:32 PM,709.95,14,9939.300000000001,16317893.249999998
2025-08-01 03:19:37 PM,709.5,2,1419.0,16319312.249999998
2025-08-01 03:20:13 PM,710.0,1,710.0,16320022.249999998
2025-08-01 03:20:18 PM,713.85,10,7138.5,16327160.749999998
2025-08-01 03:20:39 PM,709.55,20,14191.0,16341351.749999998
2025-08-01 03:21:13 PM,709.65,0,0.0,16341351.749999998
2025-08-01 03:21:13 PM,709.65,1,709.65,16342061.399999999
2025-08-01 03:21:25 PM,713.0,0,0.0,16342061.399999999
2025-08-01 03:21:27 PM,713.0,10,7130.0,16349191.399999999
2025-08-01 03:21:48 PM,709.65,2,1419.3,16350610.7
2025-08-01 03:21:50 PM,710.1,0,0.0,16350610.7
2025-08-01 03:21:54 PM,710.1,24,17042.4,16367653.1
2025-08-01 03:21:59 PM,709.95,0,0.0,16367653.1
2025-08-01 03:22:01 PM,709.95,11,7809.450000000001,16375462.549999999
2025-08-01 03:22:19 PM,709.8,0,0.0,16375462.549999999
2025-08-01 03:22:21 PM,709.8,100,70980.0,16446442.549999999
2025-08-01 03:23:01 PM,710.6,1,710.6,16447153.149999999
2025-08-01 03:23:16 PM,710.9,0,0.0,16447153.149999999
2025-08-01 03:23:17 PM,710.9,28,19905.2,16467058.349999998
2025-08-01 03:23:35 PM,710.85,14,9951.9,16477010.249999998
2025-08-01 03:23:36 PM,710.3,0,0.0,16477010.249999998
2025-08-01 03:23:36 PM,710.3,4,2841.2,16479851.449999997
2025-08-01 03:23:46 PM,714.25,0,0.0,16479851.449999997
2025-08-01 03:23:48 PM,714.25,7,4999.75,16484851.199999997
2025-08-01 03:24:07 PM,710.7,0,0.0,16484851.199999997
2025-08-01 03:24:07 PM,710.7,28,19899.600000000002,16504750.799999997
2025-08-01 03:24:15 PM,713.55,3,2140.6499999999996,16506891.449999997
2025-08-01 03:24:16 PM,713.45,10,7134.5,16514025.949999997
2025-08-01 03:24:18 PM,710.8,0,0.0,16514025.949999997
2025-08-01 03:24:21 PM,710.75,71,50463.25,16564489.199999997
2025-08-01 03:24:34 PM,713.25,15,10698.75,16575187.949999997
2025-08-01 03:24:41 PM,711.45,1,711.45,16575899.399999997
2025-08-01 03:24:48 PM,710.05,28,19881.399999999998,16595780.799999997
2025-08-01 03:24:55 PM,709.5,22,15609.0,16611389.799999997
2025-08-01 03:24:58 PM,711.55,0,0.0,16611389.799999997
2025-08-01 03:25:01 PM,711.55,10,7115.5,16618505.299999997
2025-08-01 03:25:18 PM,708.95,0,0.0,16618505.299999997
2025-08-01 03:25:21 PM,708.95,1,708.95,16619214.249999996
2025-08-01 03:25:38 PM,709.25,0,0.0,16619214.249999996
2025-08-01 03:25:40 PM,709.25,1,709.25,16619923.499999996
2025-08-01 03:26:13 PM,709.25,34,24114.5,16644037.999999996
2025-08-01 03:26:22 PM,710.45,0,0.0,16644037.999999996
2025-08-01 03:26:22 PM,710.45,5,3552.25,16647590.249999996
2025-08-01 03:26:23 PM,710.5,0,0.0,16647590.249999996
2025-08-01 03:26:23 PM,710.5,10,7105.0,16654695.249999996
2025-08-01 03:27:35 PM,715.35,3,2146.05,16656841.299999997
2025-08-01 03:28:30 PM,709.0,0,0.0,16656841.299999997
2025-08-01 03:28:31 PM,709.0,35,24815.0,16681656.299999997
2025-08-01 03:28:37 PM,706.8,0,0.0,16681656.299999997
2025-08-01 03:28:37 PM,706.8,50,35340.0,16716996.299999997
2025-08-01 03:28:44 PM,708.65,21,14881.65,16731877.949999997
2025-08-01 03:29:04 PM,708.75,0,0.0,16731877.949999997
2025-08-01 03:29:05 PM,708.75,15,10631.25,16742509.199999997
2025-08-01 03:29:13 PM,708.75,10,7087.5,16749596.699999997
2025-08-01 03:29:21 PM,708.75,10,7087.5,16756684.199999997
