date,price,qty,trnvr,cum_trnvr
2025-08-01 09:15:07 AM,508.8,3349,1703971.2,1703971.2
2025-08-01 09:15:07 AM,509.55,0,0.0,1703971.2
2025-08-01 09:15:09 AM,507.35,528,267880.8,1971852.0
2025-08-01 09:15:15 AM,508.25,0,0.0,1971852.0
2025-08-01 09:15:18 AM,508.25,223,113339.75,2085191.75
2025-08-01 09:15:24 AM,508.45,0,0.0,2085191.75
2025-08-01 09:15:26 AM,507.65,0,0.0,2085191.75
2025-08-01 09:15:28 AM,507.9,2300,1168170.0,3253361.75
2025-08-01 09:15:29 AM,508.85,500,254425.0,3507786.75
2025-08-01 09:15:35 AM,506.4,0,0.0,3507786.75
2025-08-01 09:15:36 AM,506.4,2798,1416907.2,4924693.95
2025-08-01 09:15:39 AM,506.35,0,0.0,4924693.95
2025-08-01 09:15:43 AM,505.1,0,0.0,4924693.95
2025-08-01 09:15:44 AM,505.1,1676,846547.6000000001,5771241.550000001
2025-08-01 09:15:48 AM,505.0,0,0.0,5771241.550000001
2025-08-01 09:15:51 AM,504.5,0,0.0,5771241.550000001
2025-08-01 09:15:53 AM,503.75,3611,1819041.25,7590282.800000001
2025-08-01 09:15:55 AM,503.7,109,54903.299999999996,7645186.100000001
2025-08-01 09:15:57 AM,503.15,0,0.0,7645186.100000001
2025-08-01 09:16:01 AM,503.0,2796,1406388.0,9051574.100000001
2025-08-01 09:16:03 AM,502.1,1156,580427.6,9632001.700000001
2025-08-01 09:16:05 AM,501.0,0,0.0,9632001.700000001
2025-08-01 09:16:09 AM,501.85,1145,574618.25,10206619.950000001
2025-08-01 09:16:11 AM,500.7,210,105147.0,10311766.950000001
2025-08-01 09:16:12 AM,500.85,0,0.0,10311766.950000001
2025-08-01 09:16:17 AM,499.85,3242,1620513.7000000002,11932280.650000002
2025-08-01 09:16:19 AM,502.0,4633,2325766.0,14258046.650000002
2025-08-01 09:16:23 AM,499.25,0,0.0,14258046.650000002
2025-08-01 09:16:25 AM,502.1,3996,2006391.6,16264438.250000002
2025-08-01 09:16:27 AM,502.05,769,386076.45,16650514.700000001
2025-08-01 09:16:31 AM,502.8,0,0.0,16650514.700000001
2025-08-01 09:16:33 AM,502.05,0,0.0,16650514.700000001
2025-08-01 09:16:34 AM,502.05,1401,703372.05,17353886.75
2025-08-01 09:16:35 AM,502.45,440,221078.0,17574964.75
2025-08-01 09:16:41 AM,502.9,0,0.0,17574964.75
2025-08-01 09:16:42 AM,502.9,150,75435.0,17650399.75
2025-08-01 09:16:43 AM,502.9,109,54816.1,17705215.85
2025-08-01 09:16:50 AM,503.05,346,174055.30000000002,17879271.150000002
2025-08-01 09:16:52 AM,503.05,67,33704.35,17912975.500000004
2025-08-01 09:16:53 AM,503.3,0,0.0,17912975.500000004
2025-08-01 09:16:58 AM,503.3,40,20132.0,17933107.500000004
2025-08-01 09:17:00 AM,503.05,188,94573.40000000001,18027680.900000002
2025-08-01 09:17:02 AM,503.3,0,0.0,18027680.900000002
2025-08-01 09:17:07 AM,503.75,1306,657897.5,18685578.400000002
2025-08-01 09:17:08 AM,504.7,771,389123.7,19074702.1
2025-08-01 09:17:09 AM,505.3,0,0.0,19074702.1
2025-08-01 09:17:11 AM,504.85,0,0.0,19074702.1
2025-08-01 09:17:15 AM,504.7,355,179168.5,19253870.6
2025-08-01 09:17:16 AM,505.65,97,49048.049999999996,19302918.650000002
2025-08-01 09:17:18 AM,504.95,0,0.0,19302918.650000002
2025-08-01 09:17:20 AM,505.8,0,0.0,19302918.650000002
2025-08-01 09:17:23 AM,505.8,1411,713683.8,20016602.450000003
2025-08-01 09:17:24 AM,505.15,41,20711.149999999998,20037313.6
2025-08-01 09:17:26 AM,506.3,0,0.0,20037313.6
2025-08-01 09:17:28 AM,506.65,0,0.0,20037313.6
2025-08-01 09:17:31 AM,506.05,469,237337.45,20274651.05
2025-08-01 09:17:32 AM,506.35,181,91649.35,20366300.400000002
2025-08-01 09:17:34 AM,506.05,0,0.0,20366300.400000002
2025-08-01 09:17:36 AM,505.8,0,0.0,20366300.400000002
2025-08-01 09:17:40 AM,505.05,582,293939.10000000003,20660239.500000004
2025-08-01 09:17:41 AM,505.05,122,61616.1,20721855.600000005
2025-08-01 09:17:43 AM,504.7,0,0.0,20721855.600000005
2025-08-01 09:17:45 AM,504.9,0,0.0,20721855.600000005
2025-08-01 09:17:48 AM,505.05,1022,516161.10000000003,21238016.700000007
2025-08-01 09:17:49 AM,504.2,2,1008.4,21239025.100000005
2025-08-01 09:17:52 AM,504.5,0,0.0,21239025.100000005
2025-08-01 09:17:54 AM,504.95,0,0.0,21239025.100000005
2025-08-01 09:17:56 AM,504.95,541,273177.95,21512203.050000004
2025-08-01 09:17:57 AM,505.5,285,144067.5,21656270.550000004
2025-08-01 09:18:00 AM,506.25,0,0.0,21656270.550000004
2025-08-01 09:18:03 AM,506.2,0,0.0,21656270.550000004
2025-08-01 09:18:05 AM,506.85,709,359356.65,22015627.200000003
2025-08-01 09:18:06 AM,507.25,100,50725.0,22066352.200000003
2025-08-01 09:18:08 AM,506.85,0,0.0,22066352.200000003
2025-08-01 09:18:10 AM,507.3,0,0.0,22066352.200000003
2025-08-01 09:18:13 AM,507.1,143,72515.3,22138867.500000004
2025-08-01 09:18:14 AM,507.4,15,7611.0,22146478.500000004
2025-08-01 09:18:16 AM,507.25,0,0.0,22146478.500000004
2025-08-01 09:18:18 AM,506.65,0,0.0,22146478.500000004
2025-08-01 09:18:21 AM,507.1,335,169878.5,22316357.000000004
2025-08-01 09:18:24 AM,507.5,0,0.0,22316357.000000004
2025-08-01 09:18:29 AM,507.85,675,342798.75,22659155.750000004
2025-08-01 09:18:31 AM,507.45,167,84744.15,22743899.900000002
2025-08-01 09:18:34 AM,507.5,0,0.0,22743899.900000002
2025-08-01 09:18:38 AM,507.8,339,172144.2,22916044.1
2025-08-01 09:18:46 AM,507.25,124,62899.0,22978943.1
2025-08-01 09:18:47 AM,507.8,2,1015.6,22979958.700000003
2025-08-01 09:18:50 AM,508.1,0,0.0,22979958.700000003
2025-08-01 09:18:54 AM,508.1,283,143792.30000000002,23123751.000000004
2025-08-01 09:18:55 AM,508.3,1,508.3,23124259.300000004
2025-08-01 09:18:56 AM,508.15,0,0.0,23124259.300000004
2025-08-01 09:19:02 AM,507.0,1045,529815.0,23654074.300000004
2025-08-01 09:19:03 AM,507.3,61,30945.3,23685019.600000005
2025-08-01 09:19:10 AM,508.25,491,249550.75,23934570.350000005
2025-08-01 09:19:14 AM,508.3,0,0.0,23934570.350000005
2025-08-01 09:19:18 AM,508.15,242,122972.29999999999,24057542.650000006
2025-08-01 09:19:19 AM,507.85,1,507.85,24058050.500000007
2025-08-01 09:19:20 AM,508.05,0,0.0,24058050.500000007
2025-08-01 09:19:21 AM,507.85,0,0.0,24058050.500000007
2025-08-01 09:19:26 AM,508.3,105,53371.5,24111422.000000007
2025-08-01 09:19:28 AM,508.3,65,33039.5,24144461.500000007
2025-08-01 09:19:34 AM,508.3,407,206878.1,24351339.60000001
2025-08-01 09:19:34 AM,508.0,0,0.0,24351339.60000001
2025-08-01 09:19:36 AM,508.0,1,508.0,24351847.60000001
2025-08-01 09:19:42 AM,508.0,17,8636.0,24360483.60000001
2025-08-01 09:19:44 AM,508.0,1,508.0,24360991.60000001
2025-08-01 09:19:50 AM,507.45,0,0.0,24360991.60000001
2025-08-01 09:19:50 AM,507.45,567,287724.14999999997,24648715.750000007
2025-08-01 09:19:52 AM,508.0,7,3556.0,24652271.750000007
2025-08-01 09:19:58 AM,507.3,0,0.0,24652271.750000007
2025-08-01 09:19:58 AM,507.3,116,58846.8,24711118.55000001
2025-08-01 09:20:06 AM,507.6,67,34009.200000000004,24745127.750000007
2025-08-01 09:20:12 AM,507.25,0,0.0,24745127.750000007
2025-08-01 09:20:14 AM,507.75,151,76670.25,24821798.000000007
2025-08-01 09:20:20 AM,507.6,0,0.0,24821798.000000007
2025-08-01 09:20:22 AM,506.75,563,285300.25,25107098.250000007
2025-08-01 09:20:24 AM,507.05,71,36000.55,25143098.80000001
2025-08-01 09:20:26 AM,507.1,0,0.0,25143098.80000001
2025-08-01 09:20:30 AM,506.95,20,10139.0,25153237.80000001
2025-08-01 09:20:32 AM,507.25,5,2536.25,25155774.05000001
2025-08-01 09:20:37 AM,507.0,0,0.0,25155774.05000001
2025-08-01 09:20:38 AM,507.0,17,8619.0,25164393.05000001
2025-08-01 09:20:44 AM,507.3,0,0.0,25164393.05000001
2025-08-01 09:20:46 AM,507.7,22,11169.4,25175562.450000007
2025-08-01 09:20:47 AM,507.3,2,1014.6,25176577.05000001
2025-08-01 09:20:51 AM,507.6,0,0.0,25176577.05000001
2025-08-01 09:20:54 AM,507.7,1774,900659.7999999999,26077236.85000001
2025-08-01 09:20:58 AM,507.35,0,0.0,26077236.85000001
2025-08-01 09:21:01 AM,507.05,421,213468.05000000002,26290704.90000001
2025-08-01 09:21:02 AM,507.05,70,35493.5,26326198.40000001
2025-08-01 09:21:09 AM,507.05,18,9126.9,26335325.30000001
2025-08-01 09:21:12 AM,506.8,0,0.0,26335325.30000001
2025-08-01 09:21:17 AM,506.9,212,107462.79999999999,26442788.10000001
2025-08-01 09:21:25 AM,507.25,3391,1720084.75,28162872.85000001
2025-08-01 09:21:26 AM,507.05,387,196228.35,28359101.20000001
2025-08-01 09:21:28 AM,506.85,0,0.0,28359101.20000001
2025-08-01 09:21:33 AM,506.85,307,155602.95,28514704.15000001
2025-08-01 09:21:33 AM,506.9,0,0.0,28514704.15000001
2025-08-01 09:21:33 AM,506.9,1,506.9,28515211.05000001
2025-08-01 09:21:38 AM,506.85,0,0.0,28515211.05000001
2025-08-01 09:21:40 AM,506.85,344,174356.4,28689567.450000007
2025-08-01 09:21:41 AM,506.6,207,104866.20000000001,28794433.650000006
2025-08-01 09:21:44 AM,506.5,0,0.0,28794433.650000006
2025-08-01 09:21:48 AM,506.55,238,120558.90000000001,28914992.550000004
2025-08-01 09:21:51 AM,506.3,0,0.0,28914992.550000004
2025-08-01 09:21:54 AM,506.55,0,0.0,28914992.550000004
2025-08-01 09:21:55 AM,507.15,937,475199.55,29390192.100000005
2025-08-01 09:22:02 AM,506.65,0,0.0,29390192.100000005
2025-08-01 09:22:03 AM,506.2,341,172614.19999999998,29562806.300000004
2025-08-01 09:22:08 AM,506.15,0,0.0,29562806.300000004
2025-08-01 09:22:11 AM,506.5,25,12662.5,29575468.800000004
2025-08-01 09:22:12 AM,506.55,17,8611.35,29584080.150000006
2025-08-01 09:22:22 AM,506.2,0,0.0,29584080.150000006
2025-08-01 09:22:26 AM,506.2,55,27841.0,29611921.150000006
2025-08-01 09:22:36 AM,506.05,0,0.0,29611921.150000006
2025-08-01 09:22:41 AM,505.55,311,157226.05000000002,29769147.200000007
2025-08-01 09:22:43 AM,506.1,2,1012.2,29770159.400000006
2025-08-01 09:22:54 AM,505.4,0,0.0,29770159.400000006
2025-08-01 09:22:56 AM,505.4,25,12635.0,29782794.400000006
2025-08-01 09:22:58 AM,505.75,2,1011.5,29783805.900000006
2025-08-01 09:23:03 AM,505.3,0,0.0,29783805.900000006
2025-08-01 09:23:04 AM,505.3,996,503278.8,30287084.700000007
2025-08-01 09:23:05 AM,505.8,101,51085.8,30338170.500000007
2025-08-01 09:23:08 AM,505.25,0,0.0,30338170.500000007
2025-08-01 09:23:12 AM,505.25,14,7073.5,30345244.000000007
2025-08-01 09:23:13 AM,505.55,9,4549.95,30349793.950000007
2025-08-01 09:23:14 AM,505.35,0,0.0,30349793.950000007
2025-08-01 09:23:19 AM,505.35,8,4042.8,30353836.750000007
2025-08-01 09:23:27 AM,505.25,579,292539.75,30646376.500000007
2025-08-01 09:23:28 AM,505.5,0,0.0,30646376.500000007
2025-08-01 09:23:29 AM,505.5,21,10615.5,30656992.000000007
2025-08-01 09:23:41 AM,505.55,0,0.0,30656992.000000007
2025-08-01 09:23:42 AM,505.55,27,13649.85,30670641.85000001
2025-08-01 09:23:47 AM,505.5,0,0.0,30670641.85000001
2025-08-01 09:23:50 AM,505.5,1,505.5,30671147.35000001
2025-08-01 09:23:51 AM,505.55,202,102121.1,30773268.45000001
2025-08-01 09:23:54 AM,505.2,0,0.0,30773268.45000001
2025-08-01 09:23:57 AM,505.55,37,18705.350000000002,30791973.800000012
2025-08-01 09:24:05 AM,505.15,35,17680.25,30809654.050000012
2025-08-01 09:24:13 AM,505.15,14,7072.099999999999,30816726.150000013
2025-08-01 09:24:14 AM,505.45,0,0.0,30816726.150000013
2025-08-01 09:24:20 AM,505.15,30,15154.5,30831880.650000013
2025-08-01 09:24:22 AM,505.5,258,130419.0,30962299.650000013
2025-08-01 09:24:26 AM,505.55,0,0.0,30962299.650000013
2025-08-01 09:24:28 AM,505.55,12,6066.6,30968366.250000015
2025-08-01 09:24:30 AM,505.55,3,1516.65,30969882.900000013
2025-08-01 09:24:36 AM,505.6,10,5056.0,30974938.900000013
2025-08-01 09:24:37 AM,506.0,263,133078.0,31108016.900000013
2025-08-01 09:24:43 AM,505.9,213,107756.7,31215773.600000013
2025-08-01 09:24:44 AM,505.45,0,0.0,31215773.600000013
2025-08-01 09:24:45 AM,505.45,2,1010.9,31216784.50000001
2025-08-01 09:24:50 AM,505.05,210,106060.5,31322845.00000001
2025-08-01 09:24:52 AM,505.05,1,505.05,31323350.050000012
2025-08-01 09:24:58 AM,505.05,1,505.05,31323855.100000013
2025-08-01 09:25:00 AM,505.05,102,51515.1,31375370.200000014
2025-08-01 09:25:04 AM,505.3,0,0.0,31375370.200000014
2025-08-01 09:25:05 AM,505.3,3,1515.9,31376886.100000013
2025-08-01 09:25:15 AM,505.3,8,4042.4,31380928.50000001
2025-08-01 09:25:18 AM,505.1,0,0.0,31380928.50000001
2025-08-01 09:25:20 AM,505.3,4,2021.2,31382949.70000001
2025-08-01 09:25:28 AM,505.25,8,4042.0,31386991.70000001
2025-08-01 09:25:30 AM,505.25,1,505.25,31387496.95000001
2025-08-01 09:25:35 AM,505.35,65,32847.75,31420344.70000001
2025-08-01 09:25:37 AM,505.3,200,101060.0,31521404.70000001
2025-08-01 09:25:43 AM,505.3,1,505.3,31521910.00000001
2025-08-01 09:25:52 AM,505.5,0,0.0,31521910.00000001
2025-08-01 09:25:53 AM,505.5,3,1516.5,31523426.50000001
2025-08-01 09:25:59 AM,505.55,0,0.0,31523426.50000001
2025-08-01 09:25:59 AM,505.95,0,0.0,31523426.50000001
2025-08-01 09:26:00 AM,505.95,143,72350.84999999999,31595777.350000013
2025-08-01 09:26:05 AM,505.85,0,0.0,31595777.350000013
2025-08-01 09:26:05 AM,505.85,51,25798.350000000002,31621575.700000014
2025-08-01 09:26:08 AM,505.4,35,17689.0,31639264.700000014
2025-08-01 09:26:12 AM,505.8,0,0.0,31639264.700000014
2025-08-01 09:26:13 AM,505.8,253,127967.40000000001,31767232.100000013
2025-08-01 09:26:18 AM,505.5,0,0.0,31767232.100000013
2025-08-01 09:26:21 AM,504.85,6869,3467814.6500000004,35235046.750000015
2025-08-01 09:26:23 AM,505.75,447,226070.25,35461117.000000015
2025-08-01 09:26:24 AM,505.8,0,0.0,35461117.000000015
2025-08-01 09:26:28 AM,505.4,0,0.0,35461117.000000015
2025-08-01 09:26:29 AM,505.4,112,56604.799999999996,35517721.80000001
2025-08-01 09:26:30 AM,504.75,784,395724.0,35913445.80000001
2025-08-01 09:26:33 AM,504.95,0,0.0,35913445.80000001
2025-08-01 09:26:36 AM,505.75,107,54115.25,35967561.05000001
2025-08-01 09:26:38 AM,506.1,1137,575435.7000000001,36542996.750000015
2025-08-01 09:26:42 AM,505.75,0,0.0,36542996.750000015
2025-08-01 09:26:44 AM,505.7,28,14159.6,36557156.35000002
2025-08-01 09:26:51 AM,506.0,0,0.0,36557156.35000002
2025-08-01 09:26:52 AM,505.8,2,1011.6,36558167.95000002
2025-08-01 09:26:55 AM,506.0,0,0.0,36558167.95000002
2025-08-01 09:26:58 AM,505.9,0,0.0,36558167.95000002
2025-08-01 09:26:59 AM,505.9,77,38954.299999999996,36597122.250000015
2025-08-01 09:27:00 AM,505.9,192,97132.79999999999,36694255.05000001
2025-08-01 09:27:02 AM,506.0,0,0.0,36694255.05000001
2025-08-01 09:27:06 AM,505.9,34,17200.6,36711455.65000001
2025-08-01 09:27:08 AM,506.0,4,2024.0,36713479.65000001
2025-08-01 09:27:14 AM,505.4,600,303240.0,37016719.65000001
2025-08-01 09:27:14 AM,506.0,0,0.0,37016719.65000001
2025-08-01 09:27:15 AM,506.0,124,62744.0,37079463.65000001
2025-08-01 09:27:20 AM,505.85,0,0.0,37079463.65000001
2025-08-01 09:27:21 AM,505.85,1,505.85,37079969.500000015
2025-08-01 09:27:37 AM,505.8,1,505.8,37080475.30000001
2025-08-01 09:27:44 AM,506.0,2,1012.0,37081487.30000001
2025-08-01 09:27:59 AM,506.0,6,3036.0,37084523.30000001
2025-08-01 09:28:07 AM,506.0,5,2530.0,37087053.30000001
2025-08-01 09:28:08 AM,505.7,368,186097.6,37273150.90000001
2025-08-01 09:28:12 AM,504.85,0,0.0,37273150.90000001
2025-08-01 09:28:15 AM,504.85,196,98950.6,37372101.500000015
2025-08-01 09:28:22 AM,505.05,8,4040.4,37376141.90000001
2025-08-01 09:28:23 AM,504.85,0,0.0,37376141.90000001
2025-08-01 09:28:24 AM,504.85,1,504.85,37376646.750000015
2025-08-01 09:28:30 AM,504.85,1,504.85,37377151.60000002
2025-08-01 09:28:38 AM,504.85,18,9087.300000000001,37386238.90000001
2025-08-01 09:28:44 AM,504.65,0,0.0,37386238.90000001
2025-08-01 09:28:45 AM,504.65,434,219018.09999999998,37605257.000000015
2025-08-01 09:28:46 AM,505.45,2,1010.9,37606267.90000001
2025-08-01 09:28:50 AM,505.55,0,0.0,37606267.90000001
2025-08-01 09:28:53 AM,505.55,10,5055.5,37611323.40000001
2025-08-01 09:28:54 AM,505.15,1,505.15,37611828.55000001
2025-08-01 09:28:55 AM,504.85,0,0.0,37611828.55000001
2025-08-01 09:29:00 AM,505.3,206,104091.8,37715920.35000001
2025-08-01 09:29:02 AM,505.2,0,0.0,37715920.35000001
2025-08-01 09:29:08 AM,504.75,5,2523.75,37718444.10000001
2025-08-01 09:29:13 AM,505.15,0,0.0,37718444.10000001
2025-08-01 09:29:16 AM,505.15,2,1010.3,37719454.400000006
2025-08-01 09:29:17 AM,504.9,11,5553.9,37725008.300000004
2025-08-01 09:29:18 AM,505.15,0,0.0,37725008.300000004
2025-08-01 09:29:23 AM,505.15,3,1515.4499999999998,37726523.75000001
2025-08-01 09:29:25 AM,505.15,1,505.15,37727028.900000006
2025-08-01 09:29:31 AM,505.15,10,5051.5,37732080.400000006
2025-08-01 09:29:32 AM,504.6,1139,574739.4,38306819.800000004
2025-08-01 09:29:43 AM,504.5,0,0.0,38306819.800000004
2025-08-01 09:29:46 AM,504.5,5,2522.5,38309342.300000004
2025-08-01 09:29:47 AM,504.2,1,504.2,38309846.50000001
2025-08-01 09:29:53 AM,504.5,66,33297.0,38343143.50000001
2025-08-01 09:29:54 AM,504.55,1,504.55,38343648.050000004
2025-08-01 09:30:01 AM,504.55,8,4036.4,38347684.45
2025-08-01 09:30:01 AM,504.5,6,3027.0,38350711.45
2025-08-01 09:30:06 AM,504.55,0,0.0,38350711.45
2025-08-01 09:30:08 AM,504.55,51,25732.05,38376443.5
2025-08-01 09:30:16 AM,504.55,1,504.55,38376948.05
2025-08-01 09:30:17 AM,504.6,52,26239.2,38403187.25
2025-08-01 09:30:23 AM,504.6,311,156930.6,38560117.85
2025-08-01 09:30:24 AM,504.55,10,5045.5,38565163.35
2025-08-01 09:30:27 AM,504.0,0,0.0,38565163.35
2025-08-01 09:30:31 AM,504.0,363,182952.0,38748115.35
2025-08-01 09:30:34 AM,504.15,0,0.0,38748115.35
2025-08-01 09:30:38 AM,503.85,284,143093.4,38891208.75
2025-08-01 09:30:41 AM,504.0,0,0.0,38891208.75
2025-08-01 09:30:45 AM,504.0,69,34776.0,38925984.75
2025-08-01 09:30:53 AM,503.75,2,1007.5,38926992.25
2025-08-01 09:30:55 AM,503.8,0,0.0,38926992.25
2025-08-01 09:31:00 AM,503.8,56,28212.8,38955205.05
2025-08-01 09:31:01 AM,503.8,4,2015.2,38957220.25
2025-08-01 09:31:22 AM,503.8,17,8564.6,38965784.85
2025-08-01 09:31:30 AM,503.75,10,5037.5,38970822.35
2025-08-01 09:31:37 AM,503.75,2,1007.5,38971829.85
2025-08-01 09:31:47 AM,503.8,0,0.0,38971829.85
2025-08-01 09:31:50 AM,503.8,81,40807.8,39012637.65
2025-08-01 09:31:58 AM,503.35,961,483719.35000000003,39496357.0
2025-08-01 09:32:01 AM,503.4,0,0.0,39496357.0
2025-08-01 09:32:02 AM,503.5,0,0.0,39496357.0
2025-08-01 09:32:04 AM,503.5,107,53874.5,39550231.5
2025-08-01 09:32:12 AM,503.8,34,17129.2,39567360.7
2025-08-01 09:32:13 AM,504.05,0,0.0,39567360.7
2025-08-01 09:32:19 AM,504.05,393,198091.65,39765452.35
2025-08-01 09:32:19 AM,504.1,0,0.0,39765452.35
2025-08-01 09:32:25 AM,503.85,0,0.0,39765452.35
2025-08-01 09:32:26 AM,503.85,406,204563.1,39970015.45
2025-08-01 09:32:31 AM,504.0,0,0.0,39970015.45
2025-08-01 09:32:32 AM,504.0,51,25704.0,39995719.45
2025-08-01 09:32:46 AM,503.95,43,21669.85,40017389.300000004
2025-08-01 09:32:49 AM,504.0,0,0.0,40017389.300000004
2025-08-01 09:32:53 AM,503.95,7,3527.65,40020916.95
2025-08-01 09:33:00 AM,503.95,20,10079.0,40030995.95
2025-08-01 09:33:01 AM,504.0,0,0.0,40030995.95
2025-08-01 09:33:01 AM,503.95,0,0.0,40030995.95
2025-08-01 09:33:07 AM,504.0,0,0.0,40030995.95
2025-08-01 09:33:07 AM,504.0,114,57456.0,40088451.95
2025-08-01 09:33:13 AM,504.05,0,0.0,40088451.95
2025-08-01 09:33:14 AM,504.0,55,27720.0,40116171.95
2025-08-01 09:33:18 AM,504.1,0,0.0,40116171.95
2025-08-01 09:33:21 AM,504.1,50,25205.0,40141376.95
2025-08-01 09:33:33 AM,504.25,0,0.0,40141376.95
2025-08-01 09:33:35 AM,504.25,249,125558.25,40266935.2
2025-08-01 09:33:38 AM,504.45,0,0.0,40266935.2
2025-08-01 09:33:42 AM,504.95,169,85336.55,40352271.75
2025-08-01 09:33:49 AM,504.95,9,4544.55,40356816.3
2025-08-01 09:33:49 AM,505.0,52,26260.0,40383076.3
2025-08-01 09:33:51 AM,505.1,0,0.0,40383076.3
2025-08-01 09:33:53 AM,505.15,0,0.0,40383076.3
2025-08-01 09:33:56 AM,505.1,100,50510.0,40433586.3
2025-08-01 09:34:03 AM,505.1,31,15658.1,40449244.4
2025-08-01 09:34:08 AM,505.15,0,0.0,40449244.4
2025-08-01 09:34:10 AM,505.15,13,6566.95,40455811.35
2025-08-01 09:34:13 AM,505.3,0,0.0,40455811.35
2025-08-01 09:34:17 AM,506.05,1167,590560.35,41046371.7
2025-08-01 09:34:18 AM,506.4,0,0.0,41046371.7
2025-08-01 09:34:24 AM,506.4,39,19749.6,41066121.300000004
2025-08-01 09:34:26 AM,506.45,0,0.0,41066121.300000004
2025-08-01 09:34:30 AM,505.75,0,0.0,41066121.300000004
2025-08-01 09:34:31 AM,506.1,2250,1138725.0,42204846.300000004
2025-08-01 09:34:38 AM,506.1,127,64274.700000000004,42269121.00000001
2025-08-01 09:34:42 AM,505.9,0,0.0,42269121.00000001
2025-08-01 09:34:45 AM,506.3,0,0.0,42269121.00000001
2025-08-01 09:34:45 AM,506.3,210,106323.0,42375444.00000001
2025-08-01 09:34:48 AM,505.9,0,0.0,42375444.00000001
2025-08-01 09:34:51 AM,505.7,0,0.0,42375444.00000001
2025-08-01 09:34:52 AM,505.7,589,297857.3,42673301.300000004
2025-08-01 09:34:55 AM,505.45,0,0.0,42673301.300000004
2025-08-01 09:34:58 AM,505.55,123,62182.65,42735483.95
2025-08-01 09:35:13 AM,505.2,10,5052.0,42740535.95
2025-08-01 09:35:20 AM,505.2,25,12630.0,42753165.95
2025-08-01 09:35:27 AM,505.2,117,59108.4,42812274.35
2025-08-01 09:35:28 AM,505.45,0,0.0,42812274.35
2025-08-01 09:35:32 AM,505.5,0,0.0,42812274.35
2025-08-01 09:35:34 AM,505.0,211,106555.0,42918829.35
2025-08-01 09:35:37 AM,505.4,0,0.0,42918829.35
2025-08-01 09:35:40 AM,505.4,2,1010.8,42919840.15
2025-08-01 09:35:47 AM,504.35,0,0.0,42919840.15
2025-08-01 09:35:47 AM,504.35,333,167948.55000000002,43087788.699999996
2025-08-01 09:36:14 AM,504.6,0,0.0,43087788.699999996
2025-08-01 09:36:14 AM,504.6,105,52983.0,43140771.699999996
2025-08-01 09:36:18 AM,504.65,0,0.0,43140771.699999996
2025-08-01 09:36:21 AM,504.4,26,13114.4,43153886.099999994
2025-08-01 09:36:26 AM,504.45,0,0.0,43153886.099999994
2025-08-01 09:36:27 AM,504.45,1004,506467.8,43660353.89999999
2025-08-01 09:36:33 AM,504.65,0,0.0,43660353.89999999
2025-08-01 09:36:33 AM,504.65,174,87809.09999999999,43748162.99999999
2025-08-01 09:36:40 AM,504.65,54,27251.1,43775414.099999994
2025-08-01 09:36:46 AM,504.45,0,0.0,43775414.099999994
2025-08-01 09:36:46 AM,504.45,59,29762.55,43805176.64999999
2025-08-01 09:36:50 AM,504.3,0,0.0,43805176.64999999
2025-08-01 09:36:53 AM,504.75,201,101454.75,43906631.39999999
2025-08-01 09:36:58 AM,504.2,0,0.0,43906631.39999999
2025-08-01 09:37:00 AM,504.4,1002,505408.8,44412040.19999999
2025-08-01 09:37:14 AM,504.4,5,2522.0,44414562.19999999
2025-08-01 09:37:16 AM,504.7,0,0.0,44414562.19999999
2025-08-01 09:37:21 AM,504.7,2,1009.4,44415571.59999999
2025-08-01 09:37:26 AM,504.75,0,0.0,44415571.59999999
2025-08-01 09:37:28 AM,504.75,52,26247.0,44441818.59999999
2025-08-01 09:37:40 AM,504.45,0,0.0,44441818.59999999
2025-08-01 09:37:41 AM,504.45,25,12611.25,44454429.84999999
2025-08-01 09:37:44 AM,504.75,0,0.0,44454429.84999999
2025-08-01 09:37:48 AM,504.75,5,2523.75,44456953.59999999
2025-08-01 09:37:48 AM,504.45,1,504.45,44457458.04999999
2025-08-01 09:37:50 AM,504.75,0,0.0,44457458.04999999
2025-08-01 09:37:54 AM,504.75,3,1514.25,44458972.29999999
2025-08-01 09:38:01 AM,504.55,296,149346.80000000002,44608319.09999999
2025-08-01 09:38:06 AM,504.7,0,0.0,44608319.09999999
2025-08-01 09:38:08 AM,504.7,4,2018.8,44610337.89999998
2025-08-01 09:38:12 AM,504.75,0,0.0,44610337.89999998
2025-08-01 09:38:15 AM,504.7,124,62582.799999999996,44672920.69999998
2025-08-01 09:38:18 AM,504.45,0,0.0,44672920.69999998
2025-08-01 09:38:22 AM,504.5,70,35315.0,44708235.69999998
2025-08-01 09:38:29 AM,504.5,13,6558.5,44714794.19999998
2025-08-01 09:38:35 AM,504.4,382,192680.8,44907474.99999998
2025-08-01 09:38:37 AM,504.55,0,0.0,44907474.99999998
2025-08-01 09:38:42 AM,504.55,2,1009.1,44908484.09999998
2025-08-01 09:38:48 AM,504.35,40,20174.0,44928658.09999998
2025-08-01 09:39:01 AM,504.5,2,1009.0,44929667.09999998
2025-08-01 09:39:02 AM,504.2,0,0.0,44929667.09999998
2025-08-01 09:39:08 AM,503.35,0,0.0,44929667.09999998
2025-08-01 09:39:09 AM,503.35,911,458551.85000000003,45388218.94999998
2025-08-01 09:39:15 AM,503.45,4,2013.8,45390232.74999998
2025-08-01 09:39:22 AM,503.5,2,1007.0,45391239.74999998
2025-08-01 09:39:27 AM,503.65,0,0.0,45391239.74999998
2025-08-01 09:39:29 AM,503.35,28,14093.800000000001,45405333.549999975
2025-08-01 09:39:42 AM,503.65,2,1007.3,45406340.84999997
2025-08-01 09:39:48 AM,503.65,13,6547.45,45412888.299999975
2025-08-01 09:39:55 AM,503.65,588,296146.2,45709034.49999998
2025-08-01 09:40:01 AM,503.65,3,1510.9499999999998,45710545.44999998
2025-08-01 09:40:08 AM,503.6,147,74029.2,45784574.64999998
2025-08-01 09:40:21 AM,503.2,100,50320.0,45834894.64999998
2025-08-01 09:40:26 AM,503.65,0,0.0,45834894.64999998
2025-08-01 09:40:28 AM,503.65,1,503.65,45835398.29999998
2025-08-01 09:40:34 AM,503.1,0,0.0,45835398.29999998
2025-08-01 09:40:34 AM,503.1,62,31192.2,45866590.499999985
2025-08-01 09:40:41 AM,503.05,51,25655.55,45892246.04999998
2025-08-01 09:40:46 AM,503.65,0,0.0,45892246.04999998
2025-08-01 09:40:48 AM,503.65,1512,761518.7999999999,46653764.84999998
2025-08-01 09:40:54 AM,503.7,394,198457.8,46852222.649999976
2025-08-01 09:41:00 AM,504.3,0,0.0,46852222.649999976
2025-08-01 09:41:01 AM,504.3,654,329812.2,47182034.84999998
2025-08-01 09:41:07 AM,504.3,9,4538.7,47186573.54999998
2025-08-01 09:41:10 AM,504.4,0,0.0,47186573.54999998
2025-08-01 09:41:14 AM,504.5,1192,601364.0,47787937.54999998
2025-08-01 09:41:21 AM,504.5,87,43891.5,47831829.04999998
2025-08-01 09:41:22 AM,504.5,40,20180.0,47852009.04999998
2025-08-01 09:41:27 AM,504.5,35,17657.5,47869666.54999998
2025-08-01 09:41:34 AM,504.5,3,1513.5,47871180.04999998
2025-08-01 09:41:35 AM,504.5,305,153872.5,48025052.54999998
2025-08-01 09:41:38 AM,504.8,0,0.0,48025052.54999998
2025-08-01 09:41:41 AM,504.8,308,155478.4,48180530.94999998
2025-08-01 09:41:42 AM,504.6,0,0.0,48180530.94999998
2025-08-01 09:41:45 AM,504.85,0,0.0,48180530.94999998
2025-08-01 09:41:47 AM,504.85,21,10601.85,48191132.79999998
2025-08-01 09:41:53 AM,505.3,0,0.0,48191132.79999998
2025-08-01 09:41:54 AM,505.3,38,19201.4,48210334.19999998
2025-08-01 09:42:00 AM,505.3,15,7579.5,48217913.69999998
2025-08-01 09:42:06 AM,506.05,0,0.0,48217913.69999998
2025-08-01 09:42:07 AM,506.05,2839,1436675.95,49654589.64999998
2025-08-01 09:42:13 AM,506.05,2,1012.1,49655601.749999985
2025-08-01 09:42:19 AM,505.8,0,0.0,49655601.749999985
2025-08-01 09:42:20 AM,505.8,8,4046.4,49659648.14999998
2025-08-01 09:42:21 AM,505.8,94,47545.200000000004,49707193.34999999
2025-08-01 09:42:28 AM,505.7,0,0.0,49707193.34999999
2025-08-01 09:42:33 AM,505.75,0,0.0,49707193.34999999
2025-08-01 09:42:33 AM,505.75,7,3540.25,49710733.59999999
2025-08-01 09:42:39 AM,505.4,30,15162.0,49725895.59999999
2025-08-01 09:42:44 AM,505.7,0,0.0,49725895.59999999
2025-08-01 09:42:46 AM,505.3,26,13137.800000000001,49739033.39999998
2025-08-01 09:42:52 AM,505.6,0,0.0,49739033.39999998
2025-08-01 09:42:52 AM,505.6,1,505.6,49739538.999999985
2025-08-01 09:42:56 AM,505.3,0,0.0,49739538.999999985
2025-08-01 09:42:59 AM,505.3,1,505.3,49740044.29999998
2025-08-01 09:43:12 AM,505.35,0,0.0,49740044.29999998
2025-08-01 09:43:13 AM,505.35,7,3537.4500000000003,49743581.749999985
2025-08-01 09:43:17 AM,505.3,0,0.0,49743581.749999985
2025-08-01 09:43:19 AM,505.3,21,10611.300000000001,49754193.04999998
2025-08-01 09:43:19 AM,505.5,2,1011.0,49755204.04999998
2025-08-01 09:43:25 AM,505.5,7,3538.5,49758742.54999998
2025-08-01 09:43:29 AM,505.05,0,0.0,49758742.54999998
2025-08-01 09:43:32 AM,505.3,948,479024.4,50237766.94999998
2025-08-01 09:43:45 AM,505.3,100,50530.0,50288296.94999998
2025-08-01 09:43:48 AM,505.0,0,0.0,50288296.94999998
2025-08-01 09:43:52 AM,505.0,50,25250.0,50313546.94999998
2025-08-01 09:43:58 AM,505.0,10,5050.0,50318596.94999998
2025-08-01 09:44:04 AM,504.65,0,0.0,50318596.94999998
2025-08-01 09:44:05 AM,504.65,4173,2105904.4499999997,52424501.39999998
2025-08-01 09:44:05 AM,504.4,0,0.0,52424501.39999998
2025-08-01 09:44:06 AM,504.4,5,2522.0,52427023.39999998
2025-08-01 09:44:12 AM,504.4,46,23202.399999999998,52450225.79999998
2025-08-01 09:44:25 AM,504.4,13,6557.2,52456782.999999985
2025-08-01 09:44:30 AM,504.65,0,0.0,52456782.999999985
2025-08-01 09:44:31 AM,504.65,74,37344.1,52494127.09999999
2025-08-01 09:44:32 AM,504.6,3,1513.8000000000002,52495640.89999998
2025-08-01 09:44:37 AM,504.65,0,0.0,52495640.89999998
2025-08-01 09:44:38 AM,504.65,5,2523.25,52498164.14999998
2025-08-01 09:44:48 AM,504.9,0,0.0,52498164.14999998
2025-08-01 09:44:50 AM,504.9,102,51499.799999999996,52549663.94999998
2025-08-01 09:44:57 AM,504.75,303,152939.25,52702603.19999998
2025-08-01 09:45:03 AM,504.75,11,5552.25,52708155.44999998
2025-08-01 09:45:10 AM,504.4,1172,591156.7999999999,53299312.24999998
2025-08-01 09:45:17 AM,504.3,0,0.0,53299312.24999998
2025-08-01 09:45:17 AM,504.3,8,4034.4,53303346.649999976
2025-08-01 09:45:21 AM,503.9,0,0.0,53303346.649999976
2025-08-01 09:45:23 AM,503.9,11,5542.9,53308889.549999975
2025-08-01 09:45:25 AM,503.9,5,2519.5,53311409.049999975
2025-08-01 09:45:29 AM,503.85,0,0.0,53311409.049999975
2025-08-01 09:45:30 AM,503.85,3,1511.5500000000002,53312920.59999997
2025-08-01 09:45:37 AM,503.9,5,2519.5,53315440.09999997
2025-08-01 09:45:45 AM,503.8,0,0.0,53315440.09999997
2025-08-01 09:45:49 AM,503.8,111,55921.8,53371361.89999997
2025-08-01 09:45:52 AM,503.55,0,0.0,53371361.89999997
2025-08-01 09:45:55 AM,503.8,0,0.0,53371361.89999997
2025-08-01 09:45:56 AM,503.8,38,19144.4,53390506.29999997
2025-08-01 09:46:02 AM,503.8,6,3022.8,53393529.099999964
2025-08-01 09:46:07 AM,503.75,0,0.0,53393529.099999964
2025-08-01 09:46:09 AM,503.75,102,51382.5,53444911.599999964
2025-08-01 09:46:13 AM,503.7,0,0.0,53444911.599999964
2025-08-01 09:46:15 AM,503.7,1,503.7,53445415.29999997
2025-08-01 09:46:18 AM,503.35,0,0.0,53445415.29999997
2025-08-01 09:46:22 AM,503.35,14,7046.900000000001,53452462.199999966
2025-08-01 09:46:28 AM,503.35,3,1510.0500000000002,53453972.24999996
2025-08-01 09:46:34 AM,503.25,0,0.0,53453972.24999996
2025-08-01 09:46:34 AM,503.25,40,20130.0,53474102.24999996
2025-08-01 09:46:35 AM,503.75,0,0.0,53474102.24999996
2025-08-01 09:46:36 AM,503.75,100,50375.0,53524477.24999996
2025-08-01 09:46:49 AM,503.65,5,2518.25,53526995.49999996
2025-08-01 09:46:59 AM,503.25,315,158523.75,53685519.24999996
2025-08-01 09:47:01 AM,503.5,0,0.0,53685519.24999996
2025-08-01 09:47:01 AM,503.5,1,503.5,53686022.74999996
2025-08-01 09:47:05 AM,503.2,104,52332.799999999996,53738355.54999996
2025-08-01 09:47:14 AM,503.2,40,20128.0,53758483.54999996
2025-08-01 09:47:26 AM,503.45,0,0.0,53758483.54999996
2025-08-01 09:47:26 AM,503.45,1,503.45,53758986.99999996
2025-08-01 09:47:30 AM,503.45,11,5537.95,53764524.949999966
2025-08-01 09:47:37 AM,503.45,3,1510.35,53766035.29999997
2025-08-01 09:47:44 AM,503.45,7,3524.15,53769559.449999966
2025-08-01 09:47:46 AM,503.2,4,2012.8,53771572.24999996
2025-08-01 09:47:51 AM,503.2,61,30695.2,53802267.449999966
2025-08-01 09:47:55 AM,503.45,0,0.0,53802267.449999966
2025-08-01 09:47:57 AM,503.45,1,503.45,53802770.89999997
2025-08-01 09:47:59 AM,503.2,0,0.0,53802770.89999997
2025-08-01 09:48:00 AM,503.2,40,20128.0,53822898.89999997
2025-08-01 09:48:04 AM,503.2,4,2012.8,53824911.699999966
2025-08-01 09:48:10 AM,503.2,7,3522.4,53828434.099999964
2025-08-01 09:48:23 AM,503.2,98,49313.6,53877747.699999966
2025-08-01 09:48:29 AM,503.75,157,79088.75,53956836.449999966
2025-08-01 09:48:33 AM,503.35,0,0.0,53956836.449999966
2025-08-01 09:48:36 AM,503.35,6,3020.1000000000004,53959856.54999997
2025-08-01 09:48:45 AM,503.75,47,23676.25,53983532.79999997
2025-08-01 09:48:48 AM,503.3,0,0.0,53983532.79999997
2025-08-01 09:48:49 AM,503.25,1726,868609.5,54852142.29999997
2025-08-01 09:48:51 AM,503.25,3,1509.75,54853652.04999997
2025-08-01 09:49:04 AM,503.0,1,503.0,54854155.04999997
2025-08-01 09:49:08 AM,503.25,0,0.0,54854155.04999997
2025-08-01 09:49:10 AM,503.0,117,58851.0,54913006.04999997
2025-08-01 09:49:16 AM,503.25,21,10568.25,54923574.29999997
2025-08-01 09:49:20 AM,503.35,0,0.0,54923574.29999997
2025-08-01 09:49:20 AM,503.35,6,3020.1000000000004,54926594.39999997
2025-08-01 09:49:20 AM,503.25,0,0.0,54926594.39999997
2025-08-01 09:49:22 AM,503.25,2,1006.5,54927600.89999997
2025-08-01 09:49:26 AM,503.4,0,0.0,54927600.89999997
2025-08-01 09:49:26 AM,503.4,2,1006.8,54928607.699999966
2025-08-01 09:49:37 AM,503.25,0,0.0,54928607.699999966
2025-08-01 09:49:39 AM,503.25,10,5032.5,54933640.199999966
2025-08-01 09:49:41 AM,503.4,0,0.0,54933640.199999966
2025-08-01 09:49:42 AM,503.4,50,25170.0,54958810.199999966
2025-08-01 09:49:50 AM,503.25,0,0.0,54958810.199999966
2025-08-01 09:49:51 AM,503.25,30,15097.5,54973907.699999966
2025-08-01 09:49:54 AM,503.25,276,138897.0,55112804.699999966
2025-08-01 09:49:57 AM,503.5,0,0.0,55112804.699999966
2025-08-01 09:49:58 AM,503.5,200,100700.0,55213504.699999966
2025-08-01 09:50:00 AM,503.45,0,0.0,55213504.699999966
2025-08-01 09:50:01 AM,503.45,3,1510.35,55215015.04999997
2025-08-01 09:50:04 AM,503.05,0,0.0,55215015.04999997
2025-08-01 09:50:04 AM,503.05,20,10061.0,55225076.04999997
2025-08-01 09:50:07 AM,503.4,6,3020.3999999999996,55228096.449999966
2025-08-01 09:50:17 AM,503.4,4,2013.6,55230110.04999997
2025-08-01 09:50:24 AM,503.4,3,1510.1999999999998,55231620.24999997
2025-08-01 09:50:30 AM,503.4,198,99673.2,55331293.44999997
2025-08-01 09:50:36 AM,503.05,0,0.0,55331293.44999997
2025-08-01 09:50:36 AM,503.05,516,259573.80000000002,55590867.24999997
2025-08-01 09:50:37 AM,503.4,0,0.0,55590867.24999997
2025-08-01 09:50:39 AM,503.4,115,57891.0,55648758.24999997
2025-08-01 09:50:40 AM,503.55,0,0.0,55648758.24999997
2025-08-01 09:50:42 AM,503.55,72,36255.6,55685013.84999997
2025-08-01 09:50:43 AM,503.65,0,0.0,55685013.84999997
2025-08-01 09:50:45 AM,503.65,107,53890.549999999996,55738904.39999997
2025-08-01 09:50:48 AM,503.65,4,2014.6,55740918.99999997
2025-08-01 09:50:51 AM,503.6,5,2518.0,55743436.99999997
2025-08-01 09:50:54 AM,503.8,0,0.0,55743436.99999997
2025-08-01 09:50:55 AM,503.8,1,503.8,55743940.79999997
2025-08-01 09:51:07 AM,503.8,1375,692725.0,56436665.79999997
2025-08-01 09:51:14 AM,504.5,0,0.0,56436665.79999997
2025-08-01 09:51:14 AM,504.5,2,1009.0,56437674.79999997
2025-08-01 09:51:18 AM,505.0,0,0.0,56437674.79999997
2025-08-01 09:51:20 AM,505.0,409,206545.0,56644219.79999997
2025-08-01 09:51:26 AM,505.0,200,101000.0,56745219.79999997
2025-08-01 09:51:32 AM,504.85,0,0.0,56745219.79999997
2025-08-01 09:51:32 AM,504.85,2,1009.7,56746229.49999997
2025-08-01 09:51:35 AM,504.75,272,137292.0,56883521.49999997
2025-08-01 09:51:41 AM,504.85,1,504.85,56884026.34999997
2025-08-01 09:51:44 AM,504.75,0,0.0,56884026.34999997
2025-08-01 09:51:45 AM,504.75,1,504.75,56884531.09999997
2025-08-01 09:51:50 AM,504.6,0,0.0,56884531.09999997
2025-08-01 09:51:51 AM,504.6,276,139269.6,57023800.69999997
2025-08-01 09:51:57 AM,504.15,2,1008.3,57024808.99999997
2025-08-01 09:51:57 AM,504.0,0,0.0,57024808.99999997
2025-08-01 09:52:00 AM,504.0,2,1008.0,57025816.99999997
2025-08-01 09:52:03 AM,504.3,105,52951.5,57078768.49999997
2025-08-01 09:52:09 AM,504.3,1,504.3,57079272.79999997
2025-08-01 09:52:15 AM,504.4,0,0.0,57079272.79999997
2025-08-01 09:52:15 AM,504.4,19,9583.6,57088856.39999997
2025-08-01 09:52:18 AM,503.9,30,15117.0,57103973.39999997
2025-08-01 09:52:21 AM,504.3,0,0.0,57103973.39999997
2025-08-01 09:52:22 AM,504.3,1,504.3,57104477.699999966
2025-08-01 09:52:25 AM,504.3,7,3530.1,57108007.79999997
2025-08-01 09:52:37 AM,504.3,1,504.3,57108512.099999964
2025-08-01 09:52:46 AM,504.45,204,102907.8,57211419.89999996
2025-08-01 09:52:52 AM,503.95,2,1007.9,57212427.79999996
2025-08-01 09:52:54 AM,504.3,0,0.0,57212427.79999996
2025-08-01 09:52:55 AM,504.3,24,12103.2,57224530.99999996
2025-08-01 09:52:57 AM,504.4,0,0.0,57224530.99999996
2025-08-01 09:52:58 AM,504.4,1,504.4,57225035.39999996
2025-08-01 09:53:06 AM,504.45,0,0.0,57225035.39999996
2025-08-01 09:53:06 AM,504.45,2,1008.9,57226044.29999996
2025-08-01 09:53:18 AM,504.5,0,0.0,57226044.29999996
2025-08-01 09:53:19 AM,504.5,100,50450.0,57276494.29999996
2025-08-01 09:53:28 AM,504.55,0,0.0,57276494.29999996
2025-08-01 09:53:29 AM,504.55,11,5550.05,57282044.34999996
2025-08-01 09:53:48 AM,504.5,758,382411.0,57664455.34999996
2025-08-01 09:54:04 AM,504.3,0,0.0,57664455.34999996
2025-08-01 09:54:06 AM,504.3,1,504.3,57664959.649999954
2025-08-01 09:54:07 AM,504.45,0,0.0,57664959.649999954
2025-08-01 09:54:08 AM,504.45,1,504.45,57665464.09999996
2025-08-01 09:54:13 AM,504.45,3,1513.35,57666977.44999996
2025-08-01 09:54:19 AM,504.15,0,0.0,57666977.44999996
2025-08-01 09:54:20 AM,504.15,344,173427.6,57840405.04999996
2025-08-01 09:54:25 AM,504.15,5,2520.75,57842925.79999996
2025-08-01 09:54:28 AM,503.85,0,0.0,57842925.79999996
2025-08-01 09:54:31 AM,503.85,1,503.85,57843429.64999996
2025-08-01 09:54:38 AM,503.85,1,503.85,57843933.49999996
2025-08-01 09:54:41 AM,503.45,0,0.0,57843933.49999996
2025-08-01 09:54:44 AM,503.75,51,25691.25,57869624.74999996
2025-08-01 09:54:55 AM,503.6,0,0.0,57869624.74999996
2025-08-01 09:54:55 AM,503.6,3,1510.8000000000002,57871135.54999996
2025-08-01 09:54:59 AM,503.85,0,0.0,57871135.54999996
2025-08-01 09:54:59 AM,503.95,0,0.0,57871135.54999996
2025-08-01 09:55:01 AM,503.95,80,40316.0,57911451.54999996
2025-08-01 09:55:11 AM,503.5,0,0.0,57911451.54999996
2025-08-01 09:55:13 AM,503.5,100,50350.0,57961801.54999996
2025-08-01 09:55:19 AM,503.5,10,5035.0,57966836.54999996
2025-08-01 09:55:25 AM,503.4,58,29197.199999999997,57996033.74999996
2025-08-01 09:55:28 AM,503.65,0,0.0,57996033.74999996
2025-08-01 09:55:31 AM,503.65,11,5540.15,58001573.89999996
2025-08-01 09:55:43 AM,503.4,0,0.0,58001573.89999996
2025-08-01 09:55:43 AM,503.4,8,4027.2,58005601.099999964
2025-08-01 09:55:49 AM,503.65,1,503.65,58006104.74999996
2025-08-01 09:55:55 AM,504.2,0,0.0,58006104.74999996
2025-08-01 09:55:55 AM,504.2,1000,504200.0,58510304.74999996
2025-08-01 09:56:10 AM,503.65,0,0.0,58510304.74999996
2025-08-01 09:56:13 AM,503.85,0,0.0,58510304.74999996
2025-08-01 09:56:13 AM,503.85,77,38796.450000000004,58549101.199999966
2025-08-01 09:56:16 AM,504.0,0,0.0,58549101.199999966
2025-08-01 09:56:19 AM,504.0,2,1008.0,58550109.199999966
2025-08-01 09:56:31 AM,504.0,56,28224.0,58578333.199999966
2025-08-01 09:56:32 AM,503.8,0,0.0,58578333.199999966
2025-08-01 09:56:32 AM,503.8,1,503.8,58578836.99999996
2025-08-01 09:56:36 AM,504.0,3,1512.0,58580348.99999996
2025-08-01 09:56:43 AM,503.8,13,6549.400000000001,58586898.39999996
2025-08-01 09:56:44 AM,503.75,167,84126.25,58671024.64999996
2025-08-01 09:56:46 AM,503.0,0,0.0,58671024.64999996
2025-08-01 09:56:49 AM,503.0,431,216793.0,58887817.64999996
2025-08-01 09:56:54 AM,502.5,0,0.0,58887817.64999996
2025-08-01 09:56:55 AM,502.85,216,108615.6,58996433.24999996
2025-08-01 09:57:01 AM,502.9,6,3017.3999999999996,58999450.64999996
2025-08-01 09:57:07 AM,504.85,0,0.0,58999450.64999996
2025-08-01 09:57:07 AM,504.8,1724,870275.2000000001,59869725.849999964
2025-08-01 09:57:09 AM,505.0,21,10605.0,59880330.849999964
2025-08-01 09:57:14 AM,504.85,0,0.0,59880330.849999964
2025-08-01 09:57:15 AM,504.85,2,1009.7,59881340.54999997
2025-08-01 09:57:30 AM,504.85,26,13126.1,59894466.64999997
2025-08-01 09:57:35 AM,504.55,0,0.0,59894466.64999997
2025-08-01 09:57:36 AM,504.55,325,163978.75,60058445.39999997
2025-08-01 09:57:38 AM,504.9,346,174695.4,60233140.79999997
2025-08-01 09:57:42 AM,504.65,0,0.0,60233140.79999997
2025-08-01 09:57:42 AM,504.65,50,25232.5,60258373.29999997
2025-08-01 09:57:50 AM,505.8,0,0.0,60258373.29999997
2025-08-01 09:57:51 AM,505.8,891,450667.8,60709041.099999964
2025-08-01 09:57:57 AM,505.85,3,1517.5500000000002,60710558.64999996
2025-08-01 09:58:18 AM,506.3,58,29365.4,60739924.04999996
2025-08-01 09:58:20 AM,506.45,0,0.0,60739924.04999996
2025-08-01 09:58:21 AM,506.45,361,182828.44999999998,60922752.49999996
2025-08-01 09:58:23 AM,506.5,0,0.0,60922752.49999996
2025-08-01 09:58:24 AM,506.05,1010,511110.5,61433862.99999996
2025-08-01 09:58:30 AM,506.5,334,169171.0,61603033.99999996
2025-08-01 09:58:37 AM,506.5,10,5065.0,61608098.99999996
2025-08-01 09:58:43 AM,506.5,64,32416.0,61640514.99999996
2025-08-01 09:58:48 AM,506.95,0,0.0,61640514.99999996
2025-08-01 09:58:49 AM,506.95,8,4055.6,61644570.599999964
2025-08-01 09:58:51 AM,506.9,0,0.0,61644570.599999964
2025-08-01 09:58:52 AM,506.95,206,104431.7,61749002.29999997
2025-08-01 09:58:55 AM,507.5,0,0.0,61749002.29999997
2025-08-01 09:58:55 AM,507.5,441,223807.5,61972809.79999997
2025-08-01 09:59:00 AM,507.25,0,0.0,61972809.79999997
2025-08-01 09:59:01 AM,507.25,383,194276.75,62167086.54999997
2025-08-01 09:59:03 AM,507.9,0,0.0,62167086.54999997
2025-08-01 09:59:04 AM,507.9,112,56884.799999999996,62223971.349999964
2025-08-01 09:59:07 AM,507.85,3,1523.5500000000002,62225494.89999996
2025-08-01 09:59:08 AM,507.9,0,0.0,62225494.89999996
2025-08-01 09:59:10 AM,507.85,0,0.0,62225494.89999996
2025-08-01 09:59:10 AM,507.85,129,65512.65,62291007.54999996
2025-08-01 09:59:14 AM,507.85,2,1015.7,62292023.24999996
2025-08-01 09:59:16 AM,507.95,15,7619.25,62299642.49999996
2025-08-01 09:59:20 AM,508.0,120,60960.0,62360602.49999996
2025-08-01 09:59:22 AM,508.0,331,168148.0,62528750.49999996
2025-08-01 09:59:29 AM,508.15,0,0.0,62528750.49999996
2025-08-01 09:59:29 AM,508.15,663,336903.45,62865653.949999966
2025-08-01 09:59:32 AM,508.35,380,193173.0,63058826.949999966
2025-08-01 09:59:33 AM,508.0,0,0.0,63058826.949999966
2025-08-01 09:59:35 AM,508.0,643,326644.0,63385470.949999966
2025-08-01 09:59:41 AM,508.0,2,1016.0,63386486.949999966
2025-08-01 09:59:45 AM,508.0,1,508.0,63386994.949999966
2025-08-01 09:59:49 AM,508.25,0,0.0,63386994.949999966
2025-08-01 09:59:51 AM,508.25,16,8132.0,63395126.949999966
2025-08-01 09:59:52 AM,508.05,0,0.0,63395126.949999966
2025-08-01 09:59:54 AM,508.05,64,32515.2,63427642.14999997
2025-08-01 10:00:05 AM,508.2,0,0.0,63427642.14999997
2025-08-01 10:00:06 AM,508.0,3,1524.0,63429166.14999997
2025-08-01 10:00:10 AM,508.2,0,0.0,63429166.14999997
2025-08-01 10:00:10 AM,508.2,4,2032.8,63431198.949999966
2025-08-01 10:00:12 AM,508.0,0,0.0,63431198.949999966
2025-08-01 10:00:13 AM,508.0,50,25400.0,63456598.949999966
2025-08-01 10:00:16 AM,508.0,1,508.0,63457106.949999966
2025-08-01 10:00:22 AM,508.2,1,508.2,63457615.14999997
2025-08-01 10:00:29 AM,508.0,0,0.0,63457615.14999997
2025-08-01 10:00:29 AM,508.0,69,35052.0,63492667.14999997
2025-08-01 10:00:32 AM,508.0,5,2540.0,63495207.14999997
2025-08-01 10:00:42 AM,508.2,0,0.0,63495207.14999997
2025-08-01 10:00:44 AM,508.2,1,508.2,63495715.34999997
2025-08-01 10:00:51 AM,508.2,200,101640.0,63597355.34999997
2025-08-01 10:00:54 AM,508.2,2,1016.4,63598371.74999997
2025-08-01 10:00:57 AM,508.0,24,12192.0,63610563.74999997
2025-08-01 10:01:03 AM,508.25,3,1524.75,63612088.49999997
2025-08-01 10:01:10 AM,508.2,0,0.0,63612088.49999997
2025-08-01 10:01:10 AM,508.2,3,1524.6,63613613.09999997
2025-08-01 10:01:31 AM,508.0,0,0.0,63613613.09999997
2025-08-01 10:01:31 AM,508.0,219,111252.0,63724865.09999997
2025-08-01 10:01:32 AM,507.5,0,0.0,63724865.09999997
2025-08-01 10:01:34 AM,507.2,1119,567556.7999999999,64292421.89999997
2025-08-01 10:01:37 AM,507.3,0,0.0,64292421.89999997
2025-08-01 10:01:37 AM,507.3,333,168930.9,64461352.79999997
2025-08-01 10:01:43 AM,507.15,25,12678.75,64474031.54999997
2025-08-01 10:01:45 AM,507.6,0,0.0,64474031.54999997
2025-08-01 10:01:47 AM,507.6,3,1522.8000000000002,64475554.349999964
2025-08-01 10:01:57 AM,507.65,0,0.0,64475554.349999964
2025-08-01 10:01:59 AM,507.25,103,52246.75,64527801.099999964
2025-08-01 10:02:12 AM,507.5,8,4060.0,64531861.099999964
2025-08-01 10:02:14 AM,507.6,48,24364.800000000003,64556225.89999996
2025-08-01 10:02:16 AM,507.25,0,0.0,64556225.89999996
2025-08-01 10:02:18 AM,507.25,100,50725.0,64606950.89999996
2025-08-01 10:02:24 AM,507.6,0,0.0,64606950.89999996
2025-08-01 10:02:25 AM,507.6,5,2538.0,64609488.89999996
2025-08-01 10:02:29 AM,507.3,0,0.0,64609488.89999996
2025-08-01 10:02:31 AM,507.3,2,1014.6,64610503.49999996
2025-08-01 10:02:37 AM,507.55,50,25377.5,64635880.99999996
2025-08-01 10:02:39 AM,507.55,3,1522.65,64637403.64999996
2025-08-01 10:02:42 AM,507.5,0,0.0,64637403.64999996
2025-08-01 10:02:44 AM,507.5,109,55317.5,64692721.14999996
2025-08-01 10:02:48 AM,507.6,0,0.0,64692721.14999996
2025-08-01 10:02:50 AM,507.35,49,24860.15,64717581.29999996
2025-08-01 10:02:52 AM,507.25,0,0.0,64717581.29999996
2025-08-01 10:02:52 AM,507.25,3,1521.75,64719103.04999996
2025-08-01 10:02:56 AM,507.65,0,0.0,64719103.04999996
2025-08-01 10:02:57 AM,507.65,224,113713.59999999999,64832816.64999996
2025-08-01 10:02:58 AM,507.55,1,507.55,64833324.19999996
2025-08-01 10:03:09 AM,507.55,1,507.55,64833831.749999955
2025-08-01 10:03:11 AM,507.55,2,1015.1,64834846.84999996
2025-08-01 10:03:16 AM,507.05,0,0.0,64834846.84999996
2025-08-01 10:03:16 AM,507.05,237,120170.85,64955017.69999996
2025-08-01 10:03:20 AM,507.3,0,0.0,64955017.69999996
2025-08-01 10:03:22 AM,507.15,63,31950.449999999997,64986968.14999996
2025-08-01 10:03:35 AM,507.05,226,114593.3,65101561.44999996
2025-08-01 10:03:47 AM,507.0,0,0.0,65101561.44999996
2025-08-01 10:03:48 AM,507.0,277,140439.0,65242000.44999996
2025-08-01 10:03:52 AM,507.15,0,0.0,65242000.44999996
2025-08-01 10:03:53 AM,507.15,3,1521.4499999999998,65243521.89999996
2025-08-01 10:04:02 AM,507.0,39,19773.0,65263294.89999996
2025-08-01 10:04:03 AM,507.1,0,0.0,65263294.89999996
2025-08-01 10:04:04 AM,507.3,0,0.0,65263294.89999996
2025-08-01 10:04:06 AM,507.3,647,328223.10000000003,65591517.99999996
2025-08-01 10:04:08 AM,507.75,0,0.0,65591517.99999996
2025-08-01 10:04:08 AM,507.75,267,135569.25,65727087.24999996
2025-08-01 10:04:12 AM,508.0,0,0.0,65727087.24999996
2025-08-01 10:04:12 AM,508.0,1,508.0,65727595.24999996
2025-08-01 10:04:14 AM,508.0,3,1524.0,65729119.24999996
2025-08-01 10:04:21 AM,508.0,40,20320.0,65749439.24999996
2025-08-01 10:04:31 AM,508.0,545,276860.0,66026299.24999996
2025-08-01 10:04:33 AM,507.7,519,263496.3,66289795.54999996
2025-08-01 10:04:37 AM,507.7,5,2538.5,66292334.04999996
2025-08-01 10:04:50 AM,508.0,0,0.0,66292334.04999996
2025-08-01 10:04:50 AM,508.0,109,55372.0,66347706.04999996
2025-08-01 10:05:02 AM,508.0,15,7620.0,66355326.04999996
2025-08-01 10:05:04 AM,508.05,0,0.0,66355326.04999996
2025-08-01 10:05:04 AM,508.05,5,2540.25,66357866.29999996
2025-08-01 10:05:10 AM,508.05,1,508.05,66358374.34999996
2025-08-01 10:05:16 AM,507.9,0,0.0,66358374.34999996
2025-08-01 10:05:17 AM,507.9,283,143735.69999999998,66502110.04999996
2025-08-01 10:05:20 AM,507.7,0,0.0,66502110.04999996
2025-08-01 10:05:21 AM,507.7,762,386867.39999999997,66888977.44999996
2025-08-01 10:05:23 AM,507.55,45,22839.75,66911817.19999996
2025-08-01 10:05:25 AM,507.8,0,0.0,66911817.19999996
2025-08-01 10:05:27 AM,507.8,5,2539.0,66914356.19999996
2025-08-01 10:05:33 AM,507.85,2,1015.7,66915371.89999996
2025-08-01 10:05:35 AM,508.0,9,4572.0,66919943.89999996
2025-08-01 10:05:38 AM,507.75,0,0.0,66919943.89999996
2025-08-01 10:05:39 AM,507.85,9,4570.650000000001,66924514.54999996
2025-08-01 10:05:41 AM,507.9,0,0.0,66924514.54999996
2025-08-01 10:05:41 AM,507.9,9,4571.099999999999,66929085.64999996
2025-08-01 10:05:45 AM,508.0,10,5080.0,66934165.64999996
2025-08-01 10:05:47 AM,508.05,0,0.0,66934165.64999996
2025-08-01 10:05:47 AM,508.05,2,1016.1,66935181.74999996
2025-08-01 10:06:03 AM,507.95,23,11682.85,66946864.599999964
2025-08-01 10:06:15 AM,507.7,1,507.7,66947372.29999997
2025-08-01 10:06:45 AM,507.65,32,16244.8,66963617.099999964
2025-08-01 10:06:53 AM,507.2,0,0.0,66963617.099999964
2025-08-01 10:06:53 AM,507.2,54,27388.8,66991005.89999996
2025-08-01 10:06:57 AM,507.0,30,15210.0,67006215.89999996
2025-08-01 10:07:09 AM,507.25,0,0.0,67006215.89999996
2025-08-01 10:07:09 AM,507.25,1,507.25,67006723.14999996
2025-08-01 10:07:16 AM,507.0,5,2535.0,67009258.14999996
2025-08-01 10:07:22 AM,507.0,9,4563.0,67013821.14999996
2025-08-01 10:07:28 AM,507.0,20,10140.0,67023961.14999996
2025-08-01 10:07:30 AM,507.2,1,507.2,67024468.349999964
2025-08-01 10:07:32 AM,507.0,0,0.0,67024468.349999964
2025-08-01 10:07:34 AM,507.0,23,11661.0,67036129.349999964
2025-08-01 10:07:40 AM,507.2,0,0.0,67036129.349999964
2025-08-01 10:07:40 AM,507.35,1504,763054.4,67799183.74999997
2025-08-01 10:07:42 AM,507.35,4,2029.4,67801213.14999998
2025-08-01 10:07:46 AM,507.35,10,5073.5,67806286.64999998
2025-08-01 10:07:59 AM,507.2,10,5072.0,67811358.64999998
2025-08-01 10:08:00 AM,507.35,0,0.0,67811358.64999998
2025-08-01 10:08:01 AM,507.35,1,507.35,67811865.99999997
2025-08-01 10:08:05 AM,507.35,5,2536.75,67814402.74999997
2025-08-01 10:08:15 AM,507.2,0,0.0,67814402.74999997
2025-08-01 10:08:18 AM,507.35,0,0.0,67814402.74999997
2025-08-01 10:08:18 AM,507.35,51,25874.850000000002,67840277.59999996
2025-08-01 10:08:29 AM,507.4,0,0.0,67840277.59999996
2025-08-01 10:08:30 AM,507.4,17,8625.8,67848903.39999996
2025-08-01 10:08:34 AM,507.45,0,0.0,67848903.39999996
2025-08-01 10:08:36 AM,507.45,52,26387.399999999998,67875290.79999997
2025-08-01 10:08:43 AM,507.4,0,0.0,67875290.79999997
2025-08-01 10:08:43 AM,507.4,1,507.4,67875798.19999997
2025-08-01 10:08:49 AM,507.55,25,12688.75,67888486.94999997
2025-08-01 10:08:59 AM,507.45,3,1522.35,67890009.29999997
2025-08-01 10:09:01 AM,507.55,1,507.55,67890516.84999996
2025-08-01 10:09:03 AM,507.45,0,0.0,67890516.84999996
2025-08-01 10:09:06 AM,507.45,1,507.45,67891024.29999997
2025-08-01 10:09:10 AM,507.75,0,0.0,67891024.29999997
2025-08-01 10:09:11 AM,507.75,8,4062.0,67895086.29999997
2025-08-01 10:09:13 AM,507.75,2,1015.5,67896101.79999997
2025-08-01 10:09:23 AM,507.6,0,0.0,67896101.79999997
2025-08-01 10:09:23 AM,507.6,3,1522.8000000000002,67897624.59999996
2025-08-01 10:09:35 AM,507.6,64,32486.4,67930110.99999997
2025-08-01 10:09:49 AM,507.75,0,0.0,67930110.99999997
2025-08-01 10:09:52 AM,507.75,10,5077.5,67935188.49999997
2025-08-01 10:10:08 AM,507.6,0,0.0,67935188.49999997
2025-08-01 10:10:09 AM,507.6,1,507.6,67935696.09999996
2025-08-01 10:10:17 AM,507.6,73,37054.8,67972750.89999996
2025-08-01 10:10:23 AM,507.6,21,10659.6,67983410.49999996
2025-08-01 10:10:36 AM,507.75,0,0.0,67983410.49999996
2025-08-01 10:10:37 AM,507.6,0,0.0,67983410.49999996
2025-08-01 10:10:39 AM,507.6,3,1522.8000000000002,67984933.29999995
2025-08-01 10:10:43 AM,507.85,0,0.0,67984933.29999995
2025-08-01 10:10:45 AM,507.85,1087,552032.9500000001,68536966.24999996
2025-08-01 10:10:49 AM,507.65,0,0.0,68536966.24999996
2025-08-01 10:10:51 AM,507.65,1296,657914.4,69194880.64999996
2025-08-01 10:10:58 AM,507.55,1607,815632.85,70010513.49999996
2025-08-01 10:11:10 AM,507.75,0,0.0,70010513.49999996
2025-08-01 10:11:10 AM,507.75,106,53821.5,70064334.99999996
2025-08-01 10:11:25 AM,508.25,0,0.0,70064334.99999996
2025-08-01 10:11:26 AM,508.25,501,254633.25,70318968.24999996
2025-08-01 10:11:33 AM,507.95,50,25397.5,70344365.74999996
2025-08-01 10:11:34 AM,507.7,0,0.0,70344365.74999996
2025-08-01 10:11:37 AM,507.7,20,10154.0,70354519.74999996
2025-08-01 10:11:39 AM,507.55,10,5075.5,70359595.24999996
2025-08-01 10:11:45 AM,507.85,48,24376.800000000003,70383972.04999995
2025-08-01 10:11:46 AM,507.55,0,0.0,70383972.04999995
2025-08-01 10:11:49 AM,507.55,8,4060.4,70388032.44999996
2025-08-01 10:12:01 AM,507.8,0,0.0,70388032.44999996
2025-08-01 10:12:01 AM,507.8,3,1523.4,70389555.84999996
2025-08-01 10:12:07 AM,507.85,1,507.85,70390063.69999996
2025-08-01 10:12:18 AM,507.15,0,0.0,70390063.69999996
2025-08-01 10:12:19 AM,507.15,491,249010.65,70639074.34999996
2025-08-01 10:12:31 AM,507.8,10,5078.0,70644152.34999996
2025-08-01 10:12:36 AM,507.8,6,3046.8,70647199.14999996
2025-08-01 10:12:42 AM,507.8,40,20312.0,70667511.14999996
2025-08-01 10:12:46 AM,508.0,0,0.0,70667511.14999996
2025-08-01 10:12:48 AM,508.0,483,245364.0,70912875.14999996
2025-08-01 10:12:48 AM,508.15,2,1016.3,70913891.44999996
2025-08-01 10:12:53 AM,508.25,200,101650.0,71015541.44999996
2025-08-01 10:12:59 AM,508.25,6,3049.5,71018590.94999996
2025-08-01 10:13:04 AM,508.1,0,0.0,71018590.94999996
2025-08-01 10:13:05 AM,508.25,77,39135.25,71057726.19999996
2025-08-01 10:13:10 AM,508.1,0,0.0,71057726.19999996
2025-08-01 10:13:11 AM,508.1,20,10162.0,71067888.19999996
2025-08-01 10:13:34 AM,508.25,8,4066.0,71071954.19999996
2025-08-01 10:13:37 AM,508.1,0,0.0,71071954.19999996
2025-08-01 10:13:40 AM,508.1,15,7621.5,71079575.69999996
2025-08-01 10:13:41 AM,508.25,5,2541.25,71082116.94999996
2025-08-01 10:13:57 AM,508.0,0,0.0,71082116.94999996
2025-08-01 10:13:58 AM,508.0,364,184912.0,71267028.94999996
2025-08-01 10:14:16 AM,508.0,41,20828.0,71287856.94999996
2025-08-01 10:14:16 AM,508.15,2,1016.3,71288873.24999996
2025-08-01 10:14:25 AM,508.4,0,0.0,71288873.24999996
2025-08-01 10:14:27 AM,508.4,200,101680.0,71390553.24999996
2025-08-01 10:14:28 AM,508.25,10,5082.5,71395635.74999996
2025-08-01 10:14:50 AM,508.25,3,1524.75,71397160.49999996
2025-08-01 10:14:56 AM,508.25,1,508.25,71397668.74999996
2025-08-01 10:15:07 AM,508.25,3,1524.75,71399193.49999996
2025-08-01 10:15:13 AM,508.25,3,1524.75,71400718.24999996
2025-08-01 10:15:16 AM,508.05,0,0.0,71400718.24999996
2025-08-01 10:15:18 AM,508.0,0,0.0,71400718.24999996
2025-08-01 10:15:19 AM,508.0,11,5588.0,71406306.24999996
2025-08-01 10:15:31 AM,508.0,200,101600.0,71507906.24999996
2025-08-01 10:15:38 AM,508.0,11,5588.0,71513494.24999996
2025-08-01 10:15:50 AM,508.0,6,3048.0,71516542.24999996
2025-08-01 10:15:54 AM,508.25,0,0.0,71516542.24999996
2025-08-01 10:15:56 AM,508.3,62,31514.600000000002,71548056.84999995
2025-08-01 10:16:12 AM,508.05,0,0.0,71548056.84999995
2025-08-01 10:16:13 AM,508.05,2,1016.1,71549072.94999994
2025-08-01 10:16:15 AM,508.3,0,0.0,71549072.94999994
2025-08-01 10:16:16 AM,508.05,0,0.0,71549072.94999994
2025-08-01 10:16:19 AM,508.05,4,2032.2,71551105.14999995
2025-08-01 10:16:24 AM,508.0,30,15240.0,71566345.14999995
2025-08-01 10:16:34 AM,508.3,0,0.0,71566345.14999995
2025-08-01 10:16:36 AM,508.3,5,2541.5,71568886.64999995
2025-08-01 10:16:39 AM,508.05,0,0.0,71568886.64999995
2025-08-01 10:16:42 AM,508.05,23,11685.15,71580571.79999995
2025-08-01 10:16:48 AM,508.25,5,2541.25,71583113.04999995
2025-08-01 10:17:04 AM,508.0,0,0.0,71583113.04999995
2025-08-01 10:17:04 AM,508.0,868,440944.0,72024057.04999995
2025-08-01 10:17:15 AM,508.1,0,0.0,72024057.04999995
2025-08-01 10:17:15 AM,508.1,604,306892.4,72330949.44999996
2025-08-01 10:17:21 AM,508.5,0,0.0,72330949.44999996
2025-08-01 10:17:21 AM,508.5,171,86953.5,72417902.94999996
2025-08-01 10:17:22 AM,508.8,0,0.0,72417902.94999996
2025-08-01 10:17:27 AM,508.35,2,1016.7,72418919.64999996
2025-08-01 10:17:37 AM,508.25,0,0.0,72418919.64999996
2025-08-01 10:17:39 AM,508.25,7,3557.75,72422477.39999996
2025-08-01 10:17:45 AM,508.6,0,0.0,72422477.39999996
2025-08-01 10:17:45 AM,508.6,77,39162.200000000004,72461639.59999996
2025-08-01 10:17:56 AM,508.3,5,2541.5,72464181.09999996
2025-08-01 10:18:00 AM,508.05,0,0.0,72464181.09999996
2025-08-01 10:18:02 AM,508.05,584,296701.2,72760882.29999997
2025-08-01 10:18:20 AM,508.05,4,2032.2,72762914.49999997
2025-08-01 10:18:40 AM,508.35,0,0.0,72762914.49999997
2025-08-01 10:18:43 AM,508.35,1,508.35,72763422.84999996
2025-08-01 10:18:54 AM,508.35,2,1016.7,72764439.54999997
2025-08-01 10:19:06 AM,508.35,1,508.35,72764947.89999996
2025-08-01 10:19:23 AM,508.1,0,0.0,72764947.89999996
2025-08-01 10:19:23 AM,508.1,5,2540.5,72767488.39999996
2025-08-01 10:19:40 AM,508.35,0,0.0,72767488.39999996
2025-08-01 10:19:40 AM,508.35,10,5083.5,72772571.89999996
2025-08-01 10:19:46 AM,508.4,11,5592.4,72778164.29999997
2025-08-01 10:19:58 AM,508.1,100,50810.0,72828974.29999997
2025-08-01 10:20:07 AM,508.1,120,60972.0,72889946.29999997
2025-08-01 10:20:13 AM,508.15,806,409568.89999999997,73299515.19999997
2025-08-01 10:20:21 AM,507.5,2,1015.0,73300530.19999997
2025-08-01 10:20:31 AM,507.3,0,0.0,73300530.19999997
2025-08-01 10:20:31 AM,507.3,21,10653.300000000001,73311183.49999997
2025-08-01 10:20:57 AM,507.15,1,507.15,73311690.64999998
2025-08-01 10:21:08 AM,507.15,640,324576.0,73636266.64999998
2025-08-01 10:21:19 AM,507.0,1,507.0,73636773.64999998
2025-08-01 10:21:26 AM,507.15,0,0.0,73636773.64999998
2025-08-01 10:21:28 AM,507.15,32,16228.8,73653002.44999997
2025-08-01 10:21:30 AM,507.5,0,0.0,73653002.44999997
2025-08-01 10:21:30 AM,507.5,578,293335.0,73946337.44999997
2025-08-01 10:21:35 AM,507.5,20,10150.0,73956487.44999997
2025-08-01 10:21:44 AM,507.5,16,8120.0,73964607.44999997
2025-08-01 10:21:51 AM,507.95,500,253975.0,74218582.44999997
2025-08-01 10:21:58 AM,508.0,0,0.0,74218582.44999997
2025-08-01 10:21:58 AM,508.0,2,1016.0,74219598.44999997
2025-08-01 10:22:30 AM,507.85,0,0.0,74219598.44999997
2025-08-01 10:22:31 AM,507.85,77,39104.450000000004,74258702.89999998
2025-08-01 10:22:33 AM,507.95,0,0.0,74258702.89999998
2025-08-01 10:22:33 AM,507.95,4,2031.8,74260734.69999997
2025-08-01 10:22:42 AM,507.95,1,507.95,74261242.64999998
2025-08-01 10:22:50 AM,507.95,4,2031.8,74263274.44999997
2025-08-01 10:22:55 AM,507.25,0,0.0,74263274.44999997
2025-08-01 10:22:55 AM,507.25,1426,723338.5,74986612.94999997
2025-08-01 10:22:58 AM,507.5,0,0.0,74986612.94999997
2025-08-01 10:22:58 AM,507.5,2,1015.0,74987627.94999997
2025-08-01 10:23:18 AM,507.5,7,3552.5,74991180.44999997
2025-08-01 10:23:21 AM,507.0,0,0.0,74991180.44999997
2025-08-01 10:23:21 AM,507.0,90,45630.0,75036810.44999997
2025-08-01 10:23:27 AM,507.25,0,0.0,75036810.44999997
2025-08-01 10:23:27 AM,507.25,2,1014.5,75037824.94999997
2025-08-01 10:23:34 AM,507.3,0,0.0,75037824.94999997
2025-08-01 10:23:35 AM,507.3,2,1014.6,75038839.54999997
2025-08-01 10:23:52 AM,507.3,10,5073.0,75043912.54999997
2025-08-01 10:23:55 AM,507.0,1,507.0,75044419.54999997
2025-08-01 10:23:56 AM,507.3,0,0.0,75044419.54999997
2025-08-01 10:23:58 AM,507.35,19,9639.65,75054059.19999997
2025-08-01 10:24:03 AM,507.45,0,0.0,75054059.19999997
2025-08-01 10:24:03 AM,507.45,301,152742.44999999998,75206801.64999998
2025-08-01 10:24:07 AM,507.55,0,0.0,75206801.64999998
2025-08-01 10:24:09 AM,507.55,94,47709.700000000004,75254511.34999998
2025-08-01 10:24:13 AM,507.75,0,0.0,75254511.34999998
2025-08-01 10:24:15 AM,507.75,6,3046.5,75257557.84999998
2025-08-01 10:24:20 AM,507.75,1,507.75,75258065.59999998
2025-08-01 10:24:23 AM,507.9,0,0.0,75258065.59999998
2025-08-01 10:24:25 AM,507.9,80,40632.0,75298697.59999998
2025-08-01 10:24:36 AM,507.75,0,0.0,75298697.59999998
2025-08-01 10:24:36 AM,507.75,27,13709.25,75312406.84999998
2025-08-01 10:24:45 AM,507.9,0,0.0,75312406.84999998
2025-08-01 10:24:47 AM,507.9,18,9142.199999999999,75321549.04999998
2025-08-01 10:25:07 AM,507.75,0,0.0,75321549.04999998
2025-08-01 10:25:10 AM,507.75,7,3554.25,75325103.29999998
2025-08-01 10:25:24 AM,507.9,9,4571.099999999999,75329674.39999998
2025-08-01 10:25:27 AM,507.65,50,25382.5,75355056.89999998
2025-08-01 10:25:34 AM,507.9,0,0.0,75355056.89999998
2025-08-01 10:25:35 AM,507.9,6,3047.3999999999996,75358104.29999998
2025-08-01 10:25:50 AM,507.9,2,1015.8,75359120.09999998
2025-08-01 10:25:55 AM,507.9,29,14729.099999999999,75373849.19999997
2025-08-01 10:26:00 AM,507.9,1,507.9,75374357.09999998
2025-08-01 10:26:05 AM,507.95,0,0.0,75374357.09999998
2025-08-01 10:26:06 AM,507.95,3,1523.85,75375880.94999997
2025-08-01 10:26:11 AM,507.9,0,0.0,75375880.94999997
2025-08-01 10:26:11 AM,507.9,2,1015.8,75376896.74999997
2025-08-01 10:26:14 AM,507.9,1,507.9,75377404.64999998
2025-08-01 10:26:17 AM,507.95,0,0.0,75377404.64999998
2025-08-01 10:26:17 AM,507.95,1,507.95,75377912.59999998
2025-08-01 10:26:25 AM,507.7,0,0.0,75377912.59999998
2025-08-01 10:26:25 AM,507.7,883,448299.1,75826211.69999997
2025-08-01 10:26:37 AM,507.2,2,1014.4,75827226.09999998
2025-08-01 10:26:54 AM,507.7,5,2538.5,75829764.59999998
2025-08-01 10:27:09 AM,507.7,1,507.7,75830272.29999998
2025-08-01 10:27:17 AM,507.9,100,50790.0,75881062.29999998
2025-08-01 10:27:30 AM,507.8,9,4570.2,75885632.49999999
2025-08-01 10:27:32 AM,507.35,0,0.0,75885632.49999999
2025-08-01 10:27:34 AM,507.35,25,12683.75,75898316.24999999
2025-08-01 10:27:46 AM,507.3,0,0.0,75898316.24999999
2025-08-01 10:27:47 AM,507.3,22,11160.6,75909476.84999998
2025-08-01 10:27:48 AM,507.5,0,0.0,75909476.84999998
2025-08-01 10:27:50 AM,507.5,1,507.5,75909984.34999998
2025-08-01 10:28:05 AM,507.55,0,0.0,75909984.34999998
2025-08-01 10:28:06 AM,507.55,1,507.55,75910491.89999998
2025-08-01 10:28:22 AM,507.3,0,0.0,75910491.89999998
2025-08-01 10:28:22 AM,507.3,1,507.3,75910999.19999997
2025-08-01 10:28:30 AM,507.45,0,0.0,75910999.19999997
2025-08-01 10:28:31 AM,507.45,2,1014.9,75912014.09999998
2025-08-01 10:28:47 AM,507.45,4,2029.8,75914043.89999998
2025-08-01 10:28:52 AM,507.15,0,0.0,75914043.89999998
2025-08-01 10:28:53 AM,507.15,5,2535.75,75916579.64999998
2025-08-01 10:28:56 AM,507.45,6,3044.7,75919624.34999998
2025-08-01 10:28:59 AM,507.45,4,2029.8,75921654.14999998
2025-08-01 10:29:01 AM,507.55,0,0.0,75921654.14999998
2025-08-01 10:29:01 AM,507.55,25,12688.75,75934342.89999998
2025-08-01 10:29:03 AM,507.45,0,0.0,75934342.89999998
2025-08-01 10:29:04 AM,507.45,1,507.45,75934850.34999998
2025-08-01 10:29:10 AM,507.45,2,1014.9,75935865.24999999
2025-08-01 10:29:11 AM,507.35,0,0.0,75935865.24999999
2025-08-01 10:29:12 AM,507.35,12,6088.200000000001,75941953.44999999
2025-08-01 10:29:16 AM,507.55,121,61413.55,76003366.99999999
2025-08-01 10:29:27 AM,507.05,0,0.0,76003366.99999999
2025-08-01 10:29:29 AM,507.3,0,0.0,76003366.99999999
2025-08-01 10:29:29 AM,507.3,459,232850.7,76236217.69999999
2025-08-01 10:29:37 AM,507.05,0,0.0,76236217.69999999
2025-08-01 10:29:38 AM,507.05,20,10141.0,76246358.69999999
2025-08-01 10:29:43 AM,507.25,0,0.0,76246358.69999999
2025-08-01 10:29:43 AM,507.25,1,507.25,76246865.94999999
2025-08-01 10:29:45 AM,507.3,0,0.0,76246865.94999999
2025-08-01 10:29:46 AM,507.3,13,6594.900000000001,76253460.85
2025-08-01 10:29:57 AM,507.35,1,507.35,76253968.19999999
2025-08-01 10:30:39 AM,507.35,3,1522.0500000000002,76255490.24999999
2025-08-01 10:30:43 AM,507.35,2,1014.7,76256504.94999999
2025-08-01 10:30:55 AM,507.3,0,0.0,76256504.94999999
2025-08-01 10:30:56 AM,507.3,1,507.3,76257012.24999999
2025-08-01 10:31:01 AM,507.35,0,0.0,76257012.24999999
2025-08-01 10:31:02 AM,507.35,4,2029.4,76259041.64999999
2025-08-01 10:31:06 AM,507.35,3,1522.0500000000002,76260563.69999999
2025-08-01 10:31:12 AM,507.35,5,2536.75,76263100.44999999
2025-08-01 10:31:17 AM,507.35,11,5580.85,76268681.29999998
2025-08-01 10:31:22 AM,507.3,0,0.0,76268681.29999998
2025-08-01 10:31:23 AM,507.3,1,507.3,76269188.59999998
2025-08-01 10:31:25 AM,507.3,39,19784.7,76288973.29999998
2025-08-01 10:31:40 AM,507.35,0,0.0,76288973.29999998
2025-08-01 10:31:42 AM,507.35,3,1522.0500000000002,76290495.34999998
2025-08-01 10:32:01 AM,507.35,24,12176.400000000001,76302671.74999999
2025-08-01 10:32:07 AM,507.3,1,507.3,76303179.04999998
2025-08-01 10:32:10 AM,507.35,17,8624.95,76311803.99999999
2025-08-01 10:32:17 AM,507.3,0,0.0,76311803.99999999
2025-08-01 10:32:17 AM,507.3,2,1014.6,76312818.59999998
2025-08-01 10:32:20 AM,507.3,1,507.3,76313325.89999998
2025-08-01 10:32:28 AM,507.05,0,0.0,76313325.89999998
2025-08-01 10:32:30 AM,507.05,609,308793.45,76622119.34999998
2025-08-01 10:32:33 AM,507.3,2,1014.6,76623133.94999997
2025-08-01 10:32:36 AM,507.05,10,5070.5,76628204.44999997
2025-08-01 10:32:40 AM,507.6,0,0.0,76628204.44999997
2025-08-01 10:32:40 AM,507.6,459,232988.40000000002,76861192.84999998
2025-08-01 10:32:42 AM,507.65,24,12183.599999999999,76873376.44999997
2025-08-01 10:32:43 AM,507.95,0,0.0,76873376.44999997
2025-08-01 10:32:45 AM,507.95,10,5079.5,76878455.94999997
2025-08-01 10:32:57 AM,507.65,5,2538.25,76880994.19999997
2025-08-01 10:33:07 AM,507.9,0,0.0,76880994.19999997
2025-08-01 10:33:08 AM,507.9,7,3555.2999999999997,76884549.49999997
2025-08-01 10:33:10 AM,507.65,0,0.0,76884549.49999997
2025-08-01 10:33:10 AM,507.65,2,1015.3,76885564.79999997
2025-08-01 10:33:16 AM,507.85,0,0.0,76885564.79999997
2025-08-01 10:33:16 AM,507.85,833,423039.05000000005,77308603.84999996
2025-08-01 10:33:25 AM,508.5,13,6610.5,77315214.34999996
2025-08-01 10:33:32 AM,508.25,4,2033.0,77317247.34999996
2025-08-01 10:33:37 AM,508.5,0,0.0,77317247.34999996
2025-08-01 10:33:38 AM,508.5,19,9661.5,77326908.84999996
2025-08-01 10:33:43 AM,508.5,19,9661.5,77336570.34999996
2025-08-01 10:34:00 AM,508.5,9,4576.5,77341146.84999996
2025-08-01 10:34:04 AM,508.5,12,6102.0,77347248.84999996
2025-08-01 10:34:06 AM,508.5,2,1017.0,77348265.84999996
2025-08-01 10:34:17 AM,508.5,1,508.5,77348774.34999996
2025-08-01 10:34:26 AM,508.6,0,0.0,77348774.34999996
2025-08-01 10:34:26 AM,508.5,14,7119.0,77355893.34999996
2025-08-01 10:34:31 AM,508.55,0,0.0,77355893.34999996
2025-08-01 10:34:31 AM,508.4,0,0.0,77355893.34999996
2025-08-01 10:34:32 AM,508.55,543,276142.65,77632035.99999997
2025-08-01 10:34:37 AM,508.6,0,0.0,77632035.99999997
2025-08-01 10:34:38 AM,508.6,60,30516.0,77662551.99999997
2025-08-01 10:35:06 AM,508.85,1,508.85,77663060.84999996
2025-08-01 10:35:31 AM,508.8,0,0.0,77663060.84999996
2025-08-01 10:35:31 AM,508.8,4,2035.2,77665096.04999997
2025-08-01 10:35:35 AM,508.85,314,159778.9,77824874.94999997
2025-08-01 10:35:39 AM,508.45,0,0.0,77824874.94999997
2025-08-01 10:35:40 AM,508.45,487,247615.15,78072490.09999998
2025-08-01 10:35:47 AM,508.25,0,0.0,78072490.09999998
2025-08-01 10:35:48 AM,508.25,2,1016.5,78073506.59999998
2025-08-01 10:35:53 AM,508.5,0,0.0,78073506.59999998
2025-08-01 10:35:54 AM,508.5,15,7627.5,78081134.09999998
2025-08-01 10:36:25 AM,508.0,91,46228.0,78127362.09999998
2025-08-01 10:36:26 AM,508.25,0,0.0,78127362.09999998
2025-08-01 10:36:27 AM,508.25,12,6099.0,78133461.09999998
2025-08-01 10:36:44 AM,508.0,2,1016.0,78134477.09999998
2025-08-01 10:36:46 AM,508.3,0,0.0,78134477.09999998
2025-08-01 10:36:47 AM,508.3,88,44730.4,78179207.49999999
2025-08-01 10:36:52 AM,508.0,2,1016.0,78180223.49999999
2025-08-01 10:36:58 AM,508.25,24,12198.0,78192421.49999999
2025-08-01 10:37:00 AM,508.4,129,65583.59999999999,78258005.09999998
2025-08-01 10:37:01 AM,508.5,0,0.0,78258005.09999998
2025-08-01 10:37:03 AM,508.5,23,11695.5,78269700.59999998
2025-08-01 10:37:05 AM,508.85,1,508.85,78270209.44999997
2025-08-01 10:37:28 AM,508.5,2,1017.0,78271226.44999997
2025-08-01 10:37:31 AM,508.5,1,508.5,78271734.94999997
2025-08-01 10:37:36 AM,508.8,0,0.0,78271734.94999997
2025-08-01 10:37:36 AM,508.8,81,41212.8,78312947.74999997
2025-08-01 10:37:45 AM,508.8,24,12211.2,78325158.94999997
2025-08-01 10:37:50 AM,508.85,0,0.0,78325158.94999997
2025-08-01 10:37:50 AM,508.85,1,508.85,78325667.79999997
2025-08-01 10:38:12 AM,508.9,0,0.0,78325667.79999997
2025-08-01 10:38:14 AM,508.9,3,1526.6999999999998,78327194.49999997
2025-08-01 10:38:28 AM,508.95,0,0.0,78327194.49999997
2025-08-01 10:38:30 AM,509.45,1020,519639.0,78846833.49999997
2025-08-01 10:38:32 AM,509.45,10,5094.5,78851927.99999997
2025-08-01 10:38:38 AM,509.1,0,0.0,78851927.99999997
2025-08-01 10:38:38 AM,509.1,284,144584.4,78996512.39999998
2025-08-01 10:38:41 AM,510.45,9237,4715026.649999999,83711539.04999998
2025-08-01 10:38:43 AM,510.95,0,0.0,83711539.04999998
2025-08-01 10:38:44 AM,510.95,393,200803.35,83912342.39999998
2025-08-01 10:38:46 AM,510.55,0,0.0,83912342.39999998
2025-08-01 10:38:47 AM,510.55,755,385465.25,84297807.64999998
2025-08-01 10:38:49 AM,510.75,0,0.0,84297807.64999998
2025-08-01 10:38:50 AM,510.5,922,470681.0,84768488.64999998
2025-08-01 10:39:00 AM,510.5,500,255250.0,85023738.64999998
2025-08-01 10:39:03 AM,510.5,2,1021.0,85024759.64999998
2025-08-01 10:39:12 AM,510.8,5,2554.0,85027313.64999998
2025-08-01 10:39:17 AM,510.85,0,0.0,85027313.64999998
2025-08-01 10:39:17 AM,510.85,1,510.85,85027824.49999997
2025-08-01 10:39:20 AM,510.85,10,5108.5,85032932.99999997
2025-08-01 10:39:22 AM,510.9,0,0.0,85032932.99999997
2025-08-01 10:39:23 AM,510.9,39,19925.1,85052858.09999996
2025-08-01 10:39:25 AM,511.0,0,0.0,85052858.09999996
2025-08-01 10:39:26 AM,511.0,418,213598.0,85266456.09999996
2025-08-01 10:39:30 AM,511.2,0,0.0,85266456.09999996
2025-08-01 10:39:32 AM,511.2,20,10224.0,85276680.09999996
2025-08-01 10:39:34 AM,511.0,1,511.0,85277191.09999996
2025-08-01 10:39:36 AM,510.7,0,0.0,85277191.09999996
2025-08-01 10:39:37 AM,510.7,1117,570451.9,85847642.99999997
2025-08-01 10:39:43 AM,510.45,101,51555.45,85899198.44999997
2025-08-01 10:39:44 AM,510.4,0,0.0,85899198.44999997
2025-08-01 10:39:45 AM,510.35,0,0.0,85899198.44999997
2025-08-01 10:39:45 AM,510.35,26,13269.1,85912467.54999997
2025-08-01 10:39:47 AM,510.55,0,0.0,85912467.54999997
2025-08-01 10:39:48 AM,510.55,151,77093.05,85989560.59999996
2025-08-01 10:39:51 AM,510.4,200,102080.0,86091640.59999996
2025-08-01 10:39:59 AM,510.3,0,0.0,86091640.59999996
2025-08-01 10:39:59 AM,510.3,3,1530.9,86093171.49999997
2025-08-01 10:40:05 AM,510.45,0,0.0,86093171.49999997
2025-08-01 10:40:06 AM,510.3,0,0.0,86093171.49999997
2025-08-01 10:40:07 AM,510.3,3,1530.9,86094702.39999998
2025-08-01 10:40:10 AM,510.55,0,0.0,86094702.39999998
2025-08-01 10:40:10 AM,510.55,112,57181.6,86151883.99999997
2025-08-01 10:40:32 AM,510.5,0,0.0,86151883.99999997
2025-08-01 10:40:32 AM,510.5,2,1021.0,86152904.99999997
2025-08-01 10:40:44 AM,510.5,4,2042.0,86154946.99999997
2025-08-01 10:40:46 AM,510.5,4,2042.0,86156988.99999997
2025-08-01 10:40:49 AM,510.3,15,7654.5,86164643.49999997
2025-08-01 10:40:57 AM,510.3,1,510.3,86165153.79999997
2025-08-01 10:41:02 AM,510.3,1,510.3,86165664.09999996
2025-08-01 10:41:07 AM,510.1,0,0.0,86165664.09999996
2025-08-01 10:41:08 AM,510.1,100,51010.0,86216674.09999996
2025-08-01 10:41:14 AM,510.45,0,0.0,86216674.09999996
2025-08-01 10:41:14 AM,510.45,3,1531.35,86218205.44999996
2025-08-01 10:41:25 AM,510.45,10,5104.5,86223309.94999996
2025-08-01 10:41:29 AM,510.45,4,2041.8,86225351.74999996
2025-08-01 10:41:35 AM,510.15,0,0.0,86225351.74999996
2025-08-01 10:41:36 AM,510.15,18,9182.699999999999,86234534.44999996
2025-08-01 10:41:45 AM,509.9,0,0.0,86234534.44999996
2025-08-01 10:41:45 AM,509.9,127,64757.299999999996,86299291.74999996
2025-08-01 10:41:47 AM,510.75,814,415750.5,86715042.24999996
2025-08-01 10:41:56 AM,511.0,0,0.0,86715042.24999996
2025-08-01 10:41:56 AM,511.0,21,10731.0,86725773.24999996
2025-08-01 10:41:57 AM,511.0,1,511.0,86726284.24999996
2025-08-01 10:42:00 AM,511.1,0,0.0,86726284.24999996
2025-08-01 10:42:01 AM,511.1,10,5111.0,86731395.24999996
2025-08-01 10:42:03 AM,511.1,2,1022.2,86732417.44999996
2025-08-01 10:42:04 AM,510.05,0,0.0,86732417.44999996
2025-08-01 10:42:07 AM,510.35,638,325603.3,87058020.74999996
2025-08-01 10:42:12 AM,510.8,0,0.0,87058020.74999996
2025-08-01 10:42:13 AM,510.8,91,46482.8,87104503.54999995
2025-08-01 10:42:14 AM,511.35,0,0.0,87104503.54999995
2025-08-01 10:42:14 AM,511.35,508,259765.80000000002,87364269.34999995
2025-08-01 10:42:16 AM,511.4,0,0.0,87364269.34999995
2025-08-01 10:42:18 AM,511.4,3,1534.1999999999998,87365803.54999995
2025-08-01 10:42:20 AM,511.7,302,154533.4,87520336.94999996
2025-08-01 10:42:24 AM,511.7,2,1023.4,87521360.34999996
2025-08-01 10:42:26 AM,511.3,0,0.0,87521360.34999996
2025-08-01 10:42:26 AM,511.7,2,1023.4,87522383.74999997
2025-08-01 10:42:29 AM,511.05,500,255525.0,87777908.74999997
2025-08-01 10:42:31 AM,511.6,2,1023.2,87778931.94999997
2025-08-01 10:42:37 AM,511.25,1,511.25,87779443.19999997
2025-08-01 10:42:40 AM,511.6,0,0.0,87779443.19999997
2025-08-01 10:42:40 AM,511.6,100,51160.0,87830603.19999997
2025-08-01 10:42:48 AM,511.25,0,0.0,87830603.19999997
2025-08-01 10:42:48 AM,511.25,5,2556.25,87833159.44999997
2025-08-01 10:42:51 AM,511.25,1,511.25,87833670.69999997
2025-08-01 10:42:57 AM,511.55,0,0.0,87833670.69999997
2025-08-01 10:42:57 AM,511.55,1,511.55,87834182.24999997
2025-08-01 10:42:59 AM,511.95,0,0.0,87834182.24999997
2025-08-01 10:42:59 AM,511.95,1000,511950.0,88346132.24999997
2025-08-01 10:43:10 AM,511.3,2,1022.6,88347154.84999996
2025-08-01 10:43:15 AM,511.3,4,2045.2,88349200.04999997
2025-08-01 10:43:25 AM,511.15,0,0.0,88349200.04999997
2025-08-01 10:43:26 AM,511.15,200,102230.0,88451430.04999997
2025-08-01 10:43:29 AM,511.15,11,5622.65,88457052.69999997
2025-08-01 10:43:32 AM,510.7,200,102140.0,88559192.69999997
2025-08-01 10:43:37 AM,511.35,0,0.0,88559192.69999997
2025-08-01 10:43:37 AM,511.35,5,2556.75,88561749.44999997
2025-08-01 10:43:40 AM,510.75,33,16854.75,88578604.19999997
2025-08-01 10:43:45 AM,510.55,0,0.0,88578604.19999997
2025-08-01 10:43:46 AM,510.55,2,1021.1,88579625.29999997
2025-08-01 10:43:51 AM,511.2,0,0.0,88579625.29999997
2025-08-01 10:43:51 AM,511.2,400,204480.0,88784105.29999997
2025-08-01 10:43:53 AM,510.6,1,510.6,88784615.89999996
2025-08-01 10:43:55 AM,510.85,0,0.0,88784615.89999996
2025-08-01 10:43:56 AM,510.85,3,1532.5500000000002,88786148.44999996
2025-08-01 10:43:57 AM,511.0,0,0.0,88786148.44999996
2025-08-01 10:43:58 AM,511.0,2,1022.0,88787170.44999996
2025-08-01 10:43:59 AM,511.15,0,0.0,88787170.44999996
2025-08-01 10:44:01 AM,511.15,2,1022.3,88788192.74999996
2025-08-01 10:44:05 AM,511.3,0,0.0,88788192.74999996
2025-08-01 10:44:06 AM,511.3,150,76695.0,88864887.74999996
2025-08-01 10:44:13 AM,510.75,0,0.0,88864887.74999996
2025-08-01 10:44:14 AM,510.75,2,1021.5,88865909.24999996
2025-08-01 10:44:17 AM,510.4,0,0.0,88865909.24999996
2025-08-01 10:44:17 AM,510.75,0,0.0,88865909.24999996
2025-08-01 10:44:17 AM,510.75,18,9193.5,88875102.74999996
2025-08-01 10:44:25 AM,510.5,0,0.0,88875102.74999996
2025-08-01 10:44:25 AM,510.5,6,3063.0,88878165.74999996
2025-08-01 10:44:27 AM,510.75,0,0.0,88878165.74999996
2025-08-01 10:44:28 AM,510.75,2,1021.5,88879187.24999996
2025-08-01 10:44:30 AM,510.5,2,1021.0,88880208.24999996
2025-08-01 10:44:33 AM,510.85,0,0.0,88880208.24999996
2025-08-01 10:44:33 AM,510.85,3,1532.5500000000002,88881740.79999995
2025-08-01 10:44:36 AM,510.45,0,0.0,88881740.79999995
2025-08-01 10:44:36 AM,510.45,42,21438.899999999998,88903179.69999996
2025-08-01 10:44:47 AM,510.2,4,2040.8,88905220.49999996
2025-08-01 10:44:55 AM,510.2,1,510.2,88905730.69999996
2025-08-01 10:44:57 AM,510.2,199,101529.8,89007260.49999996
2025-08-01 10:45:01 AM,510.45,0,0.0,89007260.49999996
2025-08-01 10:45:03 AM,510.45,1,510.45,89007770.94999996
2025-08-01 10:45:17 AM,510.45,3,1531.35,89009302.29999995
2025-08-01 10:45:18 AM,510.5,0,0.0,89009302.29999995
2025-08-01 10:45:19 AM,510.55,0,0.0,89009302.29999995
2025-08-01 10:45:20 AM,510.55,3,1531.65,89010833.94999996
2025-08-01 10:45:25 AM,510.5,0,0.0,89010833.94999996
2025-08-01 10:45:25 AM,510.5,10,5105.0,89015938.94999996
2025-08-01 10:45:26 AM,510.55,0,0.0,89015938.94999996
2025-08-01 10:45:28 AM,510.55,8,4084.4,89020023.34999996
2025-08-01 10:45:41 AM,510.55,2,1021.1,89021044.44999996
2025-08-01 10:45:44 AM,510.55,2,1021.1,89022065.54999995
2025-08-01 10:45:46 AM,510.55,4,2042.2,89024107.74999996
2025-08-01 10:45:52 AM,510.55,25,12763.75,89036871.49999996
2025-08-01 10:45:58 AM,510.45,0,0.0,89036871.49999996
2025-08-01 10:46:00 AM,510.4,8,4083.2,89040954.69999996
2025-08-01 10:46:05 AM,510.15,0,0.0,89040954.69999996
2025-08-01 10:46:06 AM,510.15,1,510.15,89041464.84999996
2025-08-01 10:46:25 AM,510.3,2,1020.6,89042485.44999996
2025-08-01 10:46:36 AM,510.0,0,0.0,89042485.44999996
2025-08-01 10:46:36 AM,510.0,1,510.0,89042995.44999996
2025-08-01 10:46:46 AM,510.0,31,15810.0,89058805.44999996
2025-08-01 10:46:51 AM,509.95,0,0.0,89058805.44999996
2025-08-01 10:46:51 AM,509.95,1,509.95,89059315.39999996
2025-08-01 10:46:57 AM,509.75,0,0.0,89059315.39999996
2025-08-01 10:46:58 AM,511.25,2706,1383442.5,90442757.89999996
2025-08-01 10:47:04 AM,510.85,0,0.0,90442757.89999996
2025-08-01 10:47:07 AM,510.85,138,70497.3,90513255.19999996
2025-08-01 10:47:14 AM,510.4,0,0.0,90513255.19999996
2025-08-01 10:47:14 AM,510.4,40,20416.0,90533671.19999996
2025-08-01 10:47:28 AM,510.6,0,0.0,90533671.19999996
2025-08-01 10:47:29 AM,510.6,941,480474.60000000003,91014145.79999995
2025-08-01 10:47:42 AM,510.6,10,5106.0,91019251.79999995
2025-08-01 10:47:56 AM,510.6,10,5106.0,91024357.79999995
2025-08-01 10:48:03 AM,511.0,0,0.0,91024357.79999995
2025-08-01 10:48:04 AM,511.0,22,11242.0,91035599.79999995
2025-08-01 10:48:07 AM,510.15,280,142842.0,91178441.79999995
2025-08-01 10:48:14 AM,510.3,0,0.0,91178441.79999995
2025-08-01 10:48:14 AM,510.3,1,510.3,91178952.09999995
2025-08-01 10:48:20 AM,510.0,65,33150.0,91212102.09999995
2025-08-01 10:48:36 AM,509.55,465,236940.75,91449042.84999995
2025-08-01 10:48:46 AM,509.45,0,0.0,91449042.84999995
2025-08-01 10:48:47 AM,509.45,220,112079.0,91561121.84999995
2025-08-01 10:48:49 AM,509.75,0,0.0,91561121.84999995
2025-08-01 10:48:50 AM,509.75,5,2548.75,91563670.59999995
2025-08-01 10:48:56 AM,509.5,211,107504.5,91671175.09999995
2025-08-01 10:49:01 AM,509.45,0,0.0,91671175.09999995
2025-08-01 10:49:01 AM,509.45,102,51963.9,91723138.99999996
2025-08-01 10:49:03 AM,509.45,20,10189.0,91733327.99999996
2025-08-01 10:49:07 AM,509.45,3,1528.35,91734856.34999995
2025-08-01 10:49:08 AM,509.45,8,4075.6,91738931.94999994
2025-08-01 10:49:15 AM,509.35,0,0.0,91738931.94999994
2025-08-01 10:49:18 AM,509.35,100,50935.0,91789866.94999994
2025-08-01 10:49:23 AM,509.45,1,509.45,91790376.39999995
2025-08-01 10:49:24 AM,509.75,0,0.0,91790376.39999995
2025-08-01 10:49:24 AM,509.75,50,25487.5,91815863.89999995
2025-08-01 10:49:32 AM,509.45,0,0.0,91815863.89999995
2025-08-01 10:49:33 AM,509.75,0,0.0,91815863.89999995
2025-08-01 10:49:34 AM,509.75,19,9685.25,91825549.14999995
2025-08-01 10:49:39 AM,509.8,0,0.0,91825549.14999995
2025-08-01 10:49:39 AM,509.8,3,1529.4,91827078.54999995
2025-08-01 10:49:42 AM,509.9,0,0.0,91827078.54999995
2025-08-01 10:49:44 AM,509.9,1,509.9,91827588.44999996
2025-08-01 10:50:02 AM,509.85,0,0.0,91827588.44999996
2025-08-01 10:50:06 AM,509.85,1,509.85,91828098.29999995
2025-08-01 10:50:10 AM,509.8,0,0.0,91828098.29999995
2025-08-01 10:50:11 AM,509.8,140,71372.0,91899470.29999995
2025-08-01 10:50:17 AM,509.55,0,0.0,91899470.29999995
2025-08-01 10:50:17 AM,509.55,358,182418.9,92081889.19999996
2025-08-01 10:50:33 AM,509.2,0,0.0,92081889.19999996
2025-08-01 10:50:34 AM,509.2,42,21386.399999999998,92103275.59999996
2025-08-01 10:50:35 AM,509.45,0,0.0,92103275.59999996
2025-08-01 10:50:35 AM,509.45,1,509.45,92103785.04999997
2025-08-01 10:50:36 AM,509.65,0,0.0,92103785.04999997
2025-08-01 10:50:40 AM,509.65,93,47397.45,92151182.49999997
2025-08-01 10:50:44 AM,509.8,0,0.0,92151182.49999997
2025-08-01 10:50:45 AM,509.8,71,36195.8,92187378.29999997
2025-08-01 10:50:51 AM,509.5,0,0.0,92187378.29999997
2025-08-01 10:50:51 AM,509.5,970,494215.0,92681593.29999997
2025-08-01 10:50:55 AM,509.55,0,0.0,92681593.29999997
2025-08-01 10:50:57 AM,509.55,152,77451.6,92759044.89999996
2025-08-01 10:51:07 AM,509.8,0,0.0,92759044.89999996
2025-08-01 10:51:08 AM,509.8,7,3568.6,92762613.49999996
2025-08-01 10:51:09 AM,509.45,0,0.0,92762613.49999996
2025-08-01 10:51:14 AM,509.45,50,25472.5,92788085.99999996
2025-08-01 10:51:29 AM,509.8,0,0.0,92788085.99999996
2025-08-01 10:51:30 AM,509.45,61,31076.45,92819162.44999996
2025-08-01 10:51:41 AM,509.45,20,10189.0,92829351.44999996
2025-08-01 10:51:51 AM,509.9,0,0.0,92829351.44999996
2025-08-01 10:51:52 AM,509.9,10,5099.0,92834450.44999996
2025-08-01 10:52:02 AM,509.9,3,1529.6999999999998,92835980.14999996
2025-08-01 10:52:03 AM,509.35,0,0.0,92835980.14999996
2025-08-01 10:52:08 AM,509.35,200,101870.0,92937850.14999996
2025-08-01 10:52:21 AM,509.5,0,0.0,92937850.14999996
2025-08-01 10:52:24 AM,509.5,1009,514085.5,93451935.64999996
2025-08-01 10:52:27 AM,509.9,0,0.0,93451935.64999996
2025-08-01 10:52:30 AM,509.9,1,509.9,93452445.54999997
2025-08-01 10:52:35 AM,509.9,17,8668.3,93461113.84999996
2025-08-01 10:52:36 AM,509.9,16,8158.4,93469272.24999997
2025-08-01 10:52:40 AM,509.9,3,1529.6999999999998,93470801.94999997
2025-08-01 10:52:51 AM,510.0,88,44880.0,93515681.94999997
2025-08-01 10:52:56 AM,509.95,1,509.95,93516191.89999998
2025-08-01 10:52:59 AM,509.9,0,0.0,93516191.89999998
2025-08-01 10:53:01 AM,509.9,38,19376.2,93535568.09999998
2025-08-01 10:53:17 AM,509.95,0,0.0,93535568.09999998
2025-08-01 10:53:17 AM,509.95,3,1529.85,93537097.94999997
2025-08-01 10:53:23 AM,509.95,2,1019.9,93538117.84999998
2025-08-01 10:53:33 AM,509.95,1,509.95,93538627.79999998
2025-08-01 10:53:49 AM,509.95,1,509.95,93539137.74999999
2025-08-01 10:54:00 AM,509.95,15,7649.25,93546786.99999999
2025-08-01 10:54:05 AM,510.0,0,0.0,93546786.99999999
2025-08-01 10:54:05 AM,510.0,508,259080.0,93805866.99999999
2025-08-01 10:54:09 AM,510.25,0,0.0,93805866.99999999
2025-08-01 10:54:11 AM,510.25,98,50004.5,93855871.49999999
2025-08-01 10:54:13 AM,510.5,0,0.0,93855871.49999999
2025-08-01 10:54:15 AM,510.2,0,0.0,93855871.49999999
2025-08-01 10:54:16 AM,510.2,102,52040.4,93907911.89999999
2025-08-01 10:54:17 AM,510.5,0,0.0,93907911.89999999
2025-08-01 10:54:17 AM,510.5,1,510.5,93908422.39999999
2025-08-01 10:54:23 AM,510.2,0,0.0,93908422.39999999
2025-08-01 10:54:25 AM,510.5,0,0.0,93908422.39999999
2025-08-01 10:54:27 AM,510.35,0,0.0,93908422.39999999
2025-08-01 10:54:27 AM,510.35,312,159229.2,94067651.6
2025-08-01 10:54:29 AM,510.5,0,0.0,94067651.6
2025-08-01 10:54:31 AM,510.35,0,0.0,94067651.6
2025-08-01 10:54:32 AM,510.35,9,4593.150000000001,94072244.75
2025-08-01 10:54:39 AM,510.5,0,0.0,94072244.75
2025-08-01 10:54:41 AM,510.35,0,0.0,94072244.75
2025-08-01 10:54:43 AM,510.35,6,3062.1000000000004,94075306.85
2025-08-01 10:54:43 AM,510.35,10,5103.5,94080410.35
2025-08-01 10:54:45 AM,510.45,0,0.0,94080410.35
2025-08-01 10:54:48 AM,510.45,2,1020.9,94081431.25
2025-08-01 10:55:03 AM,510.5,0,0.0,94081431.25
2025-08-01 10:55:04 AM,511.7,1305,667768.5,94749199.75
2025-08-01 10:55:05 AM,512.5,0,0.0,94749199.75
2025-08-01 10:55:05 AM,512.2,0,0.0,94749199.75
2025-08-01 10:55:09 AM,512.2,2443,1251304.6,96000504.35
2025-08-01 10:55:11 AM,512.85,0,0.0,96000504.35
2025-08-01 10:55:13 AM,512.2,0,0.0,96000504.35
2025-08-01 10:55:14 AM,512.2,847,433833.4,96434337.75
2025-08-01 10:55:14 AM,512.05,121,61958.049999999996,96496295.8
2025-08-01 10:55:20 AM,511.7,2,1023.4,96497319.2
2025-08-01 10:55:23 AM,511.5,0,0.0,96497319.2
2025-08-01 10:55:25 AM,511.5,1,511.5,96497830.7
2025-08-01 10:55:27 AM,511.9,0,0.0,96497830.7
2025-08-01 10:55:31 AM,512.35,1100,563585.0,97061415.7
2025-08-01 10:55:35 AM,511.15,0,0.0,97061415.7
2025-08-01 10:55:36 AM,511.15,685,350137.75,97411553.45
2025-08-01 10:55:41 AM,510.9,0,0.0,97411553.45
2025-08-01 10:55:42 AM,510.8,51,26050.8,97437604.25
2025-08-01 10:55:52 AM,510.5,1,510.5,97438114.75
2025-08-01 10:56:05 AM,510.8,0,0.0,97438114.75
2025-08-01 10:56:07 AM,510.95,0,0.0,97438114.75
2025-08-01 10:56:08 AM,510.95,100,51095.0,97489209.75
2025-08-01 10:56:13 AM,510.9,0,0.0,97489209.75
2025-08-01 10:56:13 AM,510.9,3,1532.6999999999998,97490742.45
2025-08-01 10:56:23 AM,510.8,0,0.0,97490742.45
2025-08-01 10:56:24 AM,510.8,290,148132.0,97638874.45
2025-08-01 10:56:27 AM,510.5,0,0.0,97638874.45
2025-08-01 10:56:29 AM,510.5,35,17867.5,97656741.95
2025-08-01 10:56:39 AM,510.2,0,0.0,97656741.95
2025-08-01 10:56:39 AM,510.2,240,122448.0,97779189.95
2025-08-01 10:56:45 AM,510.45,1,510.45,97779700.4
2025-08-01 10:56:55 AM,510.15,0,0.0,97779700.4
2025-08-01 10:56:55 AM,510.15,4,2040.6,97781741.0
2025-08-01 10:57:01 AM,510.15,1,510.15,97782251.15
2025-08-01 10:57:06 AM,510.55,200,102110.0,97884361.15
2025-08-01 10:57:17 AM,510.6,0,0.0,97884361.15
2025-08-01 10:57:17 AM,510.6,7,3574.2000000000003,97887935.35000001
2025-08-01 10:57:19 AM,510.25,0,0.0,97887935.35000001
2025-08-01 10:57:21 AM,510.25,7,3571.75,97891507.10000001
2025-08-01 10:57:25 AM,510.2,0,0.0,97891507.10000001
2025-08-01 10:57:27 AM,510.2,5,2551.0,97894058.10000001
2025-08-01 10:57:43 AM,510.55,0,0.0,97894058.10000001
2025-08-01 10:57:43 AM,510.55,2,1021.1,97895079.2
2025-08-01 10:58:04 AM,510.55,107,54628.85,97949708.05
2025-08-01 10:58:13 AM,510.6,0,0.0,97949708.05
2025-08-01 10:58:15 AM,510.6,1,510.6,97950218.64999999
2025-08-01 10:58:19 AM,510.55,0,0.0,97950218.64999999
2025-08-01 10:58:20 AM,510.6,29,14807.400000000001,97965026.05
2025-08-01 10:58:23 AM,510.65,0,0.0,97965026.05
2025-08-01 10:58:26 AM,510.65,1,510.65,97965536.7
2025-08-01 10:58:27 AM,510.6,0,0.0,97965536.7
2025-08-01 10:58:31 AM,510.6,5,2553.0,97968089.7
2025-08-01 10:58:37 AM,510.6,2,1021.2,97969110.9
2025-08-01 10:58:39 AM,510.65,0,0.0,97969110.9
2025-08-01 10:58:42 AM,510.65,22,11234.3,97980345.2
2025-08-01 10:58:57 AM,510.7,0,0.0,97980345.2
2025-08-01 10:58:59 AM,510.7,6,3064.2,97983409.4
2025-08-01 10:59:03 AM,510.7,50,25535.0,98008944.4
2025-08-01 10:59:07 AM,510.75,0,0.0,98008944.4
2025-08-01 10:59:09 AM,510.75,6,3064.5,98012008.9
2025-08-01 10:59:17 AM,511.15,0,0.0,98012008.9
2025-08-01 10:59:19 AM,511.15,160,81784.0,98093792.9
2025-08-01 10:59:21 AM,511.0,0,0.0,98093792.9
2025-08-01 10:59:24 AM,511.0,3,1533.0,98095325.9
2025-08-01 10:59:34 AM,511.0,1,511.0,98095836.9
2025-08-01 10:59:39 AM,511.0,53,27083.0,98122919.9
2025-08-01 10:59:41 AM,511.05,0,0.0,98122919.9
2025-08-01 10:59:45 AM,511.05,48,24530.4,98147450.30000001
2025-08-01 10:59:47 AM,511.0,0,0.0,98147450.30000001
2025-08-01 10:59:49 AM,511.05,0,0.0,98147450.30000001
2025-08-01 10:59:50 AM,511.0,197,100667.0,98248117.30000001
2025-08-01 11:00:05 AM,511.25,0,0.0,98248117.30000001
2025-08-01 11:00:08 AM,511.45,112,57282.4,98305399.70000002
2025-08-01 11:00:30 AM,511.45,1,511.45,98305911.15000002
2025-08-01 11:00:35 AM,511.7,0,0.0,98305911.15000002
2025-08-01 11:00:35 AM,511.7,200,102340.0,98408251.15000002
2025-08-01 11:00:40 AM,511.7,1,511.7,98408762.85000002
2025-08-01 11:00:58 AM,511.75,0,0.0,98408762.85000002
2025-08-01 11:01:00 AM,511.7,0,0.0,98408762.85000002
2025-08-01 11:01:01 AM,511.7,428,219007.6,98627770.45000002
2025-08-01 11:01:06 AM,511.75,0,0.0,98627770.45000002
2025-08-01 11:01:07 AM,511.75,1,511.75,98628282.20000002
2025-08-01 11:01:10 AM,511.7,0,0.0,98628282.20000002
2025-08-01 11:01:12 AM,511.75,0,0.0,98628282.20000002
2025-08-01 11:01:12 AM,511.75,133,68062.75,98696344.95000002
2025-08-01 11:01:18 AM,511.8,0,0.0,98696344.95000002
2025-08-01 11:01:18 AM,511.8,3,1535.4,98697880.35000002
2025-08-01 11:01:18 AM,511.75,200,102350.0,98800230.35000002
2025-08-01 11:01:38 AM,511.9,12,6142.799999999999,98806373.15000002
2025-08-01 11:01:44 AM,511.75,0,0.0,98806373.15000002
2025-08-01 11:01:45 AM,511.75,149,76250.75,98882623.90000002
2025-08-01 11:01:52 AM,511.9,0,0.0,98882623.90000002
2025-08-01 11:01:54 AM,511.9,3,1535.6999999999998,98884159.60000002
2025-08-01 11:02:06 AM,512.0,0,0.0,98884159.60000002
2025-08-01 11:02:09 AM,512.0,145,74240.0,98958399.60000002
2025-08-01 11:02:16 AM,512.0,50,25600.0,98983999.60000002
2025-08-01 11:02:30 AM,512.8,0,0.0,98983999.60000002
2025-08-01 11:02:32 AM,512.8,2527,1295845.5999999999,100279845.20000002
2025-08-01 11:02:33 AM,513.0,6,3078.0,100282923.20000002
2025-08-01 11:02:36 AM,513.25,0,0.0,100282923.20000002
2025-08-01 11:02:38 AM,513.7,0,0.0,100282923.20000002
2025-08-01 11:02:38 AM,513.7,2248,1154797.6,101437720.80000001
2025-08-01 11:02:40 AM,513.6,0,0.0,101437720.80000001
2025-08-01 11:02:40 AM,513.9,0,0.0,101437720.80000001
2025-08-01 11:02:42 AM,513.7,0,0.0,101437720.80000001
2025-08-01 11:02:43 AM,513.7,179,91952.3,101529673.10000001
2025-08-01 11:02:46 AM,513.75,0,0.0,101529673.10000001
2025-08-01 11:02:48 AM,513.75,5,2568.75,101532241.85000001
2025-08-01 11:02:52 AM,513.8,0,0.0,101532241.85000001
2025-08-01 11:02:54 AM,513.8,37,19010.6,101551252.45
2025-08-01 11:02:54 AM,513.85,0,0.0,101551252.45
2025-08-01 11:02:55 AM,513.85,1,513.85,101551766.3
2025-08-01 11:03:06 AM,513.95,0,0.0,101551766.3
2025-08-01 11:03:09 AM,513.95,19,9765.050000000001,101561531.35
2025-08-01 11:03:12 AM,514.1,0,0.0,101561531.35
2025-08-01 11:03:14 AM,514.2,1748,898821.6000000001,102460352.94999999
2025-08-01 11:03:15 AM,513.95,100,51395.00000000001,102511747.94999999
2025-08-01 11:03:18 AM,514.45,0,0.0,102511747.94999999
2025-08-01 11:03:19 AM,514.45,171,87970.95000000001,102599718.89999999
2025-08-01 11:03:21 AM,514.05,403,207162.15,102806881.05
2025-08-01 11:03:24 AM,513.9,0,0.0,102806881.05
2025-08-01 11:03:24 AM,513.9,20,10278.0,102817159.05
2025-08-01 11:03:31 AM,513.85,240,123324.0,102940483.05
2025-08-01 11:03:32 AM,513.8,0,0.0,102940483.05
2025-08-01 11:03:34 AM,513.8,23,11817.4,102952300.45
2025-08-01 11:03:38 AM,513.2,0,0.0,102952300.45
2025-08-01 11:03:39 AM,513.2,1,513.2,102952813.65
2025-08-01 11:03:42 AM,513.55,0,0.0,102952813.65
2025-08-01 11:03:42 AM,513.55,10,5135.5,102957949.15
2025-08-01 11:03:56 AM,513.15,50,25657.5,102983606.65
2025-08-01 11:03:58 AM,513.65,0,0.0,102983606.65
2025-08-01 11:03:58 AM,513.65,68,34928.2,103018534.85000001
2025-08-01 11:04:00 AM,513.4,0,0.0,103018534.85000001
2025-08-01 11:04:01 AM,513.4,50,25670.0,103044204.85000001
2025-08-01 11:04:14 AM,513.9,100,51390.0,103095594.85000001
2025-08-01 11:04:16 AM,513.55,0,0.0,103095594.85000001
2025-08-01 11:04:17 AM,513.55,150,77032.5,103172627.35000001
2025-08-01 11:04:29 AM,513.55,1,513.55,103173140.9
2025-08-01 11:04:34 AM,513.5,100,51350.0,103224490.9
2025-08-01 11:04:35 AM,514.0,0,0.0,103224490.9
2025-08-01 11:04:37 AM,513.7,0,0.0,103224490.9
2025-08-01 11:04:37 AM,513.7,13,6678.1,103231169.0
2025-08-01 11:04:38 AM,513.55,0,0.0,103231169.0
2025-08-01 11:04:39 AM,513.55,2,1027.1,103232196.1
2025-08-01 11:04:53 AM,513.55,64,32867.2,103265063.3
2025-08-01 11:04:58 AM,513.55,6,3081.2999999999997,103268144.6
2025-08-01 11:05:04 AM,513.55,4,2054.2,103270198.8
2025-08-01 11:05:16 AM,513.5,21,10783.5,103280982.3
2025-08-01 11:05:21 AM,513.75,0,0.0,103280982.3
2025-08-01 11:05:21 AM,513.75,101,51888.75,103332871.05
2025-08-01 11:05:22 AM,513.55,0,0.0,103332871.05
2025-08-01 11:05:25 AM,513.55,5,2567.75,103335438.8
2025-08-01 11:05:32 AM,513.5,200,102700.0,103438138.8
2025-08-01 11:05:43 AM,513.55,14,7189.699999999999,103445328.5
2025-08-01 11:05:47 AM,513.8,1,513.8,103445842.3
2025-08-01 11:06:03 AM,513.8,1,513.8,103446356.1
2025-08-01 11:06:15 AM,513.8,10,5138.0,103451494.1
2025-08-01 11:06:18 AM,513.8,134,68849.2,103520343.3
2025-08-01 11:06:27 AM,513.9,5,2569.5,103522912.8
2025-08-01 11:06:32 AM,513.85,59,30317.15,103553229.95
2025-08-01 11:06:38 AM,513.8,6,3082.7999999999997,103556312.75
2025-08-01 11:06:40 AM,513.95,1,513.95,103556826.7
2025-08-01 11:06:56 AM,513.95,374,192217.30000000002,103749044.0
2025-08-01 11:07:11 AM,513.85,71,36483.35,103785527.35
2025-08-01 11:07:13 AM,513.6,2,1027.2,103786554.55
2025-08-01 11:07:17 AM,513.55,4,2054.2,103788608.75
2025-08-01 11:07:22 AM,513.55,1,513.55,103789122.3
2025-08-01 11:07:32 AM,513.85,0,0.0,103789122.3
2025-08-01 11:07:32 AM,514.5,0,0.0,103789122.3
2025-08-01 11:07:33 AM,514.5,510,262395.0,104051517.3
2025-08-01 11:07:36 AM,514.8,0,0.0,104051517.3
2025-08-01 11:07:39 AM,514.8,25,12869.999999999998,104064387.3
2025-08-01 11:07:40 AM,514.8,11,5662.799999999999,104070050.1
2025-08-01 11:07:48 AM,514.45,0,0.0,104070050.1
2025-08-01 11:07:49 AM,514.7,2,1029.4,104071079.5
2025-08-01 11:07:54 AM,514.25,70,35997.5,104107077.0
2025-08-01 11:07:56 AM,514.3,0,0.0,104107077.0
2025-08-01 11:07:56 AM,514.3,12,6171.599999999999,104113248.6
2025-08-01 11:08:11 AM,514.6,10,5146.0,104118394.6
2025-08-01 11:08:14 AM,514.25,0,0.0,104118394.6
2025-08-01 11:08:16 AM,514.25,4,2057.0,104120451.6
2025-08-01 11:08:21 AM,514.25,32,16456.0,104136907.6
2025-08-01 11:08:28 AM,514.25,3,1542.75,104138450.35
2025-08-01 11:08:42 AM,514.0,186,95604.0,104234054.35
2025-08-01 11:08:42 AM,514.15,0,0.0,104234054.35
2025-08-01 11:08:44 AM,514.15,1,514.15,104234568.5
2025-08-01 11:08:47 AM,513.85,5,2569.25,104237137.75
2025-08-01 11:08:49 AM,513.85,1,513.85,104237651.6
2025-08-01 11:09:01 AM,513.85,69,35455.65,104273107.25
2025-08-01 11:09:06 AM,514.0,0,0.0,104273107.25
2025-08-01 11:09:07 AM,514.0,1,514.0,104273621.25
2025-08-01 11:09:32 AM,513.85,0,0.0,104273621.25
2025-08-01 11:09:32 AM,513.85,188,96603.8,104370225.05
2025-08-01 11:09:37 AM,514.0,0,0.0,104370225.05
2025-08-01 11:09:37 AM,514.0,1,514.0,104370739.05
2025-08-01 11:09:43 AM,513.85,1,513.85,104371252.89999999
2025-08-01 11:09:48 AM,513.85,263,135142.55000000002,104506395.44999999
2025-08-01 11:09:53 AM,514.0,111,57054.0,104563449.44999999
2025-08-01 11:09:55 AM,514.0,17,8738.0,104572187.44999999
2025-08-01 11:10:09 AM,514.05,4,2056.2,104574243.64999999
2025-08-01 11:10:20 AM,514.05,1,514.05,104574757.69999999
2025-08-01 11:10:29 AM,514.1,0,0.0,104574757.69999999
2025-08-01 11:10:31 AM,514.0,47,24158.0,104598915.69999999
2025-08-01 11:10:35 AM,513.85,0,0.0,104598915.69999999
2025-08-01 11:10:36 AM,513.85,5173,2658146.0500000003,107257061.74999999
2025-08-01 11:10:39 AM,514.0,0,0.0,107257061.74999999
2025-08-01 11:10:42 AM,514.0,146,75044.0,107332105.74999999
2025-08-01 11:10:45 AM,513.95,0,0.0,107332105.74999999
2025-08-01 11:10:47 AM,513.95,100,51395.00000000001,107383500.74999999
2025-08-01 11:10:58 AM,513.9,65,33403.5,107416904.24999999
2025-08-01 11:10:59 AM,513.85,0,0.0,107416904.24999999
2025-08-01 11:10:59 AM,513.85,6,3083.1000000000004,107419987.34999998
2025-08-01 11:11:04 AM,513.85,43,22095.55,107442082.89999998
2025-08-01 11:11:07 AM,513.95,0,0.0,107442082.89999998
2025-08-01 11:11:10 AM,513.95,410,210719.50000000003,107652802.39999998
2025-08-01 11:11:20 AM,513.85,10,5138.5,107657940.89999998
2025-08-01 11:11:37 AM,513.95,0,0.0,107657940.89999998
2025-08-01 11:11:37 AM,513.95,10,5139.5,107663080.39999998
2025-08-01 11:11:38 AM,513.85,980,503573.0,108166653.39999998
2025-08-01 11:11:42 AM,513.95,378,194273.1,108360926.49999997
2025-08-01 11:11:43 AM,513.85,0,0.0,108360926.49999997
2025-08-01 11:11:43 AM,513.85,25,12846.25,108373772.74999997
2025-08-01 11:12:20 AM,513.85,437,224552.45,108598325.19999997
2025-08-01 11:12:30 AM,513.85,1,513.85,108598839.04999997
2025-08-01 11:12:31 AM,513.85,1,513.85,108599352.89999996
2025-08-01 11:12:39 AM,513.95,0,0.0,108599352.89999996
2025-08-01 11:12:41 AM,513.95,100,51395.00000000001,108650747.89999996
2025-08-01 11:12:45 AM,513.85,0,0.0,108650747.89999996
2025-08-01 11:12:46 AM,513.85,23,11818.550000000001,108662566.44999996
2025-08-01 11:12:47 AM,514.0,22,11308.0,108673874.44999996
2025-08-01 11:12:59 AM,513.85,0,0.0,108673874.44999996
2025-08-01 11:13:01 AM,513.85,29,14901.650000000001,108688776.09999996
2025-08-01 11:13:12 AM,513.85,1,513.85,108689289.94999996
2025-08-01 11:13:14 AM,513.85,6182,3176620.7,111865910.64999996
2025-08-01 11:13:15 AM,514.0,0,0.0,111865910.64999996
2025-08-01 11:13:18 AM,514.0,701,360314.0,112226224.64999996
2025-08-01 11:13:19 AM,514.1,2,1028.2,112227252.84999996
2025-08-01 11:13:21 AM,514.25,0,0.0,112227252.84999996
2025-08-01 11:13:23 AM,514.25,469,241183.25,112468436.09999996
2025-08-01 11:13:25 AM,514.1,0,0.0,112468436.09999996
2025-08-01 11:13:27 AM,514.25,0,0.0,112468436.09999996
2025-08-01 11:13:29 AM,514.25,51,26226.75,112494662.84999996
2025-08-01 11:13:36 AM,514.2,0,0.0,112494662.84999996
2025-08-01 11:13:36 AM,514.2,1,514.2,112495177.04999997
2025-08-01 11:13:40 AM,514.2,10,5142.0,112500319.04999997
2025-08-01 11:13:44 AM,514.1,0,0.0,112500319.04999997
2025-08-01 11:13:45 AM,514.1,231,118757.1,112619076.14999996
2025-08-01 11:13:46 AM,513.85,0,0.0,112619076.14999996
2025-08-01 11:13:47 AM,513.85,264,135656.4,112754732.54999997
2025-08-01 11:14:01 AM,513.85,39,20040.15,112774772.69999997
2025-08-01 11:14:10 AM,514.1,0,0.0,112774772.69999997
2025-08-01 11:14:12 AM,514.1,4,2056.4,112776829.09999998
2025-08-01 11:14:16 AM,513.85,0,0.0,112776829.09999998
2025-08-01 11:14:18 AM,513.85,1,513.85,112777342.94999997
2025-08-01 11:14:23 AM,513.85,1,513.85,112777856.79999997
2025-08-01 11:14:34 AM,514.2,68,34965.600000000006,112812822.39999996
2025-08-01 11:14:38 AM,513.9,0,0.0,112812822.39999996
2025-08-01 11:14:39 AM,513.9,20,10278.0,112823100.39999996
2025-08-01 11:14:44 AM,514.25,0,0.0,112823100.39999996
2025-08-01 11:14:44 AM,514.25,36,18513.0,112841613.39999996
2025-08-01 11:14:56 AM,514.25,1,514.25,112842127.64999996
2025-08-01 11:15:01 AM,514.25,40,20570.0,112862697.64999996
2025-08-01 11:15:06 AM,514.2,2,1028.4,112863726.04999997
2025-08-01 11:15:10 AM,514.5,0,0.0,112863726.04999997
2025-08-01 11:15:12 AM,514.05,0,0.0,112863726.04999997
2025-08-01 11:15:12 AM,514.05,504,259081.19999999998,113122807.24999997
2025-08-01 11:15:14 AM,514.35,0,0.0,113122807.24999997
2025-08-01 11:15:16 AM,514.3,0,0.0,113122807.24999997
2025-08-01 11:15:17 AM,514.3,14,7200.199999999999,113130007.44999997
2025-08-01 11:15:26 AM,514.2,0,0.0,113130007.44999997
2025-08-01 11:15:27 AM,514.3,190,97716.99999999999,113227724.44999997
2025-08-01 11:15:32 AM,514.1,0,0.0,113227724.44999997
2025-08-01 11:15:33 AM,514.1,15,7711.5,113235435.94999997
2025-08-01 11:15:36 AM,514.3,0,0.0,113235435.94999997
2025-08-01 11:15:38 AM,514.3,2,1028.6,113236464.54999997
2025-08-01 11:15:42 AM,514.1,0,0.0,113236464.54999997
2025-08-01 11:15:43 AM,514.1,4,2056.4,113238520.94999997
2025-08-01 11:15:52 AM,514.3,0,0.0,113238520.94999997
2025-08-01 11:15:53 AM,514.3,11,5657.299999999999,113244178.24999997
2025-08-01 11:15:54 AM,514.1,0,0.0,113244178.24999997
2025-08-01 11:15:54 AM,514.1,80,41128.0,113285306.24999997
2025-08-01 11:15:58 AM,514.1,1228,631314.8,113916621.04999997
2025-08-01 11:16:00 AM,513.85,0,0.0,113916621.04999997
2025-08-01 11:16:03 AM,513.85,294,151071.9,114067692.94999997
2025-08-01 11:16:24 AM,514.0,0,0.0,114067692.94999997
2025-08-01 11:16:25 AM,514.0,5,2570.0,114070262.94999997
2025-08-01 11:16:28 AM,513.9,0,0.0,114070262.94999997
2025-08-01 11:16:30 AM,514.1,5,2570.5,114072833.44999997
2025-08-01 11:16:38 AM,513.85,0,0.0,114072833.44999997
2025-08-01 11:16:40 AM,513.85,100,51385.0,114124218.44999997
2025-08-01 11:16:42 AM,513.85,60,30831.0,114155049.44999997
2025-08-01 11:16:49 AM,514.1,0,0.0,114155049.44999997
2025-08-01 11:16:51 AM,514.1,23,11824.300000000001,114166873.74999997
2025-08-01 11:16:56 AM,514.45,871,448085.95,114614959.69999997
2025-08-01 11:17:04 AM,514.45,5,2572.25,114617531.94999997
2025-08-01 11:17:09 AM,514.45,2,1028.9,114618560.84999998
2025-08-01 11:17:10 AM,514.3,0,0.0,114618560.84999998
2025-08-01 11:17:12 AM,514.2,0,0.0,114618560.84999998
2025-08-01 11:17:12 AM,514.2,51,26224.2,114644785.04999998
2025-08-01 11:17:16 AM,514.3,0,0.0,114644785.04999998
2025-08-01 11:17:17 AM,514.3,2,1028.6,114645813.64999998
2025-08-01 11:17:20 AM,514.2,1,514.2,114646327.84999998
2025-08-01 11:17:29 AM,514.2,20,10284.0,114656611.84999998
2025-08-01 11:17:36 AM,514.3,100,51429.99999999999,114708041.84999998
2025-08-01 11:17:41 AM,514.3,10,5143.0,114713184.84999998
2025-08-01 11:17:44 AM,514.2,0,0.0,114713184.84999998
2025-08-01 11:17:44 AM,514.2,5,2571.0,114715755.84999998
2025-08-01 11:17:50 AM,514.15,73,37532.95,114753288.79999998
2025-08-01 11:17:54 AM,513.85,0,0.0,114753288.79999998
2025-08-01 11:17:55 AM,513.85,4,2055.4,114755344.19999999
2025-08-01 11:18:00 AM,514.15,0,0.0,114755344.19999999
2025-08-01 11:18:00 AM,514.15,10,5141.5,114760485.69999999
2025-08-01 11:18:08 AM,514.3,0,0.0,114760485.69999999
2025-08-01 11:18:11 AM,514.3,5,2571.5,114763057.19999999
2025-08-01 11:18:32 AM,514.0,0,0.0,114763057.19999999
2025-08-01 11:18:33 AM,514.0,1,514.0,114763571.19999999
2025-08-01 11:18:34 AM,514.15,0,0.0,114763571.19999999
2025-08-01 11:18:35 AM,514.15,1,514.15,114764085.35
2025-08-01 11:18:39 AM,514.15,146,75065.9,114839151.25
2025-08-01 11:18:52 AM,514.0,0,0.0,114839151.25
2025-08-01 11:18:56 AM,514.15,0,0.0,114839151.25
2025-08-01 11:18:57 AM,514.15,51,26221.649999999998,114865372.9
2025-08-01 11:18:58 AM,514.0,0,0.0,114865372.9
2025-08-01 11:19:02 AM,514.0,36,18504.0,114883876.9
2025-08-01 11:19:14 AM,514.0,61,31354.0,114915230.9
2025-08-01 11:19:25 AM,514.0,5,2570.0,114917800.9
2025-08-01 11:19:46 AM,513.85,100,51385.0,114969185.9
2025-08-01 11:19:50 AM,514.0,0,0.0,114969185.9
2025-08-01 11:19:52 AM,514.0,2,1028.0,114970213.9
2025-08-01 11:20:01 AM,514.25,0,0.0,114970213.9
2025-08-01 11:20:02 AM,514.25,215,110563.75,115080777.65
2025-08-01 11:20:13 AM,513.85,0,0.0,115080777.65
2025-08-01 11:20:13 AM,513.85,25,12846.25,115093623.9
2025-08-01 11:20:24 AM,513.85,100,51385.0,115145008.9
2025-08-01 11:20:34 AM,513.85,4,2055.4,115147064.30000001
2025-08-01 11:20:36 AM,514.0,0,0.0,115147064.30000001
2025-08-01 11:20:39 AM,514.0,1,514.0,115147578.30000001
2025-08-01 11:20:53 AM,513.85,0,0.0,115147578.30000001
2025-08-01 11:20:54 AM,513.85,1441,740457.85,115888036.15
2025-08-01 11:21:02 AM,513.95,0,0.0,115888036.15
2025-08-01 11:21:05 AM,513.95,82,42143.9,115930180.05000001
2025-08-01 11:21:06 AM,514.0,0,0.0,115930180.05000001
2025-08-01 11:21:11 AM,514.0,3,1542.0,115931722.05000001
2025-08-01 11:21:11 AM,513.95,0,0.0,115931722.05000001
2025-08-01 11:21:16 AM,513.95,1,513.95,115932236.00000001
2025-08-01 11:21:21 AM,514.0,1,514.0,115932750.00000001
2025-08-01 11:21:24 AM,513.95,0,0.0,115932750.00000001
2025-08-01 11:21:27 AM,513.95,107,54992.65,115987742.65000002
2025-08-01 11:21:32 AM,513.95,9,4625.55,115992368.20000002
2025-08-01 11:21:32 AM,514.0,0,0.0,115992368.20000002
2025-08-01 11:21:32 AM,514.0,2,1028.0,115993396.20000002
2025-08-01 11:21:37 AM,514.0,10,5140.0,115998536.20000002
2025-08-01 11:21:54 AM,513.95,0,0.0,115998536.20000002
2025-08-01 11:21:55 AM,514.0,0,0.0,115998536.20000002
2025-08-01 11:21:56 AM,513.85,0,0.0,115998536.20000002
2025-08-01 11:21:57 AM,513.85,3666,1883774.1,117882310.30000001
2025-08-01 11:22:00 AM,514.0,0,0.0,117882310.30000001
2025-08-01 11:22:02 AM,514.0,164,84296.0,117966606.30000001
