date,price,qty,trnvr,cum_trnvr
2025-08-01 09:15:00 AM,1901.0,473,899173.0,899173.0
2025-08-01 09:15:08 AM,1913.7,0,0.0,899173.0
2025-08-01 09:15:09 AM,1911.4,313,598268.2000000001,1497441.2000000002
2025-08-01 09:15:17 AM,1919.0,0,0.0,1497441.2000000002
2025-08-01 09:15:18 AM,1913.2,0,0.0,1497441.2000000002
2025-08-01 09:15:21 AM,1912.1,140,267694.0,1765135.2000000002
2025-08-01 09:15:25 AM,1918.9,0,0.0,1765135.2000000002
2025-08-01 09:15:28 AM,1915.0,0,0.0,1765135.2000000002
2025-08-01 09:15:29 AM,1915.0,95,181925.0,1947060.2000000002
2025-08-01 09:15:32 AM,1917.0,0,0.0,1947060.2000000002
2025-08-01 09:15:37 AM,1918.9,0,0.0,1947060.2000000002
2025-08-01 09:15:38 AM,1918.9,421,807856.9,2754917.1
2025-08-01 09:15:39 AM,1919.0,79,151601.0,2906518.1
2025-08-01 09:15:41 AM,1921.3,0,0.0,2906518.1
2025-08-01 09:15:45 AM,1912.0,0,0.0,2906518.1
2025-08-01 09:15:46 AM,1912.0,431,824072.0,3730590.1
2025-08-01 09:15:48 AM,1918.0,25,47950.0,3778540.1
2025-08-01 09:15:50 AM,1924.1,0,0.0,3778540.1
2025-08-01 09:15:53 AM,1924.3,0,0.0,3778540.1
2025-08-01 09:15:54 AM,1924.3,368,708142.4,4486682.5
2025-08-01 09:15:56 AM,1925.0,39,75075.0,4561757.5
2025-08-01 09:15:59 AM,1922.3,0,0.0,4561757.5
2025-08-01 09:16:01 AM,1916.4,0,0.0,4561757.5
2025-08-01 09:16:02 AM,1924.4,510,981444.0,5543201.5
2025-08-01 09:16:04 AM,1919.5,244,468358.0,6011559.5
2025-08-01 09:16:11 AM,1922.9,60,115374.0,6126933.5
2025-08-01 09:16:19 AM,1922.9,277,532643.3,6659576.8
2025-08-01 09:16:20 AM,1922.9,178,342276.2,7001853.0
2025-08-01 09:16:23 AM,1919.6,0,0.0,7001853.0
2025-08-01 09:16:25 AM,1925.0,0,0.0,7001853.0
2025-08-01 09:16:33 AM,1925.6,0,0.0,7001853.0
2025-08-01 09:16:35 AM,1925.1,0,0.0,7001853.0
2025-08-01 09:16:35 AM,1925.1,1559,3001230.9,10003083.9
2025-08-01 09:16:37 AM,1931.2,50,96560.0,10099643.9
2025-08-01 09:16:43 AM,1936.8,0,0.0,10099643.9
2025-08-01 09:16:44 AM,1936.8,170,329256.0,10428899.9
2025-08-01 09:16:45 AM,1932.7,12,23192.4,10452092.3
2025-08-01 09:16:52 AM,1934.4,95,183768.0,10635860.3
2025-08-01 09:16:55 AM,1940.0,0,0.0,10635860.3
2025-08-01 09:17:00 AM,1948.8,608,1184870.4,11820730.700000001
2025-08-01 09:17:01 AM,1949.0,110,214390.0,12035120.700000001
2025-08-01 09:17:02 AM,1938.7,0,0.0,12035120.700000001
2025-08-01 09:17:04 AM,1946.0,0,0.0,12035120.700000001
2025-08-01 09:17:10 AM,1958.0,3305,6471190.0,18506310.700000003
2025-08-01 09:17:11 AM,1958.5,0,0.0,18506310.700000003
2025-08-01 09:17:13 AM,1964.6,0,0.0,18506310.700000003
2025-08-01 09:17:17 AM,1962.6,211,414108.6,18920419.300000004
2025-08-01 09:17:18 AM,1962.4,57,111856.8,19032276.100000005
2025-08-01 09:17:20 AM,1964.6,0,0.0,19032276.100000005
2025-08-01 09:17:22 AM,1971.8,0,0.0,19032276.100000005
2025-08-01 09:17:25 AM,1975.6,1103,2179086.8,21211362.900000006
2025-08-01 09:17:26 AM,1968.8,204,401635.2,21612998.100000005
2025-08-01 09:17:28 AM,1968.9,0,0.0,21612998.100000005
2025-08-01 09:17:30 AM,1972.2,0,0.0,21612998.100000005
2025-08-01 09:17:33 AM,1970.3,801,1578210.3,23191208.400000006
2025-08-01 09:17:34 AM,1982.7,485,961609.5,24152817.900000006
2025-08-01 09:17:36 AM,1976.1,0,0.0,24152817.900000006
2025-08-01 09:17:38 AM,1979.9,0,0.0,24152817.900000006
2025-08-01 09:17:41 AM,1983.9,592,1174468.8,25327286.700000007
2025-08-01 09:17:42 AM,1983.9,48,95227.20000000001,25422513.900000006
2025-08-01 09:17:45 AM,1979.9,0,0.0,25422513.900000006
2025-08-01 09:17:47 AM,1980.6,0,0.0,25422513.900000006
2025-08-01 09:17:50 AM,1983.0,224,444192.0,25866705.900000006
2025-08-01 09:17:51 AM,1990.0,410,815900.0,26682605.900000006
2025-08-01 09:17:54 AM,1980.6,0,0.0,26682605.900000006
2025-08-01 09:17:56 AM,1978.1,0,0.0,26682605.900000006
2025-08-01 09:17:58 AM,1983.0,299,592917.0,27275522.900000006
2025-08-01 09:17:59 AM,1977.1,113,223412.3,27498935.200000007
2025-08-01 09:18:02 AM,1983.9,0,0.0,27498935.200000007
2025-08-01 09:18:04 AM,1980.4,0,0.0,27498935.200000007
2025-08-01 09:18:06 AM,1980.7,817,1618231.9000000001,29117167.100000005
2025-08-01 09:18:07 AM,1975.6,82,161999.19999999998,29279166.300000004
2025-08-01 09:18:10 AM,1970.0,0,0.0,29279166.300000004
2025-08-01 09:18:12 AM,1974.5,0,0.0,29279166.300000004
2025-08-01 09:18:15 AM,1974.5,951,1877749.5,31156915.800000004
2025-08-01 09:18:18 AM,1968.8,0,0.0,31156915.800000004
2025-08-01 09:18:20 AM,1974.5,0,0.0,31156915.800000004
2025-08-01 09:18:23 AM,1975.0,444,876900.0,32033815.800000004
2025-08-01 09:18:31 AM,1977.6,2583,5108140.8,37141956.6
2025-08-01 09:18:34 AM,1978.0,0,0.0,37141956.6
2025-08-01 09:18:36 AM,1977.4,0,0.0,37141956.6
2025-08-01 09:18:39 AM,1977.5,80,158200.0,37300156.6
2025-08-01 09:18:41 AM,1980.7,15,29710.5,37329867.1
2025-08-01 09:18:44 AM,1983.3,0,0.0,37329867.1
2025-08-01 09:18:47 AM,1984.2,478,948447.6,38278314.7
2025-08-01 09:18:49 AM,1989.0,12,23868.0,38302182.7
2025-08-01 09:18:56 AM,1987.9,429,852809.1000000001,39154991.800000004
2025-08-01 09:18:57 AM,1987.0,5,9935.0,39164926.800000004
2025-08-01 09:18:58 AM,1985.0,0,0.0,39164926.800000004
2025-08-01 09:19:00 AM,1987.9,0,0.0,39164926.800000004
2025-08-01 09:19:04 AM,1984.6,455,902993.0,40067919.800000004
2025-08-01 09:19:05 AM,1987.8,222,441291.6,40509211.400000006
2025-08-01 09:19:06 AM,1987.4,0,0.0,40509211.400000006
2025-08-01 09:19:08 AM,1984.6,0,0.0,40509211.400000006
2025-08-01 09:19:12 AM,1985.0,1203,2387955.0,42897166.400000006
2025-08-01 09:19:13 AM,1985.0,5,9925.0,42907091.400000006
2025-08-01 09:19:16 AM,1989.6,0,0.0,42907091.400000006
2025-08-01 09:19:20 AM,1990.0,1618,3219820.0,46126911.400000006
2025-08-01 09:19:23 AM,1985.9,0,0.0,46126911.400000006
2025-08-01 09:19:28 AM,1988.9,1518,3019150.2,49146061.60000001
2025-08-01 09:19:28 AM,1988.0,0,0.0,49146061.60000001
2025-08-01 09:19:29 AM,1988.7,182,361943.4,49508005.00000001
2025-08-01 09:19:31 AM,1990.0,0,0.0,49508005.00000001
2025-08-01 09:19:36 AM,1988.8,560,1113728.0,50621733.00000001
2025-08-01 09:19:38 AM,1992.1,32,63747.2,50685480.20000001
2025-08-01 09:19:39 AM,1993.7,0,0.0,50685480.20000001
2025-08-01 09:19:44 AM,2005.9,2962,5941475.8,56626956.00000001
2025-08-01 09:19:46 AM,2005.0,95,190475.0,56817431.00000001
2025-08-01 09:19:52 AM,2008.6,956,1920221.5999999999,58737652.60000001
2025-08-01 09:19:53 AM,2007.4,0,0.0,58737652.60000001
2025-08-01 09:19:54 AM,2006.9,76,152524.4,58890177.00000001
2025-08-01 09:20:00 AM,2017.2,1939,3911350.8000000003,62801527.800000004
2025-08-01 09:20:00 AM,2013.8,244,491367.2,63292895.00000001
2025-08-01 09:20:01 AM,2022.7,0,0.0,63292895.00000001
2025-08-01 09:20:01 AM,2022.7,116,234633.2,63527528.20000001
2025-08-01 09:20:02 AM,2014.5,0,0.0,63527528.20000001
2025-08-01 09:20:02 AM,2014.5,501,1009264.5,64536792.70000001
2025-08-01 09:20:03 AM,2039.9,431,879196.9,65415989.60000001
2025-08-01 09:20:04 AM,2037.6,101,205797.59999999998,65621787.20000001
2025-08-01 09:20:04 AM,2023.0,0,0.0,65621787.20000001
2025-08-01 09:20:05 AM,2017.7,0,0.0,65621787.20000001
2025-08-01 09:20:05 AM,2017.7,223,449947.10000000003,66071734.30000001
2025-08-01 09:20:05 AM,2017.8,0,0.0,66071734.30000001
2025-08-01 09:20:06 AM,2021.7,0,0.0,66071734.30000001
2025-08-01 09:20:06 AM,2021.7,28,56607.6,66128341.90000001
2025-08-01 09:20:07 AM,2021.1,5,10105.5,66138447.40000001
2025-08-01 09:20:07 AM,2019.2,0,0.0,66138447.40000001
2025-08-01 09:20:07 AM,2019.2,61,123171.2,66261618.60000002
2025-08-01 09:20:08 AM,2021.5,44,88946.0,66350564.60000002
2025-08-01 09:20:08 AM,2018.6,309,623747.4,66974312.000000015
2025-08-01 09:20:08 AM,2020.9,0,0.0,66974312.000000015
2025-08-01 09:20:08 AM,2018.7,0,0.0,66974312.000000015
2025-08-01 09:20:09 AM,2018.3,38,76695.4,67051007.40000001
2025-08-01 09:20:09 AM,2015.0,0,0.0,67051007.40000001
2025-08-01 09:20:10 AM,2015.0,1,2015.0,67053022.40000001
2025-08-01 09:20:10 AM,2014.1,1,2014.1,67055036.500000015
2025-08-01 09:20:11 AM,2017.2,13,26223.600000000002,67081260.10000002
2025-08-01 09:20:11 AM,2012.5,0,0.0,67081260.10000002
2025-08-01 09:20:12 AM,2012.5,51,102637.5,67183897.60000002
2025-08-01 09:20:13 AM,2016.0,64,129024.0,67312921.60000002
2025-08-01 09:20:13 AM,2016.1,10,20161.0,67333082.60000002
2025-08-01 09:20:14 AM,2015.7,46,92722.2,67425804.80000003
2025-08-01 09:20:14 AM,2019.3,502,1013688.6,68439493.40000002
2025-08-01 09:20:15 AM,2014.4,312,628492.8,69067986.20000002
2025-08-01 09:20:16 AM,2020.2,111,224242.2,69292228.40000002
2025-08-01 09:20:17 AM,2017.3,3,6051.9,69298280.30000003
2025-08-01 09:20:18 AM,2017.2,193,389319.60000000003,69687599.90000002
2025-08-01 09:20:19 AM,2017.1,25,50427.5,69738027.40000002
2025-08-01 09:20:19 AM,2019.7,0,0.0,69738027.40000002
2025-08-01 09:20:20 AM,2023.2,658,1331265.6,71069293.00000001
2025-08-01 09:20:20 AM,2022.4,0,0.0,71069293.00000001
2025-08-01 09:20:20 AM,2020.4,67,135366.80000000002,71204659.80000001
2025-08-01 09:20:20 AM,2020.0,0,0.0,71204659.80000001
2025-08-01 09:20:21 AM,2021.4,57,115219.8,71319879.60000001
2025-08-01 09:20:21 AM,2024.8,0,0.0,71319879.60000001
2025-08-01 09:20:21 AM,2024.8,20,40496.0,71360375.60000001
2025-08-01 09:20:22 AM,2029.0,254,515366.0,71875741.60000001
2025-08-01 09:20:22 AM,2025.0,0,0.0,71875741.60000001
2025-08-01 09:20:22 AM,2037.8,3705,7550049.0,79425790.60000001
2025-08-01 09:20:23 AM,2084.3,1088,2267718.4000000004,81693509.00000001
2025-08-01 09:20:23 AM,2084.0,0,0.0,81693509.00000001
2025-08-01 09:20:24 AM,2080.3,98,203869.40000000002,81897378.40000002
2025-08-01 09:20:24 AM,2080.4,1,2080.4,81899458.80000003
2025-08-01 09:20:24 AM,2089.7,0,0.0,81899458.80000003
2025-08-01 09:20:24 AM,2078.1,0,0.0,81899458.80000003
2025-08-01 09:20:25 AM,2074.8,261,541522.8,82440981.60000002
2025-08-01 09:20:25 AM,2074.9,154,319534.60000000003,82760516.20000002
2025-08-01 09:20:25 AM,2056.6,0,0.0,82760516.20000002
2025-08-01 09:20:26 AM,2056.6,203,417489.8,83178006.00000001
2025-08-01 09:20:26 AM,2054.0,7,14378.0,83192384.00000001
2025-08-01 09:20:26 AM,2050.5,0,0.0,83192384.00000001
2025-08-01 09:20:26 AM,2057.5,0,0.0,83192384.00000001
2025-08-01 09:20:27 AM,2042.6,304,620950.4,83813334.40000002
2025-08-01 09:20:27 AM,2044.7,446,911936.2000000001,84725270.60000002
2025-08-01 09:20:27 AM,2038.5,0,0.0,84725270.60000002
2025-08-01 09:20:28 AM,2044.2,134,273922.8,84999193.40000002
2025-08-01 09:20:28 AM,2039.7,56,114223.2,85113416.60000002
2025-08-01 09:20:28 AM,2040.6,0,0.0,85113416.60000002
2025-08-01 09:20:29 AM,2047.3,126,257959.8,85371376.40000002
2025-08-01 09:20:29 AM,2049.4,202,413978.80000000005,85785355.20000002
2025-08-01 09:20:29 AM,2045.6,0,0.0,85785355.20000002
2025-08-01 09:20:30 AM,2045.6,114,233198.4,86018553.60000002
2025-08-01 09:20:30 AM,2040.5,0,0.0,86018553.60000002
2025-08-01 09:20:30 AM,2045.8,0,0.0,86018553.60000002
2025-08-01 09:20:31 AM,2049.1,170,348347.0,86366900.60000002
2025-08-01 09:20:31 AM,2045.6,1,2045.6,86368946.20000002
2025-08-01 09:20:31 AM,2049.0,0,0.0,86368946.20000002
2025-08-01 09:20:32 AM,2040.6,508,1036624.7999999999,87405571.00000001
2025-08-01 09:20:33 AM,2042.7,108,220611.6,87626182.60000001
2025-08-01 09:20:33 AM,2042.4,135,275724.0,87901906.60000001
2025-08-01 09:20:33 AM,2038.0,0,0.0,87901906.60000001
2025-08-01 09:20:34 AM,2039.2,198,403761.60000000003,88305668.2
2025-08-01 09:20:34 AM,2040.7,46,93872.2,88399540.4
2025-08-01 09:20:35 AM,2046.7,420,859614.0,89259154.4
2025-08-01 09:20:35 AM,2049.4,75,153705.0,89412859.4
2025-08-01 09:20:36 AM,2052.7,288,591177.6,90004037.0
2025-08-01 09:20:36 AM,2046.5,0,0.0,90004037.0
2025-08-01 09:20:37 AM,2054.1,39,80109.9,90084146.9
2025-08-01 09:20:37 AM,2055.2,0,0.0,90084146.9
2025-08-01 09:20:37 AM,2057.8,0,0.0,90084146.9
2025-08-01 09:20:38 AM,2057.8,8,16462.4,90100609.30000001
2025-08-01 09:20:38 AM,2057.9,7,14405.300000000001,90115014.60000001
2025-08-01 09:20:38 AM,2064.9,0,0.0,90115014.60000001
2025-08-01 09:20:39 AM,2064.9,56,115634.40000000001,90230649.00000001
2025-08-01 09:20:39 AM,2062.6,94,193884.4,90424533.40000002
2025-08-01 09:20:40 AM,2063.0,22,45386.0,90469919.40000002
2025-08-01 09:20:40 AM,2049.0,0,0.0,90469919.40000002
2025-08-01 09:20:40 AM,2045.0,0,0.0,90469919.40000002
2025-08-01 09:20:41 AM,2042.7,617,1260345.9000000001,91730265.30000003
2025-08-01 09:20:41 AM,2042.7,48,98049.6,91828314.90000002
2025-08-01 09:20:42 AM,2038.5,353,719590.5,92547905.40000002
2025-08-01 09:20:42 AM,2037.2,0,0.0,92547905.40000002
2025-08-01 09:20:42 AM,2038.5,0,0.0,92547905.40000002
2025-08-01 09:20:43 AM,2039.5,1202,2451479.0,94999384.40000002
2025-08-01 09:20:43 AM,2040.4,0,0.0,94999384.40000002
2025-08-01 09:20:44 AM,2040.8,55,112244.0,95111628.40000002
2025-08-01 09:20:44 AM,2043.7,0,0.0,95111628.40000002
2025-08-01 09:20:45 AM,2042.5,492,1004910.0,96116538.40000002
2025-08-01 09:20:45 AM,2043.2,0,0.0,96116538.40000002
2025-08-01 09:20:45 AM,2045.1,0,0.0,96116538.40000002
2025-08-01 09:20:46 AM,2045.1,219,447876.89999999997,96564415.30000003
2025-08-01 09:20:47 AM,2040.0,884,1803360.0,98367775.30000003
2025-08-01 09:20:48 AM,2040.0,12,24480.0,98392255.30000003
2025-08-01 09:20:49 AM,2042.7,8,16341.6,98408596.90000002
2025-08-01 09:20:49 AM,2039.5,0,0.0,98408596.90000002
2025-08-01 09:20:49 AM,2039.5,222,452769.0,98861365.90000002
2025-08-01 09:20:49 AM,2038.0,0,0.0,98861365.90000002
2025-08-01 09:20:50 AM,2040.0,130,265200.0,99126565.90000002
2025-08-01 09:20:51 AM,2040.0,51,104040.0,99230605.90000002
2025-08-01 09:20:51 AM,2030.0,600,1218000.0,100448605.90000002
2025-08-01 09:20:51 AM,2037.3,0,0.0,100448605.90000002
2025-08-01 09:20:52 AM,2037.3,50,101865.0,100550470.90000002
2025-08-01 09:20:52 AM,2035.5,10,20355.0,100570825.90000002
2025-08-01 09:20:52 AM,2036.7,0,0.0,100570825.90000002
2025-08-01 09:20:53 AM,2033.1,93,189078.3,100759904.20000002
2025-08-01 09:20:53 AM,2033.0,200,406600.0,101166504.20000002
2025-08-01 09:20:54 AM,2033.0,1,2033.0,101168537.20000002
2025-08-01 09:20:54 AM,2030.0,0,0.0,101168537.20000002
2025-08-01 09:20:55 AM,2033.8,70,142366.0,101310903.20000002
2025-08-01 09:20:55 AM,2028.1,0,0.0,101310903.20000002
2025-08-01 09:20:56 AM,2028.1,59,119657.9,101430561.10000002
2025-08-01 09:20:56 AM,2031.9,0,0.0,101430561.10000002
2025-08-01 09:20:57 AM,2035.6,176,358265.6,101788826.70000002
2025-08-01 09:20:57 AM,2035.2,2,4070.4,101792897.10000002
2025-08-01 09:20:57 AM,2038.4,0,0.0,101792897.10000002
2025-08-01 09:20:58 AM,2030.6,127,257886.19999999998,102050783.30000003
2025-08-01 09:20:58 AM,2030.0,0,0.0,102050783.30000003
2025-08-01 09:20:59 AM,2030.0,50,101500.0,102152283.30000003
2025-08-01 09:20:59 AM,2034.9,18,36628.200000000004,102188911.50000003
2025-08-01 09:20:59 AM,2030.0,0,0.0,102188911.50000003
2025-08-01 09:21:00 AM,2030.0,53,107590.0,102296501.50000003
2025-08-01 09:21:01 AM,2030.0,2,4060.0,102300561.50000003
2025-08-01 09:21:01 AM,2028.4,0,0.0,102300561.50000003
2025-08-01 09:21:02 AM,2028.4,5,10142.0,102310703.50000003
2025-08-01 09:21:02 AM,2030.0,4,8120.0,102318823.50000003
2025-08-01 09:21:02 AM,2035.0,0,0.0,102318823.50000003
2025-08-01 09:21:03 AM,2035.0,250,508750.0,102827573.50000003
2025-08-01 09:21:03 AM,2030.0,10,20300.0,102847873.50000003
2025-08-01 09:21:04 AM,2036.3,0,0.0,102847873.50000003
2025-08-01 09:21:05 AM,2038.0,100,203800.0,103051673.50000003
2025-08-01 09:21:05 AM,2042.7,0,0.0,103051673.50000003
2025-08-01 09:21:06 AM,2045.1,466,953016.6,104004690.10000002
2025-08-01 09:21:06 AM,2036.3,0,0.0,104004690.10000002
2025-08-01 09:21:07 AM,2037.1,15,30556.5,104035246.60000002
2025-08-01 09:21:07 AM,2042.4,0,0.0,104035246.60000002
2025-08-01 09:21:08 AM,2045.1,375,766912.5,104802159.10000002
2025-08-01 09:21:09 AM,2044.0,222,453768.0,105255927.10000002
2025-08-01 09:21:09 AM,2038.9,0,0.0,105255927.10000002
2025-08-01 09:21:09 AM,2038.9,3,6116.700000000001,105262043.80000003
2025-08-01 09:21:10 AM,2044.7,0,0.0,105262043.80000003
2025-08-01 09:21:10 AM,2039.8,125,254975.0,105517018.80000003
2025-08-01 09:21:11 AM,2045.1,26,53172.6,105570191.40000002
2025-08-01 09:21:11 AM,2037.6,100,203760.0,105773951.40000002
2025-08-01 09:21:12 AM,2040.0,0,0.0,105773951.40000002
2025-08-01 09:21:12 AM,2040.0,542,1105680.0,106879631.40000002
2025-08-01 09:21:14 AM,2040.0,1,2040.0,106881671.40000002
2025-08-01 09:21:15 AM,2040.0,140,285600.0,107167271.40000002
2025-08-01 09:21:15 AM,2040.0,1,2040.0,107169311.40000002
2025-08-01 09:21:16 AM,2040.0,80,163200.0,107332511.40000002
2025-08-01 09:21:16 AM,2040.0,412,840480.0,108172991.40000002
2025-08-01 09:21:17 AM,2040.0,4,8160.0,108181151.40000002
2025-08-01 09:21:17 AM,2040.0,1,2040.0,108183191.40000002
2025-08-01 09:21:17 AM,2037.7,0,0.0,108183191.40000002
2025-08-01 09:21:18 AM,2036.8,192,391065.6,108574257.00000001
2025-08-01 09:21:19 AM,2040.0,30,61200.0,108635457.00000001
2025-08-01 09:21:20 AM,2039.4,16,32630.4,108668087.40000002
2025-08-01 09:21:20 AM,2036.7,2,4073.4,108672160.80000003
2025-08-01 09:21:21 AM,2039.8,26,53034.799999999996,108725195.60000002
2025-08-01 09:21:23 AM,2037.7,4,8150.8,108733346.40000002
2025-08-01 09:21:24 AM,2039.8,0,0.0,108733346.40000002
2025-08-01 09:21:24 AM,2039.8,4,8159.2,108741505.60000002
2025-08-01 09:21:25 AM,2037.7,0,0.0,108741505.60000002
2025-08-01 09:21:25 AM,2037.7,30,61131.0,108802636.60000002
2025-08-01 09:21:26 AM,2039.8,0,0.0,108802636.60000002
2025-08-01 09:21:26 AM,2039.8,13,26517.399999999998,108829154.00000003
2025-08-01 09:21:27 AM,2037.7,0,0.0,108829154.00000003
2025-08-01 09:21:28 AM,2037.7,50,101885.0,108931039.00000003
2025-08-01 09:21:28 AM,2039.0,0,0.0,108931039.00000003
2025-08-01 09:21:29 AM,2039.0,1,2039.0,108933078.00000003
2025-08-01 09:21:29 AM,2037.7,16,32603.2,108965681.20000003
2025-08-01 09:21:31 AM,2039.0,10,20390.0,108986071.20000003
2025-08-01 09:21:32 AM,2037.7,300,611310.0,109597381.20000003
2025-08-01 09:21:33 AM,2040.0,1,2040.0,109599421.20000003
2025-08-01 09:21:33 AM,2037.7,0,0.0,109599421.20000003
2025-08-01 09:21:33 AM,2037.7,50,101885.0,109701306.20000003
2025-08-01 09:21:34 AM,2037.7,578,1177790.6,110879096.80000003
2025-08-01 09:21:34 AM,2033.0,0,0.0,110879096.80000003
2025-08-01 09:21:34 AM,2033.0,143,290719.0,111169815.80000003
2025-08-01 09:21:35 AM,2036.7,2,4073.4,111173889.20000003
2025-08-01 09:21:36 AM,2032.0,100,203200.0,111377089.20000003
2025-08-01 09:21:38 AM,2030.0,220,446600.0,111823689.20000003
2025-08-01 09:21:38 AM,2030.3,0,0.0,111823689.20000003
2025-08-01 09:21:38 AM,2030.3,234,475090.2,112298779.40000004
2025-08-01 09:21:39 AM,2030.2,50,101510.0,112400289.40000004
2025-08-01 09:21:39 AM,2030.0,0,0.0,112400289.40000004
2025-08-01 09:21:40 AM,2030.0,54,109620.0,112509909.40000004
2025-08-01 09:21:40 AM,2035.0,115,234025.0,112743934.40000004
2025-08-01 09:21:41 AM,2030.4,8,16243.2,112760177.60000004
2025-08-01 09:21:41 AM,2034.8,0,0.0,112760177.60000004
2025-08-01 09:21:42 AM,2036.8,108,219974.4,112980152.00000004
2025-08-01 09:21:42 AM,2030.5,0,0.0,112980152.00000004
2025-08-01 09:21:43 AM,2030.5,1,2030.5,112982182.50000004
2025-08-01 09:21:43 AM,2036.1,0,0.0,112982182.50000004
2025-08-01 09:21:44 AM,2036.1,25,50902.5,113033085.00000004
2025-08-01 09:21:44 AM,2031.7,6,12190.2,113045275.20000005
2025-08-01 09:21:46 AM,2030.0,664,1347920.0,114393195.20000005
2025-08-01 09:21:46 AM,2030.2,10,20302.0,114413497.20000005
2025-08-01 09:21:46 AM,2030.0,0,0.0,114413497.20000005
2025-08-01 09:21:47 AM,2030.0,50,101500.0,114514997.20000005
2025-08-01 09:21:48 AM,2030.0,2,4060.0,114519057.20000005
2025-08-01 09:21:49 AM,2030.0,51,103530.0,114622587.20000005
2025-08-01 09:21:50 AM,2030.0,233,472990.0,115095577.20000005
2025-08-01 09:21:51 AM,2033.0,41,83353.0,115178930.20000005
2025-08-01 09:21:51 AM,2027.3,50,101365.0,115280295.20000005
2025-08-01 09:21:52 AM,2030.0,0,0.0,115280295.20000005
2025-08-01 09:21:52 AM,2030.0,9,18270.0,115298565.20000005
2025-08-01 09:21:55 AM,2027.3,110,223003.0,115521568.20000005
2025-08-01 09:21:55 AM,2027.5,0,0.0,115521568.20000005
2025-08-01 09:21:56 AM,2027.5,50,101375.0,115622943.20000005
2025-08-01 09:21:56 AM,2027.5,5,10137.5,115633080.70000005
2025-08-01 09:21:56 AM,2030.0,0,0.0,115633080.70000005
2025-08-01 09:21:57 AM,2030.0,1,2030.0,115635110.70000005
2025-08-01 09:21:57 AM,2030.0,6,12180.0,115647290.70000005
2025-08-01 09:21:58 AM,2030.0,80,162400.0,115809690.70000005
2025-08-01 09:21:59 AM,2031.1,5,10155.5,115819846.20000005
2025-08-01 09:21:59 AM,2031.1,1,2031.1,115821877.30000004
2025-08-01 09:22:03 AM,2032.9,0,0.0,115821877.30000004
2025-08-01 09:22:04 AM,2033.1,1282,2606434.1999999997,118428311.50000004
2025-08-01 09:22:06 AM,2036.8,122,248489.6,118676801.10000004
2025-08-01 09:22:07 AM,2031.5,0,0.0,118676801.10000004
2025-08-01 09:22:10 AM,2036.8,0,0.0,118676801.10000004
2025-08-01 09:22:12 AM,2035.5,1587,3230338.5,121907139.60000004
2025-08-01 09:22:13 AM,2032.1,36,73155.59999999999,121980295.20000003
2025-08-01 09:22:14 AM,2035.5,0,0.0,121980295.20000003
2025-08-01 09:22:17 AM,2030.3,0,0.0,121980295.20000003
2025-08-01 09:22:20 AM,2034.5,408,830076.0,122810371.20000003
2025-08-01 09:22:21 AM,2031.2,7,14218.4,122824589.60000004
2025-08-01 09:22:24 AM,2031.1,0,0.0,122824589.60000004
2025-08-01 09:22:27 AM,2030.9,1124,2282731.6,125107321.20000003
2025-08-01 09:22:28 AM,2032.5,0,0.0,125107321.20000003
2025-08-01 09:22:29 AM,2032.5,95,193087.5,125300408.70000003
2025-08-01 09:22:31 AM,2031.1,0,0.0,125300408.70000003
2025-08-01 09:22:35 AM,2030.0,205,416150.0,125716558.70000003
2025-08-01 09:22:36 AM,2030.9,0,0.0,125716558.70000003
2025-08-01 09:22:37 AM,2030.9,4351,8836445.9,134553004.60000002
2025-08-01 09:22:38 AM,2034.5,0,0.0,134553004.60000002
2025-08-01 09:22:43 AM,2039.9,1031,2103136.9,136656141.50000003
2025-08-01 09:22:43 AM,2040.3,0,0.0,136656141.50000003
2025-08-01 09:22:44 AM,2036.9,20,40738.0,136696879.50000003
2025-08-01 09:22:49 AM,2032.2,0,0.0,136696879.50000003
2025-08-01 09:22:50 AM,2032.3,305,619851.5,137316731.00000003
2025-08-01 09:22:52 AM,2035.2,116,236083.2,137552814.20000002
2025-08-01 09:22:55 AM,2033.8,0,0.0,137552814.20000002
2025-08-01 09:22:57 AM,2030.1,0,0.0,137552814.20000002
2025-08-01 09:22:58 AM,2033.1,333,677022.2999999999,138229836.50000003
2025-08-01 09:23:00 AM,2032.3,356,723498.7999999999,138953335.30000004
2025-08-01 09:23:00 AM,2035.8,11,22393.8,138975729.10000005
2025-08-01 09:23:01 AM,2035.6,0,0.0,138975729.10000005
2025-08-01 09:23:01 AM,2035.6,6,12213.599999999999,138987942.70000005
2025-08-01 09:23:02 AM,2032.3,0,0.0,138987942.70000005
2025-08-01 09:23:03 AM,2035.8,0,0.0,138987942.70000005
2025-08-01 09:23:03 AM,2035.8,701,1427095.8,140415038.50000006
2025-08-01 09:23:04 AM,2034.8,0,0.0,140415038.50000006
2025-08-01 09:23:04 AM,2034.8,115,234002.0,140649040.50000006
2025-08-01 09:23:05 AM,2035.7,0,0.0,140649040.50000006
2025-08-01 09:23:05 AM,2035.7,64,130284.8,140779325.30000007
2025-08-01 09:23:05 AM,2033.8,165,335577.0,141114902.30000007
2025-08-01 09:23:08 AM,2039.1,15,30586.5,141145488.80000007
2025-08-01 09:23:09 AM,2035.0,70,142450.0,141287938.80000007
2025-08-01 09:23:11 AM,2038.8,2,4077.6,141292016.40000007
2025-08-01 09:23:13 AM,2038.7,10,20387.0,141312403.40000007
2025-08-01 09:23:14 AM,2033.6,0,0.0,141312403.40000007
2025-08-01 09:23:15 AM,2033.6,200,406720.0,141719123.40000007
2025-08-01 09:23:16 AM,2037.2,0,0.0,141719123.40000007
2025-08-01 09:23:17 AM,2037.2,25,50930.0,141770053.40000007
2025-08-01 09:23:17 AM,2033.9,4,8135.6,141778189.00000006
2025-08-01 09:23:18 AM,2035.9,6,12215.400000000001,141790404.40000007
2025-08-01 09:23:19 AM,2035.9,6,12215.400000000001,141802619.80000007
2025-08-01 09:23:20 AM,2035.9,1,2035.9,141804655.70000008
2025-08-01 09:23:21 AM,2035.0,0,0.0,141804655.70000008
2025-08-01 09:23:22 AM,2035.0,54,109890.0,141914545.70000008
2025-08-01 09:23:23 AM,2037.8,44,89663.2,142004208.90000007
2025-08-01 09:23:23 AM,2037.7,0,0.0,142004208.90000007
2025-08-01 09:23:24 AM,2034.2,20,40684.0,142044892.90000007
2025-08-01 09:23:24 AM,2036.3,20,40726.0,142085618.90000007
2025-08-01 09:23:26 AM,2037.4,0,0.0,142085618.90000007
2025-08-01 09:23:27 AM,2035.0,24,48840.0,142134458.90000007
2025-08-01 09:23:30 AM,2037.8,5,10189.0,142144647.90000007
2025-08-01 09:23:31 AM,2034.7,53,107839.1,142252487.00000006
2025-08-01 09:23:32 AM,2035.0,89,181115.0,142433602.00000006
2025-08-01 09:23:32 AM,2033.9,0,0.0,142433602.00000006
2025-08-01 09:23:33 AM,2038.1,167,340362.7,142773964.70000005
2025-08-01 09:23:34 AM,2038.7,0,0.0,142773964.70000005
2025-08-01 09:23:35 AM,2036.7,16,32587.2,142806551.90000004
2025-08-01 09:23:36 AM,2038.0,0,0.0,142806551.90000004
2025-08-01 09:23:37 AM,2038.0,238,485044.0,143291595.90000004
2025-08-01 09:23:37 AM,2040.6,0,0.0,143291595.90000004
2025-08-01 09:23:38 AM,2038.3,11,22421.3,143314017.20000005
2025-08-01 09:23:38 AM,2038.3,50,101915.0,143415932.20000005
2025-08-01 09:23:39 AM,2037.4,25,50935.0,143466867.20000005
2025-08-01 09:23:40 AM,2041.4,12,24496.800000000003,143491364.00000006
2025-08-01 09:23:40 AM,2042.0,0,0.0,143491364.00000006
2025-08-01 09:23:41 AM,2040.6,53,108151.79999999999,143599515.80000007
2025-08-01 09:23:42 AM,2040.0,246,501840.0,144101355.80000007
2025-08-01 09:23:43 AM,2044.7,20,40894.0,144142249.80000007
2025-08-01 09:23:43 AM,2045.6,0,0.0,144142249.80000007
2025-08-01 09:23:44 AM,2049.4,518,1061589.2,145203839.00000006
2025-08-01 09:23:44 AM,2045.4,15,30681.0,145234520.00000006
2025-08-01 09:23:45 AM,2048.2,7,14337.399999999998,145248857.40000007
2025-08-01 09:23:46 AM,2044.7,11,22491.7,145271349.10000005
2025-08-01 09:23:48 AM,2043.9,29,59273.100000000006,145330622.20000005
2025-08-01 09:23:48 AM,2047.7,0,0.0,145330622.20000005
2025-08-01 09:23:49 AM,2048.0,37,75776.0,145406398.20000005
2025-08-01 09:23:49 AM,2048.0,10,20480.0,145426878.20000005
2025-08-01 09:23:49 AM,2044.7,0,0.0,145426878.20000005
2025-08-01 09:23:49 AM,2045.0,0,0.0,145426878.20000005
2025-08-01 09:23:50 AM,2045.0,837,1711665.0,147138543.20000005
2025-08-01 09:23:50 AM,2049.5,0,0.0,147138543.20000005
2025-08-01 09:23:51 AM,2049.5,227,465236.5,147603779.70000005
2025-08-01 09:23:51 AM,2056.1,22,45234.2,147649013.90000004
2025-08-01 09:23:51 AM,2055.1,0,0.0,147649013.90000004
2025-08-01 09:23:51 AM,2050.0,0,0.0,147649013.90000004
2025-08-01 09:23:52 AM,2050.0,36,73800.0,147722813.90000004
2025-08-01 09:23:52 AM,2051.2,0,0.0,147722813.90000004
2025-08-01 09:23:53 AM,2051.2,106,217427.19999999998,147940241.10000002
2025-08-01 09:23:53 AM,2050.8,20,41016.0,147981257.10000002
2025-08-01 09:23:53 AM,2050.0,0,0.0,147981257.10000002
2025-08-01 09:23:54 AM,2050.0,102,209100.0,148190357.10000002
2025-08-01 09:23:54 AM,2053.6,0,0.0,148190357.10000002
2025-08-01 09:23:55 AM,2053.4,64,131417.6,148321774.70000002
2025-08-01 09:23:55 AM,2055.8,25,51395.00000000001,148373169.70000002
2025-08-01 09:23:55 AM,2059.1,0,0.0,148373169.70000002
2025-08-01 09:23:55 AM,2055.2,0,0.0,148373169.70000002
2025-08-01 09:23:56 AM,2055.2,101,207575.19999999998,148580744.9
2025-08-01 09:23:56 AM,2051.6,0,0.0,148580744.9
2025-08-01 09:23:57 AM,2055.4,7,14387.800000000001,148595132.70000002
2025-08-01 09:23:57 AM,2051.8,1,2051.8,148597184.50000003
2025-08-01 09:23:57 AM,2059.5,0,0.0,148597184.50000003
2025-08-01 09:23:58 AM,2059.5,98,201831.0,148799015.50000003
2025-08-01 09:23:58 AM,2055.3,1,2055.3,148801070.80000004
2025-08-01 09:23:59 AM,2055.2,8,16441.6,148817512.40000004
2025-08-01 09:23:59 AM,2050.6,0,0.0,148817512.40000004
2025-08-01 09:24:00 AM,2050.6,93,190705.8,149008218.20000005
2025-08-01 09:24:00 AM,2053.3,280,574924.0,149583142.20000005
2025-08-01 09:24:00 AM,2054.9,0,0.0,149583142.20000005
2025-08-01 09:24:01 AM,2055.0,3,6165.0,149589307.20000005
2025-08-01 09:24:01 AM,2055.6,0,0.0,149589307.20000005
2025-08-01 09:24:02 AM,2055.6,56,115113.59999999999,149704420.80000004
2025-08-01 09:24:02 AM,2055.8,10,20558.0,149724978.80000004
2025-08-01 09:24:03 AM,2054.9,6,12329.400000000001,149737308.20000005
2025-08-01 09:24:03 AM,2051.8,81,166195.80000000002,149903504.00000006
2025-08-01 09:24:03 AM,2054.0,0,0.0,149903504.00000006
2025-08-01 09:24:04 AM,2055.8,518,1064904.4000000001,150968408.40000007
2025-08-01 09:24:04 AM,2054.4,100,205440.0,151173848.40000007
2025-08-01 09:24:04 AM,2058.6,0,0.0,151173848.40000007
2025-08-01 09:24:05 AM,2054.3,11,22597.300000000003,151196445.70000008
2025-08-01 09:24:05 AM,2054.0,50,102700.0,151299145.70000008
2025-08-01 09:24:06 AM,2055.2,26,53435.2,151352580.90000007
2025-08-01 09:24:06 AM,2058.5,0,0.0,151352580.90000007
2025-08-01 09:24:06 AM,2058.5,9,18526.5,151371107.40000007
2025-08-01 09:24:06 AM,2055.0,0,0.0,151371107.40000007
2025-08-01 09:24:07 AM,2055.0,51,104805.0,151475912.40000007
2025-08-01 09:24:07 AM,2060.0,0,0.0,151475912.40000007
2025-08-01 09:24:07 AM,2057.6,0,0.0,151475912.40000007
2025-08-01 09:24:08 AM,2057.6,315,648144.0,152124056.40000007
2025-08-01 09:24:08 AM,2056.3,40,82252.0,152206308.40000007
2025-08-01 09:24:09 AM,2056.7,0,0.0,152206308.40000007
2025-08-01 09:24:10 AM,2058.6,167,343786.2,152550094.60000005
2025-08-01 09:24:10 AM,2056.4,200,411280.0,152961374.60000005
2025-08-01 09:24:10 AM,2061.1,0,0.0,152961374.60000005
2025-08-01 09:24:11 AM,2060.0,60,123600.0,153084974.60000005
2025-08-01 09:24:11 AM,2060.4,40,82416.0,153167390.60000005
2025-08-01 09:24:12 AM,2061.5,50,103075.0,153270465.60000005
2025-08-01 09:24:12 AM,2055.0,255,524025.0,153794490.60000005
2025-08-01 09:24:13 AM,2058.8,10,20588.0,153815078.60000005
2025-08-01 09:24:14 AM,2055.3,2,4110.6,153819189.20000005
2025-08-01 09:24:14 AM,2060.0,0,0.0,153819189.20000005
2025-08-01 09:24:15 AM,2060.0,100,206000.0,154025189.20000005
2025-08-01 09:24:15 AM,2055.6,0,0.0,154025189.20000005
2025-08-01 09:24:16 AM,2055.7,115,236405.49999999997,154261594.70000005
2025-08-01 09:24:16 AM,2055.7,5,10278.5,154271873.20000005
2025-08-01 09:24:17 AM,2058.0,295,607110.0,154878983.20000005
2025-08-01 09:24:17 AM,2055.6,1,2055.6,154881038.80000004
2025-08-01 09:24:18 AM,2056.2,10,20562.0,154901600.80000004
2025-08-01 09:24:19 AM,2055.0,387,795285.0,155696885.80000004
2025-08-01 09:24:19 AM,2060.0,0,0.0,155696885.80000004
2025-08-01 09:24:20 AM,2060.0,150,309000.0,156005885.80000004
2025-08-01 09:24:20 AM,2056.0,1,2056.0,156007941.80000004
2025-08-01 09:24:21 AM,2052.9,422,866323.8,156874265.60000005
2025-08-01 09:24:21 AM,2054.5,0,0.0,156874265.60000005
2025-08-01 09:24:21 AM,2057.9,0,0.0,156874265.60000005
2025-08-01 09:24:22 AM,2057.9,19,39100.1,156913365.70000005
2025-08-01 09:24:22 AM,2058.2,20,41164.0,156954529.70000005
2025-08-01 09:24:23 AM,2055.0,24,49320.0,157003849.70000005
2025-08-01 09:24:23 AM,2053.5,0,0.0,157003849.70000005
2025-08-01 09:24:24 AM,2058.7,450,926414.9999999999,157930264.70000005
2025-08-01 09:24:25 AM,2059.4,31,63841.4,157994106.10000005
2025-08-01 09:24:25 AM,2060.0,0,0.0,157994106.10000005
2025-08-01 09:24:26 AM,2060.0,525,1081500.0,159075606.10000005
2025-08-01 09:24:26 AM,2060.0,10,20600.0,159096206.10000005
2025-08-01 09:24:26 AM,2059.8,0,0.0,159096206.10000005
2025-08-01 09:24:26 AM,2055.1,0,0.0,159096206.10000005
2025-08-01 09:24:27 AM,2057.6,197,405347.19999999995,159501553.30000004
2025-08-01 09:24:27 AM,2057.7,6,12346.199999999999,159513899.50000003
2025-08-01 09:24:27 AM,2054.3,0,0.0,159513899.50000003
2025-08-01 09:24:28 AM,2057.7,101,207827.69999999998,159721727.20000002
2025-08-01 09:24:28 AM,2060.0,0,0.0,159721727.20000002
2025-08-01 09:24:29 AM,2051.8,1303,2673495.4000000004,162395222.60000002
2025-08-01 09:24:30 AM,2053.5,2,4107.0,162399329.60000002
2025-08-01 09:24:31 AM,2056.8,0,0.0,162399329.60000002
2025-08-01 09:24:31 AM,2057.4,70,144018.0,162543347.60000002
2025-08-01 09:24:32 AM,2054.4,0,0.0,162543347.60000002
2025-08-01 09:24:33 AM,2054.4,85,174624.0,162717971.60000002
2025-08-01 09:24:33 AM,2056.2,0,0.0,162717971.60000002
2025-08-01 09:24:34 AM,2051.8,191,391893.80000000005,163109865.40000004
2025-08-01 09:24:34 AM,2056.1,0,0.0,163109865.40000004
2025-08-01 09:24:35 AM,2056.1,50,102805.0,163212670.40000004
2025-08-01 09:24:35 AM,2055.7,0,0.0,163212670.40000004
2025-08-01 09:24:36 AM,2051.8,35,71813.0,163284483.40000004
2025-08-01 09:24:36 AM,2056.2,71,145990.19999999998,163430473.60000002
2025-08-01 09:24:36 AM,2051.9,0,0.0,163430473.60000002
2025-08-01 09:24:37 AM,2051.9,10,20519.0,163450992.60000002
2025-08-01 09:24:37 AM,2057.9,0,0.0,163450992.60000002
2025-08-01 09:24:38 AM,2057.9,175,360132.5,163811125.10000002
2025-08-01 09:24:38 AM,2050.0,1173,2404650.0,166215775.10000002
2025-08-01 09:24:38 AM,2049.9,0,0.0,166215775.10000002
2025-08-01 09:24:38 AM,2049.9,65,133243.5,166349018.60000002
2025-08-01 09:24:39 AM,2049.7,105,215218.49999999997,166564237.10000002
2025-08-01 09:24:39 AM,2045.5,0,0.0,166564237.10000002
2025-08-01 09:24:39 AM,2045.5,50,102275.0,166666512.10000002
2025-08-01 09:24:40 AM,2042.0,348,710616.0,167377128.10000002
2025-08-01 09:24:42 AM,2045.1,0,0.0,167377128.10000002
2025-08-01 09:24:42 AM,2045.1,119,243366.9,167620495.00000003
2025-08-01 09:24:43 AM,2045.1,7,14315.699999999999,167634810.70000002
2025-08-01 09:24:44 AM,2042.1,0,0.0,167634810.70000002
2025-08-01 09:24:44 AM,2042.1,1,2042.1,167636852.8
2025-08-01 09:24:45 AM,2041.5,0,0.0,167636852.8
2025-08-01 09:24:45 AM,2041.5,123,251104.5,167887957.3
2025-08-01 09:24:46 AM,2041.0,1,2041.0,167889998.3
2025-08-01 09:24:46 AM,2040.0,0,0.0,167889998.3
2025-08-01 09:24:47 AM,2040.0,85,173400.0,168063398.3
2025-08-01 09:24:47 AM,2040.0,251,512040.0,168575438.3
2025-08-01 09:24:49 AM,2042.0,0,0.0,168575438.3
2025-08-01 09:24:50 AM,2042.0,24,49008.0,168624446.3
2025-08-01 09:24:50 AM,2041.0,11,22451.0,168646897.3
2025-08-01 09:24:51 AM,2041.0,31,63271.0,168710168.3
2025-08-01 09:24:52 AM,2042.0,5,10210.0,168720378.3
2025-08-01 09:24:52 AM,2042.0,87,177654.0,168898032.3
2025-08-01 09:24:53 AM,2041.0,1,2041.0,168900073.3
2025-08-01 09:24:55 AM,2041.0,10,20410.0,168920483.3
2025-08-01 09:24:56 AM,2041.0,16,32656.0,168953139.3
2025-08-01 09:24:57 AM,2042.0,469,957698.0,169910837.3
2025-08-01 09:24:58 AM,2042.0,16,32672.0,169943509.3
2025-08-01 09:24:59 AM,2041.0,1,2041.0,169945550.3
2025-08-01 09:25:00 AM,2038.8,76,154948.8,170100499.10000002
2025-08-01 09:25:00 AM,2038.3,0,0.0,170100499.10000002
2025-08-01 09:25:00 AM,2038.3,50,101915.0,170202414.10000002
2025-08-01 09:25:01 AM,2041.8,11,22459.8,170224873.90000004
2025-08-01 09:25:01 AM,2041.0,10,20410.0,170245283.90000004
2025-08-01 09:25:02 AM,2041.0,35,71435.0,170316718.90000004
2025-08-01 09:25:03 AM,2040.7,15,30610.5,170347329.40000004
2025-08-01 09:25:04 AM,2040.8,61,124488.8,170471818.20000005
2025-08-01 09:25:05 AM,2038.4,1,2038.4,170473856.60000005
2025-08-01 09:25:06 AM,2038.3,8,16306.4,170490163.00000006
2025-08-01 09:25:06 AM,2036.7,0,0.0,170490163.00000006
2025-08-01 09:25:07 AM,2036.7,281,572312.7000000001,171062475.70000005
2025-08-01 09:25:07 AM,2040.6,42,85705.2,171148180.90000004
2025-08-01 09:25:08 AM,2040.6,21,42852.6,171191033.50000003
2025-08-01 09:25:08 AM,2039.0,4,8156.0,171199189.50000003
2025-08-01 09:25:09 AM,2040.0,5,10200.0,171209389.50000003
2025-08-01 09:25:11 AM,2039.9,28,57117.200000000004,171266506.70000002
2025-08-01 09:25:12 AM,2039.9,10,20399.0,171286905.70000002
2025-08-01 09:25:13 AM,2039.0,89,181471.0,171468376.70000002
2025-08-01 09:25:13 AM,2039.0,18,36702.0,171505078.70000002
2025-08-01 09:25:15 AM,2039.9,10,20399.0,171525477.70000002
2025-08-01 09:25:16 AM,2040.0,35,71400.0,171596877.70000002
2025-08-01 09:25:16 AM,2037.2,0,0.0,171596877.70000002
2025-08-01 09:25:16 AM,2037.2,50,101860.0,171698737.70000002
2025-08-01 09:25:17 AM,2037.0,25,50925.0,171749662.70000002
2025-08-01 09:25:18 AM,2037.1,106,215932.59999999998,171965595.3
2025-08-01 09:25:19 AM,2039.0,1,2039.0,171967634.3
2025-08-01 09:25:19 AM,2037.1,0,0.0,171967634.3
2025-08-01 09:25:20 AM,2037.1,10,20371.0,171988005.3
2025-08-01 09:25:20 AM,2037.0,20,40740.0,172028745.3
2025-08-01 09:25:21 AM,2038.7,0,0.0,172028745.3
2025-08-01 09:25:22 AM,2038.7,7,14270.9,172043016.20000002
2025-08-01 09:25:22 AM,2037.1,10,20371.0,172063387.20000002
2025-08-01 09:25:23 AM,2037.0,15,30555.0,172093942.20000002
2025-08-01 09:25:24 AM,2039.0,25,50975.0,172144917.20000002
2025-08-01 09:25:24 AM,2035.7,0,0.0,172144917.20000002
2025-08-01 09:25:25 AM,2035.7,300,610710.0,172755627.20000002
2025-08-01 09:25:26 AM,2019.8,5076,10252504.799999999,183008132.00000003
2025-08-01 09:25:27 AM,2023.2,1,2023.2,183010155.20000002
2025-08-01 09:25:28 AM,2019.2,51,102979.2,183113134.4
2025-08-01 09:25:28 AM,2020.0,0,0.0,183113134.4
2025-08-01 09:25:29 AM,2019.8,276,557464.7999999999,183670599.20000002
2025-08-01 09:25:30 AM,2019.6,1,2019.6,183672618.8
2025-08-01 09:25:30 AM,2019.8,39,78772.2,183751391.0
2025-08-01 09:25:30 AM,2020.0,0,0.0,183751391.0
2025-08-01 09:25:31 AM,2019.2,106,214035.2,183965426.2
2025-08-01 09:25:32 AM,2022.4,18,36403.200000000004,184001829.39999998
2025-08-01 09:25:32 AM,2019.8,0,0.0,184001829.39999998
2025-08-01 09:25:33 AM,2019.8,5,10099.0,184011928.39999998
2025-08-01 09:25:33 AM,2019.0,90,181710.0,184193638.39999998
2025-08-01 09:25:34 AM,2023.5,250,505875.0,184699513.39999998
2025-08-01 09:25:34 AM,2022.9,30,60687.0,184760200.39999998
2025-08-01 09:25:34 AM,2022.7,0,0.0,184760200.39999998
2025-08-01 09:25:35 AM,2020.0,267,539340.0,185299540.39999998
2025-08-01 09:25:36 AM,2022.8,2,4045.6,185303585.99999997
2025-08-01 09:25:36 AM,2020.5,14,28287.0,185331872.99999997
2025-08-01 09:25:37 AM,2020.7,10,20207.0,185352079.99999997
2025-08-01 09:25:38 AM,2021.3,70,141491.0,185493570.99999997
2025-08-01 09:25:38 AM,2021.4,1,2021.4,185495592.39999998
2025-08-01 09:25:39 AM,2021.7,53,107150.1,185602742.49999997
2025-08-01 09:25:39 AM,2021.6,0,0.0,185602742.49999997
2025-08-01 09:25:40 AM,2024.2,71,143718.2,185746460.69999996
2025-08-01 09:25:41 AM,2021.3,150,303195.0,186049655.69999996
2025-08-01 09:25:42 AM,2024.1,0,0.0,186049655.69999996
2025-08-01 09:25:43 AM,2024.1,509,1030266.8999999999,187079922.59999996
2025-08-01 09:25:43 AM,2023.1,67,135547.69999999998,187215470.29999995
2025-08-01 09:25:44 AM,2024.4,121,244952.40000000002,187460422.69999996
2025-08-01 09:25:46 AM,2024.0,2,4048.0,187464470.69999996
2025-08-01 09:25:46 AM,2025.0,0,0.0,187464470.69999996
2025-08-01 09:25:47 AM,2025.0,22,44550.0,187509020.69999996
2025-08-01 09:25:47 AM,2025.6,10,20256.0,187529276.69999996
2025-08-01 09:25:48 AM,2026.6,25,50665.0,187579941.69999996
2025-08-01 09:25:49 AM,2024.0,165,333960.0,187913901.69999996
2025-08-01 09:25:49 AM,2023.0,105,212415.0,188126316.69999996
2025-08-01 09:25:50 AM,2023.6,165,333894.0,188460210.69999996
2025-08-01 09:25:50 AM,2023.8,0,0.0,188460210.69999996
2025-08-01 09:25:51 AM,2020.0,127,256540.0,188716750.69999996
2025-08-01 09:25:52 AM,2020.0,20,40400.0,188757150.69999996
2025-08-01 09:25:52 AM,2019.0,0,0.0,188757150.69999996
2025-08-01 09:25:53 AM,2019.2,457,922774.4,189679925.09999996
2025-08-01 09:25:54 AM,2019.9,10,20199.0,189700124.09999996
2025-08-01 09:25:54 AM,2019.2,0,0.0,189700124.09999996
2025-08-01 09:25:54 AM,2019.1,0,0.0,189700124.09999996
2025-08-01 09:25:55 AM,2019.8,520,1050296.0,190750420.09999996
2025-08-01 09:25:55 AM,2019.3,0,0.0,190750420.09999996
2025-08-01 09:25:55 AM,2019.3,15,30289.5,190780709.59999996
2025-08-01 09:25:56 AM,2020.0,0,0.0,190780709.59999996
2025-08-01 09:25:57 AM,2020.0,100,202000.0,190982709.59999996
2025-08-01 09:25:57 AM,2014.2,684,1377712.8,192360422.39999998
2025-08-01 09:25:57 AM,2017.8,0,0.0,192360422.39999998
2025-08-01 09:25:58 AM,2017.8,30,60534.0,192420956.39999998
2025-08-01 09:25:58 AM,2018.5,50,100925.0,192521881.39999998
2025-08-01 09:25:58 AM,2014.7,0,0.0,192521881.39999998
2025-08-01 09:25:59 AM,2014.7,2,4029.4,192525910.79999998
2025-08-01 09:26:00 AM,2014.0,253,509542.0,193035452.79999998
2025-08-01 09:26:00 AM,2009.7,0,0.0,193035452.79999998
2025-08-01 09:26:01 AM,2009.7,1562,3139151.4,196174604.2
2025-08-01 09:26:01 AM,2010.7,15,30160.5,196204764.7
2025-08-01 09:26:01 AM,2010.8,1,2010.8,196206775.5
2025-08-01 09:26:01 AM,2011.7,0,0.0,196206775.5
2025-08-01 09:26:02 AM,2011.6,59,118684.4,196325459.9
2025-08-01 09:26:02 AM,2008.1,0,0.0,196325459.9
2025-08-01 09:26:02 AM,2008.1,1,2008.1,196327468.0
2025-08-01 09:26:03 AM,2005.0,926,1856630.0,198184098.0
2025-08-01 09:26:03 AM,2009.0,0,0.0,198184098.0
2025-08-01 09:26:03 AM,2009.0,11,22099.0,198206197.0
2025-08-01 09:26:04 AM,2007.6,5,10038.0,198216235.0
2025-08-01 09:26:04 AM,2007.7,0,0.0,198216235.0
2025-08-01 09:26:05 AM,2000.2,672,1344134.4000000001,199560369.4
2025-08-01 09:26:05 AM,2000.8,0,0.0,199560369.4
2025-08-01 09:26:05 AM,2000.8,5,10004.0,199570373.4
2025-08-01 09:26:06 AM,2003.5,124,248434.0,199818807.4
2025-08-01 09:26:07 AM,2003.7,182,364673.4,200183480.8
2025-08-01 09:26:07 AM,2000.0,0,0.0,200183480.8
2025-08-01 09:26:07 AM,2000.0,880,1760000.0,201943480.8
2025-08-01 09:26:08 AM,2000.0,55,110000.0,202053480.8
2025-08-01 09:26:09 AM,2002.8,60,120168.0,202173648.8
2025-08-01 09:26:09 AM,2000.1,26,52002.6,202225651.4
2025-08-01 09:26:09 AM,2000.0,0,0.0,202225651.4
2025-08-01 09:26:10 AM,2000.8,1583,3167266.4,205392917.8
2025-08-01 09:26:10 AM,2001.8,4,8007.2,205400925.0
2025-08-01 09:26:11 AM,1997.7,182,363581.4,205764506.4
2025-08-01 09:26:11 AM,2000.6,9,18005.399999999998,205782511.8
2025-08-01 09:26:11 AM,2000.0,0,0.0,205782511.8
2025-08-01 09:26:12 AM,1998.8,423,845492.4,206628004.20000002
2025-08-01 09:26:12 AM,2000.0,2,4000.0,206632004.20000002
2025-08-01 09:26:13 AM,1994.8,1068,2130446.4,208762450.60000002
2025-08-01 09:26:13 AM,1982.2,1305,2586771.0,211349221.60000002
2025-08-01 09:26:14 AM,1992.3,936,1864792.8,213214014.40000004
2025-08-01 09:26:14 AM,1988.5,20,39770.0,213253784.40000004
2025-08-01 09:26:15 AM,1994.5,90,179505.0,213433289.40000004
2025-08-01 09:26:15 AM,1984.4,967,1918914.8,215352204.20000005
2025-08-01 09:26:16 AM,1982.2,131,259668.2,215611872.40000004
2025-08-01 09:26:16 AM,1981.1,0,0.0,215611872.40000004
2025-08-01 09:26:17 AM,1981.1,3,5943.299999999999,215617815.70000005
2025-08-01 09:26:17 AM,1980.1,0,0.0,215617815.70000005
2025-08-01 09:26:18 AM,1984.6,1228,2437088.8,218054904.50000006
2025-08-01 09:26:18 AM,1981.2,32,63398.4,218118302.90000007
2025-08-01 09:26:18 AM,1984.5,0,0.0,218118302.90000007
2025-08-01 09:26:19 AM,1983.7,9,17853.3,218136156.20000008
2025-08-01 09:26:19 AM,1980.4,240,475296.0,218611452.20000008
2025-08-01 09:26:19 AM,1984.4,0,0.0,218611452.20000008
2025-08-01 09:26:20 AM,1980.0,432,855360.0,219466812.20000008
2025-08-01 09:26:20 AM,1980.0,10,19800.0,219486612.20000008
2025-08-01 09:26:20 AM,1983.4,0,0.0,219486612.20000008
2025-08-01 09:26:21 AM,1983.2,232,460102.4,219946714.60000008
2025-08-01 09:26:21 AM,1983.2,25,49580.0,219996294.60000008
2025-08-01 09:26:21 AM,1983.0,0,0.0,219996294.60000008
2025-08-01 09:26:22 AM,1984.6,1353,2685163.8,222681458.4000001
2025-08-01 09:26:22 AM,1983.8,15,29757.0,222711215.4000001
2025-08-01 09:26:22 AM,1985.0,0,0.0,222711215.4000001
2025-08-01 09:26:23 AM,1985.0,7,13895.0,222725110.4000001
2025-08-01 09:26:23 AM,1990.8,750,1493100.0,224218210.4000001
2025-08-01 09:26:23 AM,1994.6,0,0.0,224218210.4000001
2025-08-01 09:26:24 AM,1994.5,96,191472.0,224409682.4000001
2025-08-01 09:26:24 AM,1994.3,0,0.0,224409682.4000001
2025-08-01 09:26:25 AM,1991.7,55,109543.5,224519225.9000001
2025-08-01 09:26:25 AM,1994.4,0,0.0,224519225.9000001
2025-08-01 09:26:26 AM,1993.8,95,189411.0,224708636.9000001
2025-08-01 09:26:26 AM,1986.1,540,1072494.0,225781130.9000001
2025-08-01 09:26:27 AM,1992.7,80,159416.0,225940546.9000001
2025-08-01 09:26:28 AM,1994.9,37,73811.3,226014358.2000001
2025-08-01 09:26:28 AM,1990.8,16,31852.8,226046211.00000012
2025-08-01 09:26:29 AM,1994.7,1,1994.7,226048205.7000001
2025-08-01 09:26:29 AM,1991.4,8,15931.2,226064136.9000001
2025-08-01 09:26:30 AM,1991.5,1,1991.5,226066128.4000001
2025-08-01 09:26:30 AM,1991.0,0,0.0,226066128.4000001
2025-08-01 09:26:31 AM,1994.3,36,71794.8,226137923.2000001
2025-08-01 09:26:31 AM,1994.3,10,19943.0,226157866.2000001
2025-08-01 09:26:31 AM,1994.4,0,0.0,226157866.2000001
2025-08-01 09:26:32 AM,1994.4,5,9972.0,226167838.2000001
2025-08-01 09:26:32 AM,1990.1,63,125376.29999999999,226293214.50000012
2025-08-01 09:26:32 AM,1993.8,0,0.0,226293214.50000012
2025-08-01 09:26:32 AM,1993.7,0,0.0,226293214.50000012
2025-08-01 09:26:33 AM,1993.7,22,43861.4,226337075.90000013
2025-08-01 09:26:33 AM,1993.9,563,1122565.7,227459641.6000001
2025-08-01 09:26:34 AM,1994.7,100,199470.0,227659111.6000001
2025-08-01 09:26:34 AM,1994.9,150,299235.0,227958346.6000001
2025-08-01 09:26:35 AM,1996.6,280,559048.0,228517394.6000001
2025-08-01 09:26:36 AM,1997.7,3,5993.1,228523387.7000001
2025-08-01 09:26:36 AM,1994.9,1,1994.9,228525382.6000001
2025-08-01 09:26:36 AM,1997.7,0,0.0,228525382.6000001
2025-08-01 09:26:37 AM,1997.7,65,129850.5,228655233.1000001
2025-08-01 09:26:37 AM,1998.0,0,0.0,228655233.1000001
2025-08-01 09:26:38 AM,1998.0,8,15984.0,228671217.1000001
2025-08-01 09:26:38 AM,1995.3,95,189553.5,228860770.6000001
2025-08-01 09:26:39 AM,1999.0,50,99950.0,228960720.6000001
2025-08-01 09:26:39 AM,1994.3,0,0.0,228960720.6000001
2025-08-01 09:26:40 AM,1994.3,100,199430.0,229160150.6000001
2025-08-01 09:26:40 AM,1998.0,25,49950.0,229210100.6000001
2025-08-01 09:26:40 AM,1999.3,0,0.0,229210100.6000001
2025-08-01 09:26:40 AM,1999.3,94,187934.19999999998,229398034.8000001
2025-08-01 09:26:41 AM,2001.0,1005,2011005.0,231409039.8000001
2025-08-01 09:26:41 AM,2002.4,7,14016.800000000001,231423056.6000001
2025-08-01 09:26:41 AM,1995.9,0,0.0,231423056.6000001
2025-08-01 09:26:42 AM,2002.7,333,666899.1,232089955.7000001
2025-08-01 09:26:42 AM,2002.1,0,0.0,232089955.7000001
2025-08-01 09:26:42 AM,2002.1,5,10010.5,232099966.2000001
2025-08-01 09:26:44 AM,1999.0,361,721639.0,232821605.2000001
2025-08-01 09:26:45 AM,2000.7,25,50017.5,232871622.7000001
2025-08-01 09:26:45 AM,2000.5,50,100025.0,232971647.7000001
2025-08-01 09:26:46 AM,1999.0,15,29985.0,233001632.7000001
2025-08-01 09:26:47 AM,2000.0,54,108000.0,233109632.7000001
2025-08-01 09:26:48 AM,1999.0,37,73963.0,233183595.7000001
2025-08-01 09:26:49 AM,1994.5,56,111692.0,233295287.7000001
2025-08-01 09:26:49 AM,1998.7,65,129915.5,233425203.2000001
2025-08-01 09:26:49 AM,1997.4,0,0.0,233425203.2000001
2025-08-01 09:26:50 AM,1997.3,7,13981.1,233439184.3000001
2025-08-01 09:26:51 AM,1995.5,590,1177345.0,234616529.3000001
2025-08-01 09:26:51 AM,1995.2,0,0.0,234616529.3000001
2025-08-01 09:26:52 AM,1995.4,4,7981.6,234624510.9000001
2025-08-01 09:26:52 AM,1992.3,10,19923.0,234644433.9000001
2025-08-01 09:26:53 AM,1994.7,5,9973.5,234654407.4000001
2025-08-01 09:26:54 AM,1993.6,5,9968.0,234664375.4000001
2025-08-01 09:26:54 AM,1990.1,108,214930.8,234879306.2000001
2025-08-01 09:26:54 AM,1994.4,0,0.0,234879306.2000001
2025-08-01 09:26:54 AM,1990.4,0,0.0,234879306.2000001
2025-08-01 09:26:55 AM,1990.2,96,191059.2,235070365.4000001
2025-08-01 09:26:56 AM,1993.0,0,0.0,235070365.4000001
2025-08-01 09:26:57 AM,1993.1,22,43848.2,235114213.60000008
2025-08-01 09:26:57 AM,1990.0,30,59700.0,235173913.60000008
2025-08-01 09:26:58 AM,1993.8,0,0.0,235173913.60000008
2025-08-01 09:26:58 AM,1990.3,0,0.0,235173913.60000008
2025-08-01 09:26:59 AM,1993.1,126,251130.59999999998,235425044.20000008
2025-08-01 09:26:59 AM,1994.2,109,217367.80000000002,235642412.0000001
2025-08-01 09:27:00 AM,1991.6,10,19916.0,235662328.0000001
2025-08-01 09:27:01 AM,1994.7,0,0.0,235662328.0000001
2025-08-01 09:27:02 AM,1994.7,16,31915.2,235694243.20000008
2025-08-01 09:27:03 AM,1994.2,90,179478.0,235873721.20000008
2025-08-01 09:27:03 AM,1993.5,0,0.0,235873721.20000008
2025-08-01 09:27:04 AM,1993.5,135,269122.5,236142843.70000008
2025-08-01 09:27:04 AM,1996.0,0,0.0,236142843.70000008
2025-08-01 09:27:05 AM,1992.8,60,119568.0,236262411.70000008
2025-08-01 09:27:05 AM,1991.1,200,398220.0,236660631.70000008
2025-08-01 09:27:05 AM,1994.5,0,0.0,236660631.70000008
2025-08-01 09:27:06 AM,1994.5,5,9972.5,236670604.20000008
2025-08-01 09:27:06 AM,1997.2,0,0.0,236670604.20000008
2025-08-01 09:27:07 AM,1997.2,166,331535.2,237002139.40000007
2025-08-01 09:27:07 AM,1993.8,9,17944.2,237020083.60000005
2025-08-01 09:27:07 AM,1990.2,0,0.0,237020083.60000005
2025-08-01 09:27:08 AM,1993.7,512,1020774.4,238040858.00000006
2025-08-01 09:27:08 AM,1995.5,5,9977.5,238050835.50000006
2025-08-01 09:27:08 AM,1995.6,0,0.0,238050835.50000006
2025-08-01 09:27:09 AM,1995.4,73,145664.2,238196499.70000005
2025-08-01 09:27:09 AM,1996.6,0,0.0,238196499.70000005
2025-08-01 09:27:10 AM,1996.6,177,353398.2,238549897.90000004
2025-08-01 09:27:11 AM,1994.0,50,99700.0,238649597.90000004
2025-08-01 09:27:12 AM,1993.7,87,173451.9,238823049.80000004
2025-08-01 09:27:14 AM,1995.0,56,111720.0,238934769.80000004
2025-08-01 09:27:14 AM,1995.3,5,9976.5,238944746.30000004
2025-08-01 09:27:15 AM,1994.9,0,0.0,238944746.30000004
2025-08-01 09:27:15 AM,1995.2,0,0.0,238944746.30000004
2025-08-01 09:27:16 AM,1995.2,21,41899.200000000004,238986645.50000003
2025-08-01 09:27:17 AM,1995.7,0,0.0,238986645.50000003
2025-08-01 09:27:18 AM,1995.7,100,199570.0,239186215.50000003
2025-08-01 09:27:18 AM,1996.0,0,0.0,239186215.50000003
2025-08-01 09:27:19 AM,1996.0,5,9980.0,239196195.50000003
2025-08-01 09:27:21 AM,1995.2,1,1995.2,239198190.70000002
2025-08-01 09:27:21 AM,1995.9,0,0.0,239198190.70000002
2025-08-01 09:27:22 AM,1995.9,20,39918.0,239238108.70000002
2025-08-01 09:27:22 AM,1995.8,0,0.0,239238108.70000002
2025-08-01 09:27:23 AM,1995.8,1,1995.8,239240104.50000003
2025-08-01 09:27:24 AM,1995.8,16,31932.8,239272037.30000004
2025-08-01 09:27:25 AM,1995.8,1,1995.8,239274033.10000005
2025-08-01 09:27:27 AM,1995.0,1,1995.0,239276028.10000005
2025-08-01 09:27:28 AM,1995.0,57,113715.0,239389743.10000005
2025-08-01 09:27:28 AM,1994.2,0,0.0,239389743.10000005
2025-08-01 09:27:29 AM,1994.2,19,37889.8,239427632.90000007
2025-08-01 09:27:29 AM,1994.0,0,0.0,239427632.90000007
2025-08-01 09:27:30 AM,1982.3,3360,6660528.0,246088160.90000007
2025-08-01 09:27:30 AM,1981.2,51,101041.2,246189202.10000005
2025-08-01 09:27:30 AM,1983.9,0,0.0,246189202.10000005
2025-08-01 09:27:31 AM,1983.9,17,33726.3,246222928.40000007
2025-08-01 09:27:33 AM,1980.1,220,435622.0,246658550.40000007
2025-08-01 09:27:34 AM,1981.9,1,1981.9,246660532.30000007
2025-08-01 09:27:34 AM,1981.8,0,0.0,246660532.30000007
2025-08-01 09:27:35 AM,1981.8,84,166471.19999999998,246827003.50000006
2025-08-01 09:27:35 AM,1982.0,0,0.0,246827003.50000006
2025-08-01 09:27:36 AM,1982.0,130,257660.0,247084663.50000006
2025-08-01 09:27:36 AM,1975.7,0,0.0,247084663.50000006
2025-08-01 09:27:37 AM,1975.7,1730,3417961.0,250502624.50000006
2025-08-01 09:27:37 AM,1978.6,25,49465.0,250552089.50000006
2025-08-01 09:27:37 AM,1979.8,0,0.0,250552089.50000006
2025-08-01 09:27:38 AM,1979.8,134,265293.2,250817382.70000005
2025-08-01 09:27:38 AM,1976.4,0,0.0,250817382.70000005
2025-08-01 09:27:39 AM,1978.5,20,39570.0,250856952.70000005
2025-08-01 09:27:39 AM,1975.9,11,21734.9,250878687.60000005
2025-08-01 09:27:39 AM,1975.7,0,0.0,250878687.60000005
2025-08-01 09:27:40 AM,1975.7,105,207448.5,251086136.10000005
2025-08-01 09:27:40 AM,1975.7,27,53343.9,251139480.00000006
2025-08-01 09:27:40 AM,1978.1,0,0.0,251139480.00000006
2025-08-01 09:27:41 AM,1978.1,1,1978.1,251141458.10000005
2025-08-01 09:27:42 AM,1978.1,5,9890.5,251151348.60000005
2025-08-01 09:27:42 AM,1975.7,0,0.0,251151348.60000005
2025-08-01 09:27:43 AM,1975.7,712,1406698.4000000001,252558047.00000006
2025-08-01 09:27:43 AM,1974.0,0,0.0,252558047.00000006
2025-08-01 09:27:43 AM,1975.0,0,0.0,252558047.00000006
2025-08-01 09:27:44 AM,1975.0,129,254775.0,252812822.00000006
2025-08-01 09:27:44 AM,1975.6,0,0.0,252812822.00000006
2025-08-01 09:27:44 AM,1976.0,0,0.0,252812822.00000006
2025-08-01 09:27:45 AM,1976.0,258,509808.0,253322630.00000006
2025-08-01 09:27:45 AM,1977.8,0,0.0,253322630.00000006
2025-08-01 09:27:45 AM,1978.6,0,0.0,253322630.00000006
2025-08-01 09:27:46 AM,1978.6,306,605451.6,253928081.60000005
2025-08-01 09:27:48 AM,1977.4,0,0.0,253928081.60000005
2025-08-01 09:27:49 AM,1977.4,483,955084.2000000001,254883165.80000004
2025-08-01 09:27:49 AM,1975.7,0,0.0,254883165.80000004
2025-08-01 09:27:50 AM,1975.7,22,43465.4,254926631.20000005
2025-08-01 09:27:50 AM,1976.0,0,0.0,254926631.20000005
2025-08-01 09:27:51 AM,1976.0,7,13832.0,254940463.20000005
2025-08-01 09:27:52 AM,1976.0,17,33592.0,254974055.20000005
2025-08-01 09:27:53 AM,1976.0,5,9880.0,254983935.20000005
2025-08-01 09:27:53 AM,1973.5,0,0.0,254983935.20000005
2025-08-01 09:27:54 AM,1973.5,663,1308430.5,256292365.70000005
2025-08-01 09:27:54 AM,1972.5,0,0.0,256292365.70000005
2025-08-01 09:27:55 AM,1972.5,13,25642.5,256318008.20000005
2025-08-01 09:27:55 AM,1972.3,0,0.0,256318008.20000005
2025-08-01 09:27:56 AM,1972.3,3,5916.9,256323925.10000005
2025-08-01 09:27:56 AM,1968.8,0,0.0,256323925.10000005
2025-08-01 09:27:56 AM,1971.6,0,0.0,256323925.10000005
2025-08-01 09:27:57 AM,1971.6,183,360802.8,256684727.90000007
2025-08-01 09:27:57 AM,1969.4,0,0.0,256684727.90000007
2025-08-01 09:27:57 AM,1969.5,0,0.0,256684727.90000007
2025-08-01 09:27:58 AM,1969.5,36,70902.0,256755629.90000007
2025-08-01 09:27:58 AM,1966.5,0,0.0,256755629.90000007
2025-08-01 09:27:59 AM,1966.5,1,1966.5,256757596.40000007
2025-08-01 09:28:00 AM,1968.4,115,226366.0,256983962.40000007
2025-08-01 09:28:00 AM,1966.5,0,0.0,256983962.40000007
2025-08-01 09:28:01 AM,1966.5,10,19665.0,257003627.40000007
2025-08-01 09:28:01 AM,1965.3,0,0.0,257003627.40000007
2025-08-01 09:28:01 AM,1965.3,50,98265.0,257101892.40000007
2025-08-01 09:28:02 AM,1968.1,9,17712.899999999998,257119605.30000007
2025-08-01 09:28:02 AM,1968.2,0,0.0,257119605.30000007
2025-08-01 09:28:02 AM,1968.2,59,116123.8,257235729.10000008
2025-08-01 09:28:02 AM,1967.0,0,0.0,257235729.10000008
2025-08-01 09:28:03 AM,1968.0,95,186960.0,257422689.10000008
2025-08-01 09:28:04 AM,1965.0,309,607185.0,258029874.10000008
2025-08-01 09:28:04 AM,1962.9,0,0.0,258029874.10000008
2025-08-01 09:28:04 AM,1962.9,502,985375.8,259015249.9000001
2025-08-01 09:28:05 AM,1964.9,202,396909.80000000005,259412159.7000001
2025-08-01 09:28:06 AM,1960.4,660,1293864.0,260706023.7000001
2025-08-01 09:28:06 AM,1965.3,0,0.0,260706023.7000001
2025-08-01 09:28:06 AM,1965.3,1,1965.3,260707989.00000012
2025-08-01 09:28:07 AM,1968.7,0,0.0,260707989.00000012
2025-08-01 09:28:07 AM,1968.7,12,23624.4,260731613.40000013
2025-08-01 09:28:08 AM,1966.6,2,3933.2,260735546.6000001
2025-08-01 09:28:09 AM,1967.7,227,446667.9,261182214.50000012
2025-08-01 09:28:10 AM,1966.6,24,47198.399999999994,261229412.90000013
2025-08-01 09:28:11 AM,1970.8,13,25620.399999999998,261255033.30000013
2025-08-01 09:28:12 AM,1969.6,1,1969.6,261257002.90000013
2025-08-01 09:28:12 AM,1973.1,99,195336.9,261452339.80000013
2025-08-01 09:28:13 AM,1973.2,1,1973.2,261454313.00000012
2025-08-01 09:28:13 AM,1973.2,17,33544.4,261487857.40000013
2025-08-01 09:28:14 AM,1973.4,65,128271.0,261616128.40000013
2025-08-01 09:28:14 AM,1974.0,2,3948.0,261620076.40000013
2025-08-01 09:28:15 AM,1974.9,15,29623.5,261649699.90000013
2025-08-01 09:28:15 AM,1975.9,205,405059.5,262054759.40000013
2025-08-01 09:28:16 AM,1975.9,30,59277.0,262114036.40000013
2025-08-01 09:28:16 AM,1976.4,72,142300.80000000002,262256337.20000014
2025-08-01 09:28:18 AM,1975.4,114,225195.6,262481532.80000013
2025-08-01 09:28:18 AM,1978.5,20,39570.0,262521102.80000013
2025-08-01 09:28:19 AM,1975.8,153,302297.39999999997,262823400.20000014
2025-08-01 09:28:20 AM,1976.4,61,120560.40000000001,262943960.60000014
2025-08-01 09:28:21 AM,1980.0,596,1180080.0,264124040.60000014
2025-08-01 09:28:22 AM,1973.1,235,463678.5,264587719.10000014
2025-08-01 09:28:23 AM,1978.3,0,0.0,264587719.10000014
2025-08-01 09:28:23 AM,1982.3,0,0.0,264587719.10000014
2025-08-01 09:28:24 AM,1982.3,1147,2273698.1,266861417.20000014
2025-08-01 09:28:24 AM,1978.8,0,0.0,266861417.20000014
2025-08-01 09:28:25 AM,1983.7,39,77364.3,266938781.50000015
2025-08-01 09:28:26 AM,1980.1,101,199990.09999999998,267138771.60000014
2025-08-01 09:28:26 AM,1982.8,0,0.0,267138771.60000014
2025-08-01 09:28:27 AM,1978.2,55,108801.0,267247572.60000014
2025-08-01 09:28:28 AM,1981.9,0,0.0,267247572.60000014
2025-08-01 09:28:28 AM,1981.9,20,39638.0,267287210.60000014
2025-08-01 09:28:28 AM,1981.9,5,9909.5,267297120.10000014
2025-08-01 09:28:28 AM,1981.8,0,0.0,267297120.10000014
2025-08-01 09:28:29 AM,1982.7,4,7930.8,267305050.90000015
2025-08-01 09:28:29 AM,1980.0,10,19800.0,267324850.90000015
2025-08-01 09:28:30 AM,1981.8,0,0.0,267324850.90000015
2025-08-01 09:28:31 AM,1982.3,15,29734.5,267354585.40000015
2025-08-01 09:28:31 AM,1982.0,1,1982.0,267356567.40000015
2025-08-01 09:28:31 AM,1980.0,0,0.0,267356567.40000015
2025-08-01 09:28:32 AM,1980.0,31,61380.0,267417947.40000015
2025-08-01 09:28:34 AM,1981.8,1,1981.8,267419929.20000017
2025-08-01 09:28:34 AM,1979.0,0,0.0,267419929.20000017
2025-08-01 09:28:35 AM,1979.7,139,275178.3,267695107.50000018
2025-08-01 09:28:36 AM,1979.2,11,21771.2,267716878.70000017
2025-08-01 09:28:37 AM,1979.1,50,98955.0,267815833.70000017
2025-08-01 09:28:37 AM,1976.5,0,0.0,267815833.70000017
2025-08-01 09:28:37 AM,1976.5,65,128472.5,267944306.20000017
2025-08-01 09:28:38 AM,1980.0,0,0.0,267944306.20000017
2025-08-01 09:28:38 AM,1980.0,25,49500.0,267993806.20000017
2025-08-01 09:28:39 AM,1980.0,478,946440.0,268940246.20000017
2025-08-01 09:28:39 AM,1982.9,85,168546.5,269108792.70000017
2025-08-01 09:28:39 AM,1980.0,0,0.0,269108792.70000017
2025-08-01 09:28:40 AM,1980.0,10,19800.0,269128592.70000017
2025-08-01 09:28:40 AM,1980.0,60,118800.0,269247392.70000017
2025-08-01 09:28:41 AM,1979.7,0,0.0,269247392.70000017
2025-08-01 09:28:42 AM,1979.7,19,37614.3,269285007.0000002
2025-08-01 09:28:42 AM,1980.0,1,1980.0,269286987.0000002
2025-08-01 09:28:45 AM,1980.7,10,19807.0,269306794.0000002
2025-08-01 09:28:45 AM,1977.6,0,0.0,269306794.0000002
2025-08-01 09:28:46 AM,1977.2,6,11863.2,269318657.20000017
2025-08-01 09:28:46 AM,1976.9,0,0.0,269318657.20000017
2025-08-01 09:28:47 AM,1976.9,5,9884.5,269328541.70000017
2025-08-01 09:28:47 AM,1980.0,19,37620.0,269366161.70000017
2025-08-01 09:28:48 AM,1980.3,0,0.0,269366161.70000017
2025-08-01 09:28:49 AM,1980.0,20,39600.0,269405761.70000017
2025-08-01 09:28:52 AM,1981.8,0,0.0,269405761.70000017
2025-08-01 09:28:52 AM,1981.8,10,19818.0,269425579.70000017
2025-08-01 09:28:53 AM,1980.0,0,0.0,269425579.70000017
2025-08-01 09:28:54 AM,1980.0,2,3960.0,269429539.70000017
2025-08-01 09:28:54 AM,1980.0,65,128700.0,269558239.70000017
2025-08-01 09:28:55 AM,1980.2,0,0.0,269558239.70000017
2025-08-01 09:28:55 AM,1980.2,224,443564.8,270001804.5000002
2025-08-01 09:28:58 AM,1981.9,15,29728.5,270031533.0000002
2025-08-01 09:28:59 AM,1982.0,0,0.0,270031533.0000002
2025-08-01 09:28:59 AM,1982.0,61,120902.0,270152435.0000002
2025-08-01 09:29:00 AM,1980.7,0,0.0,270152435.0000002
2025-08-01 09:29:01 AM,1981.7,196,388413.2,270540848.20000017
2025-08-01 09:29:01 AM,1984.2,25,49605.0,270590453.20000017
2025-08-01 09:29:02 AM,1984.6,85,168691.0,270759144.20000017
2025-08-01 09:29:02 AM,1984.5,0,0.0,270759144.20000017
2025-08-01 09:29:03 AM,1984.7,0,0.0,270759144.20000017
2025-08-01 09:29:03 AM,1984.7,11,21831.7,270780975.90000015
2025-08-01 09:29:03 AM,1984.7,3,5954.1,270786930.0000002
2025-08-01 09:29:04 AM,1982.2,0,0.0,270786930.0000002
2025-08-01 09:29:04 AM,1982.2,12,23786.4,270810716.40000015
2025-08-01 09:29:05 AM,1979.9,1157,2290744.3000000003,273101460.70000017
2025-08-01 09:29:05 AM,1980.2,0,0.0,273101460.70000017
2025-08-01 09:29:06 AM,1980.2,5,9901.0,273111361.70000017
2025-08-01 09:29:06 AM,1980.3,36,71290.8,273182652.5000002
2025-08-01 09:29:07 AM,1979.8,0,0.0,273182652.5000002
2025-08-01 09:29:07 AM,1979.8,4,7919.2,273190571.70000017
2025-08-01 09:29:09 AM,1975.4,0,0.0,273190571.70000017
2025-08-01 09:29:10 AM,1975.4,90,177786.0,273368357.70000017
2025-08-01 09:29:10 AM,1985.7,0,0.0,273368357.70000017
2025-08-01 09:29:11 AM,1985.0,1134,2250990.0,275619347.70000017
2025-08-01 09:29:12 AM,1983.5,0,0.0,275619347.70000017
2025-08-01 09:29:12 AM,1983.5,1,1983.5,275621331.20000017
2025-08-01 09:29:12 AM,1983.9,0,0.0,275621331.20000017
2025-08-01 09:29:13 AM,1983.9,100,198390.0,275819721.20000017
2025-08-01 09:29:16 AM,1982.2,1,1982.2,275821703.40000015
2025-08-01 09:29:18 AM,1984.1,5,9920.5,275831623.90000015
2025-08-01 09:29:18 AM,1983.7,0,0.0,275831623.90000015
2025-08-01 09:29:19 AM,1983.7,100,198370.0,276029993.90000015
2025-08-01 09:29:21 AM,1984.9,0,0.0,276029993.90000015
2025-08-01 09:29:22 AM,1984.9,93,184595.7,276214589.60000014
2025-08-01 09:29:22 AM,1980.3,0,0.0,276214589.60000014
2025-08-01 09:29:23 AM,1980.3,452,895095.6,277109685.20000017
2025-08-01 09:29:23 AM,1982.1,1,1982.1,277111667.3000002
2025-08-01 09:29:25 AM,1982.2,5,9911.0,277121578.3000002
2025-08-01 09:29:25 AM,1979.8,0,0.0,277121578.3000002
2025-08-01 09:29:26 AM,1979.8,50,98990.0,277220568.3000002
2025-08-01 09:29:28 AM,1979.5,61,120749.5,277341317.8000002
2025-08-01 09:29:35 AM,1978.8,7,13851.6,277355169.4000002
2025-08-01 09:29:36 AM,1978.7,25,49467.5,277404636.9000002
2025-08-01 09:29:37 AM,1979.6,25,49490.0,277454126.9000002
2025-08-01 09:29:38 AM,1974.9,0,0.0,277454126.9000002
2025-08-01 09:29:38 AM,1974.9,565,1115818.5,278569945.4000002
2025-08-01 09:29:38 AM,1975.6,10,19756.0,278589701.4000002
2025-08-01 09:29:39 AM,1978.4,0,0.0,278589701.4000002
2025-08-01 09:29:39 AM,1978.4,1020,2017968.0,280607669.4000002
2025-08-01 09:29:42 AM,1981.3,0,0.0,280607669.4000002
2025-08-01 09:29:43 AM,1981.3,5,9906.5,280617575.9000002
2025-08-01 09:29:45 AM,1981.1,0,0.0,280617575.9000002
2025-08-01 09:29:45 AM,1981.1,1,1981.1,280619557.00000024
2025-08-01 09:29:45 AM,1979.3,15,29689.5,280649246.50000024
2025-08-01 09:29:49 AM,1977.9,50,98895.0,280748141.50000024
2025-08-01 09:29:50 AM,1980.5,10,19805.0,280767946.50000024
2025-08-01 09:29:53 AM,1980.5,4,7922.0,280775868.50000024
2025-08-01 09:29:53 AM,1977.7,0,0.0,280775868.50000024
2025-08-01 09:29:54 AM,1977.7,10,19777.0,280795645.50000024
2025-08-01 09:29:56 AM,1976.7,24,47440.8,280843086.30000025
2025-08-01 09:29:58 AM,1976.0,150,296400.0,281139486.30000025
2025-08-01 09:30:03 AM,1977.7,0,0.0,281139486.30000025
2025-08-01 09:30:03 AM,1977.7,91,179970.7,281319457.00000024
2025-08-01 09:30:05 AM,1977.6,0,0.0,281319457.00000024
2025-08-01 09:30:05 AM,1975.9,117,231180.30000000002,281550637.30000025
2025-08-01 09:30:06 AM,1970.0,1093,2153210.0,283703847.30000025
2025-08-01 09:30:07 AM,1978.3,0,0.0,283703847.30000025
2025-08-01 09:30:07 AM,1975.4,352,695340.8,284399188.10000026
2025-08-01 09:30:08 AM,1970.5,0,0.0,284399188.10000026
2025-08-01 09:30:08 AM,1970.0,101,198970.0,284598158.10000026
2025-08-01 09:30:09 AM,1970.0,92,181240.0,284779398.10000026
2025-08-01 09:30:10 AM,1972.3,11,21695.3,284801093.4000003
2025-08-01 09:30:13 AM,1972.2,0,0.0,284801093.4000003
2025-08-01 09:30:13 AM,1972.2,1,1972.2,284803065.60000026
2025-08-01 09:30:15 AM,1970.0,0,0.0,284803065.60000026
2025-08-01 09:30:15 AM,1970.0,10,19700.0,284822765.60000026
2025-08-01 09:30:15 AM,1972.0,0,0.0,284822765.60000026
2025-08-01 09:30:16 AM,1970.0,0,0.0,284822765.60000026
2025-08-01 09:30:16 AM,1970.0,105,206850.0,285029615.60000026
2025-08-01 09:30:17 AM,1970.0,103,202910.0,285232525.60000026
2025-08-01 09:30:18 AM,1971.9,0,0.0,285232525.60000026
2025-08-01 09:30:18 AM,1971.9,14,27606.600000000002,285260132.2000003
2025-08-01 09:30:18 AM,1970.0,251,494470.0,285754602.2000003
2025-08-01 09:30:19 AM,1969.5,1,1969.5,285756571.7000003
2025-08-01 09:30:20 AM,1968.2,9,17713.8,285774285.5000003
2025-08-01 09:30:21 AM,1971.6,250,492900.0,286267185.5000003
2025-08-01 09:30:22 AM,1968.6,0,0.0,286267185.5000003
2025-08-01 09:30:22 AM,1968.6,65,127959.0,286395144.5000003
2025-08-01 09:30:25 AM,1966.6,0,0.0,286395144.5000003
2025-08-01 09:30:25 AM,1966.6,19,37365.4,286432509.9000003
2025-08-01 09:30:26 AM,1968.3,0,0.0,286432509.9000003
2025-08-01 09:30:26 AM,1968.3,353,694809.9,287127319.80000025
2025-08-01 09:30:27 AM,1967.8,0,0.0,287127319.80000025
2025-08-01 09:30:27 AM,1967.8,5,9839.0,287137158.80000025
2025-08-01 09:30:29 AM,1968.1,0,0.0,287137158.80000025
2025-08-01 09:30:29 AM,1965.1,106,208300.59999999998,287345459.4000003
2025-08-01 09:30:30 AM,1968.1,121,238140.09999999998,287583599.5000003
2025-08-01 09:30:31 AM,1965.7,264,518944.8,288102544.3000003
2025-08-01 09:30:32 AM,1967.1,200,393420.0,288495964.3000003
2025-08-01 09:30:33 AM,1965.4,0,0.0,288495964.3000003
2025-08-01 09:30:33 AM,1968.9,578,1138024.2,289633988.5000003
2025-08-01 09:30:35 AM,1940.1,0,0.0,289633988.5000003
2025-08-01 09:30:35 AM,1940.1,8065,15646906.5,305280895.0000003
2025-08-01 09:30:36 AM,1941.7,157,304846.9,305585741.9000003
2025-08-01 09:30:36 AM,1935.5,0,0.0,305585741.9000003
2025-08-01 09:30:37 AM,1935.5,130,251615.0,305837356.9000003
2025-08-01 09:30:38 AM,1936.7,0,0.0,305837356.9000003
2025-08-01 09:30:38 AM,1935.8,712,1378289.5999999999,307215646.5000003
2025-08-01 09:30:39 AM,1935.9,0,0.0,307215646.5000003
2025-08-01 09:30:39 AM,1936.2,15,29043.0,307244689.5000003
2025-08-01 09:30:40 AM,1939.8,0,0.0,307244689.5000003
2025-08-01 09:30:40 AM,1939.8,123,238595.4,307483284.9000003
2025-08-01 09:30:40 AM,1937.2,788,1526513.6,309009798.5000003
2025-08-01 09:30:41 AM,1934.1,0,0.0,309009798.5000003
2025-08-01 09:30:41 AM,1935.5,45,87097.5,309096896.0000003
2025-08-01 09:30:42 AM,1938.0,0,0.0,309096896.0000003
2025-08-01 09:30:42 AM,1900.0,9804,18627600.0,327724496.0000003
2025-08-01 09:30:43 AM,1898.1,0,0.0,327724496.0000003
2025-08-01 09:30:43 AM,1896.2,155,293911.0,328018407.0000003
2025-08-01 09:30:43 AM,1895.9,0,0.0,328018407.0000003
2025-08-01 09:30:44 AM,1898.6,0,0.0,328018407.0000003
2025-08-01 09:30:44 AM,1898.3,183,347388.89999999997,328365795.9000003
2025-08-01 09:30:45 AM,1892.4,0,0.0,328365795.9000003
2025-08-01 09:30:45 AM,1891.4,917,1734413.8,330100209.7000003
2025-08-01 09:30:46 AM,1891.6,0,0.0,330100209.7000003
2025-08-01 09:30:46 AM,1894.3,284,537981.2,330638190.9000003
2025-08-01 09:30:47 AM,1892.5,102,193035.0,330831225.9000003
2025-08-01 09:30:47 AM,1884.8,593,1117686.4,331948912.30000025
2025-08-01 09:30:49 AM,1898.5,0,0.0,331948912.30000025
2025-08-01 09:30:49 AM,1898.5,1228,2331358.0,334280270.30000025
2025-08-01 09:30:50 AM,1894.7,0,0.0,334280270.30000025
2025-08-01 09:30:50 AM,1894.7,196,371361.2,334651631.50000024
2025-08-01 09:30:50 AM,1900.0,0,0.0,334651631.50000024
2025-08-01 09:30:51 AM,1900.0,401,761900.0,335413531.50000024
2025-08-01 09:30:52 AM,1894.6,0,0.0,335413531.50000024
2025-08-01 09:30:52 AM,1895.2,155,293756.0,335707287.50000024
2025-08-01 09:30:53 AM,1898.5,0,0.0,335707287.50000024
2025-08-01 09:30:53 AM,1898.7,302,573407.4,336280694.9000002
2025-08-01 09:30:54 AM,1899.5,238,452081.0,336732775.9000002
2025-08-01 09:30:54 AM,1896.1,107,202882.69999999998,336935658.6000002
2025-08-01 09:30:55 AM,1893.8,0,0.0,336935658.6000002
2025-08-01 09:30:55 AM,1900.0,417,792300.0,337727958.6000002
2025-08-01 09:30:56 AM,1899.4,301,571719.4,338299678.0000002
2025-08-01 09:30:56 AM,1899.9,0,0.0,338299678.0000002
2025-08-01 09:30:57 AM,1896.7,0,0.0,338299678.0000002
2025-08-01 09:30:57 AM,1896.1,61,115662.09999999999,338415340.1000002
2025-08-01 09:30:58 AM,1900.0,1143,2171700.0,340587040.1000002
2025-08-01 09:30:59 AM,1899.9,0,0.0,340587040.1000002
2025-08-01 09:30:59 AM,1899.4,450,854730.0,341441770.1000002
2025-08-01 09:31:01 AM,1899.7,0,0.0,341441770.1000002
2025-08-01 09:31:01 AM,1899.7,62,117781.40000000001,341559551.5000002
2025-08-01 09:31:02 AM,1899.7,53,100684.1,341660235.6000002
2025-08-01 09:31:02 AM,1896.1,0,0.0,341660235.6000002
2025-08-01 09:31:03 AM,1895.1,26,49272.6,341709508.2000002
2025-08-01 09:31:03 AM,1899.5,0,0.0,341709508.2000002
2025-08-01 09:31:04 AM,1899.5,200,379900.0,342089408.2000002
2025-08-01 09:31:04 AM,1899.4,3,5698.200000000001,342095106.4000002
2025-08-01 09:31:04 AM,1896.1,0,0.0,342095106.4000002
2025-08-01 09:31:05 AM,1896.8,179,339527.2,342434633.6000002
2025-08-01 09:31:05 AM,1895.9,0,0.0,342434633.6000002
2025-08-01 09:31:06 AM,1896.9,67,127092.3,342561725.9000002
2025-08-01 09:31:06 AM,1895.0,15,28425.0,342590150.9000002
2025-08-01 09:31:06 AM,1893.7,0,0.0,342590150.9000002
2025-08-01 09:31:07 AM,1895.8,160,303328.0,342893478.9000002
2025-08-01 09:31:07 AM,1892.5,0,0.0,342893478.9000002
2025-08-01 09:31:07 AM,1892.5,6,11355.0,342904833.9000002
2025-08-01 09:31:08 AM,1892.5,51,96517.5,343001351.4000002
2025-08-01 09:31:08 AM,1895.0,0,0.0,343001351.4000002
2025-08-01 09:31:09 AM,1895.0,133,252035.0,343253386.4000002
2025-08-01 09:31:09 AM,1895.0,10,18950.0,343272336.4000002
2025-08-01 09:31:09 AM,1898.9,0,0.0,343272336.4000002
2025-08-01 09:31:10 AM,1898.9,751,1426073.9000000001,344698410.3000002
2025-08-01 09:31:10 AM,1895.2,57,108026.40000000001,344806436.70000017
2025-08-01 09:31:10 AM,1898.5,0,0.0,344806436.70000017
2025-08-01 09:31:11 AM,1899.7,0,0.0,344806436.70000017
2025-08-01 09:31:11 AM,1895.2,2175,4122060.0,348928496.70000017
2025-08-01 09:31:11 AM,1898.1,0,0.0,348928496.70000017
2025-08-01 09:31:12 AM,1899.1,122,231690.19999999998,349160186.90000015
2025-08-01 09:31:12 AM,1899.9,50,94995.0,349255181.90000015
2025-08-01 09:31:12 AM,1900.0,0,0.0,349255181.90000015
2025-08-01 09:31:13 AM,1898.0,0,0.0,349255181.90000015
2025-08-01 09:31:13 AM,1898.0,44,83512.0,349338693.90000015
2025-08-01 09:31:13 AM,1900.4,9,17103.600000000002,349355797.5000002
2025-08-01 09:31:13 AM,1905.9,0,0.0,349355797.5000002
2025-08-01 09:31:14 AM,1907.2,0,0.0,349355797.5000002
2025-08-01 09:31:14 AM,1910.0,27,51570.0,349407367.5000002
2025-08-01 09:31:14 AM,1911.0,18,34398.0,349441765.5000002
2025-08-01 09:31:14 AM,1914.8,0,0.0,349441765.5000002
2025-08-01 09:31:15 AM,1915.1,0,0.0,349441765.5000002
2025-08-01 09:31:15 AM,1915.1,525,1005427.5,350447193.0000002
2025-08-01 09:31:15 AM,1917.2,50,95860.0,350543053.0000002
2025-08-01 09:31:16 AM,1915.4,0,0.0,350543053.0000002
2025-08-01 09:31:16 AM,1918.9,81,155430.9,350698483.90000015
2025-08-01 09:31:16 AM,1918.9,184,353077.60000000003,351051561.5000002
2025-08-01 09:31:17 AM,1917.3,25,47932.5,351099494.0000002
2025-08-01 09:31:17 AM,1916.7,235,450424.5,351549918.5000002
2025-08-01 09:31:17 AM,1919.7,0,0.0,351549918.5000002
2025-08-01 09:31:18 AM,1919.7,23,44153.1,351594071.6000002
2025-08-01 09:31:18 AM,1918.9,58,111296.20000000001,351705367.8000002
2025-08-01 09:31:19 AM,1920.0,0,0.0,351705367.8000002
2025-08-01 09:31:19 AM,1922.5,243,467167.5,352172535.3000002
2025-08-01 09:31:19 AM,1926.1,0,0.0,352172535.3000002
2025-08-01 09:31:19 AM,1926.1,11,21187.1,352193722.4000002
2025-08-01 09:31:20 AM,1927.3,2,3854.6,352197577.00000024
2025-08-01 09:31:20 AM,1924.3,0,0.0,352197577.00000024
2025-08-01 09:31:21 AM,1924.3,10,19243.0,352216820.00000024
2025-08-01 09:31:21 AM,1924.5,0,0.0,352216820.00000024
2025-08-01 09:31:22 AM,1927.0,0,0.0,352216820.00000024
2025-08-01 09:31:22 AM,1927.0,10,19270.0,352236090.00000024
2025-08-01 09:31:22 AM,1927.0,20,38540.0,352274630.00000024
2025-08-01 09:31:22 AM,1922.3,0,0.0,352274630.00000024
2025-08-01 09:31:23 AM,1924.6,0,0.0,352274630.00000024
2025-08-01 09:31:23 AM,1924.6,410,789086.0,353063716.00000024
2025-08-01 09:31:23 AM,1927.8,0,0.0,353063716.00000024
2025-08-01 09:31:24 AM,1926.4,51,98246.40000000001,353161962.4000002
2025-08-01 09:31:24 AM,1926.1,10,19261.0,353181223.4000002
2025-08-01 09:31:24 AM,1927.8,0,0.0,353181223.4000002
2025-08-01 09:31:25 AM,1927.9,0,0.0,353181223.4000002
2025-08-01 09:31:25 AM,1927.9,51,98322.90000000001,353279546.3000002
2025-08-01 09:31:25 AM,1927.0,10,19270.0,353298816.3000002
2025-08-01 09:31:26 AM,1925.4,10,19254.0,353318070.3000002
2025-08-01 09:31:26 AM,1926.2,1,1926.2,353319996.5000002
2025-08-01 09:31:26 AM,1926.1,0,0.0,353319996.5000002
2025-08-01 09:31:27 AM,1925.5,28,53914.0,353373910.5000002
2025-08-01 09:31:27 AM,1925.4,3,5776.200000000001,353379686.70000017
2025-08-01 09:31:28 AM,1926.2,2,3852.4,353383539.10000014
2025-08-01 09:31:29 AM,1927.0,0,0.0,353383539.10000014
2025-08-01 09:31:29 AM,1927.9,120,231348.0,353614887.10000014
2025-08-01 09:31:29 AM,1925.0,170,327250.0,353942137.10000014
2025-08-01 09:31:30 AM,1921.8,180,345924.0,354288061.10000014
2025-08-01 09:31:31 AM,1925.1,2,3850.2,354291911.30000013
2025-08-01 09:31:31 AM,1922.5,60,115350.0,354407261.30000013
2025-08-01 09:31:32 AM,1925.1,0,0.0,354407261.30000013
2025-08-01 09:31:32 AM,1925.1,1,1925.1,354409186.40000015
2025-08-01 09:31:32 AM,1922.8,0,0.0,354409186.40000015
2025-08-01 09:31:32 AM,1925.3,3,5775.9,354414962.30000013
2025-08-01 09:31:33 AM,1922.8,0,0.0,354414962.30000013
2025-08-01 09:31:34 AM,1922.8,25,48070.0,354463032.30000013
2025-08-01 09:31:34 AM,1924.4,0,0.0,354463032.30000013
2025-08-01 09:31:35 AM,1924.4,267,513814.80000000005,354976847.10000014
2025-08-01 09:31:35 AM,1917.3,0,0.0,354976847.10000014
2025-08-01 09:31:36 AM,1917.3,651,1248162.3,356225009.40000015
2025-08-01 09:31:37 AM,1914.6,30,57438.0,356282447.40000015
2025-08-01 09:31:37 AM,1916.6,0,0.0,356282447.40000015
2025-08-01 09:31:38 AM,1913.8,0,0.0,356282447.40000015
2025-08-01 09:31:38 AM,1913.8,21,40189.799999999996,356322637.20000017
2025-08-01 09:31:38 AM,1910.7,0,0.0,356322637.20000017
2025-08-01 09:31:39 AM,1912.9,124,237199.6,356559836.8000002
2025-08-01 09:31:39 AM,1911.0,0,0.0,356559836.8000002
2025-08-01 09:31:40 AM,1911.0,118,225498.0,356785334.8000002
2025-08-01 09:31:40 AM,1911.1,12,22933.199999999997,356808268.0000002
2025-08-01 09:31:40 AM,1910.8,0,0.0,356808268.0000002
2025-08-01 09:31:41 AM,1910.8,18,34394.4,356842662.40000015
2025-08-01 09:31:41 AM,1911.2,2,3822.4,356846484.80000013
2025-08-01 09:31:42 AM,1911.2,2,3822.4,356850307.2000001
2025-08-01 09:31:42 AM,1911.3,2,3822.6,356854129.80000013
2025-08-01 09:31:43 AM,1913.7,0,0.0,356854129.80000013
2025-08-01 09:31:43 AM,1910.8,29,55413.2,356909543.0000001
2025-08-01 09:31:43 AM,1911.1,3,5733.299999999999,356915276.30000013
2025-08-01 09:31:43 AM,1913.7,0,0.0,356915276.30000013
2025-08-01 09:31:44 AM,1913.7,1,1913.7,356917190.0000001
2025-08-01 09:31:44 AM,1913.8,1,1913.8,356919103.80000013
2025-08-01 09:31:45 AM,1911.4,0,0.0,356919103.80000013
2025-08-01 09:31:45 AM,1911.4,3,5734.200000000001,356924838.0000001
2025-08-01 09:31:46 AM,1906.8,0,0.0,356924838.0000001
2025-08-01 09:31:47 AM,1907.7,0,0.0,356924838.0000001
2025-08-01 09:31:47 AM,1907.7,514,980557.8,357905395.80000013
2025-08-01 09:31:47 AM,1913.1,0,0.0,357905395.80000013
2025-08-01 09:31:48 AM,1913.1,366,700194.6,358605590.40000015
2025-08-01 09:31:49 AM,1911.2,0,0.0,358605590.40000015
2025-08-01 09:31:49 AM,1911.2,117,223610.4,358829200.80000013
2025-08-01 09:31:49 AM,1908.5,0,0.0,358829200.80000013
2025-08-01 09:31:50 AM,1908.5,12,22902.0,358852102.80000013
2025-08-01 09:31:50 AM,1913.4,81,154985.4,359007088.2000001
2025-08-01 09:31:50 AM,1913.6,0,0.0,359007088.2000001
2025-08-01 09:31:51 AM,1913.6,34,65062.399999999994,359072150.6000001
2025-08-01 09:31:51 AM,1911.2,4,7644.8,359079795.4000001
2025-08-01 09:31:51 AM,1914.1,0,0.0,359079795.4000001
2025-08-01 09:31:52 AM,1914.1,70,133987.0,359213782.4000001
2025-08-01 09:31:52 AM,1911.0,2,3822.0,359217604.4000001
2025-08-01 09:31:53 AM,1911.0,3,5733.0,359223337.4000001
2025-08-01 09:31:54 AM,1911.1,119,227420.9,359450758.3000001
2025-08-01 09:31:54 AM,1911.6,0,0.0,359450758.3000001
2025-08-01 09:31:55 AM,1910.0,69,131790.0,359582548.3000001
2025-08-01 09:31:55 AM,1911.8,34,65001.2,359647549.50000006
2025-08-01 09:31:56 AM,1910.0,0,0.0,359647549.50000006
2025-08-01 09:31:56 AM,1910.0,5,9550.0,359657099.50000006
2025-08-01 09:31:56 AM,1910.1,22,42022.2,359699121.70000005
2025-08-01 09:31:57 AM,1912.6,145,277327.0,359976448.70000005
2025-08-01 09:31:57 AM,1911.7,0,0.0,359976448.70000005
2025-08-01 09:31:57 AM,1911.7,15,28675.5,360005124.20000005
2025-08-01 09:31:58 AM,1913.0,0,0.0,360005124.20000005
2025-08-01 09:31:59 AM,1913.0,2,3826.0,360008950.20000005
2025-08-01 09:31:59 AM,1915.5,0,0.0,360008950.20000005
2025-08-01 09:32:00 AM,1915.5,156,298818.0,360307768.20000005
2025-08-01 09:32:00 AM,1912.8,5,9564.0,360317332.20000005
2025-08-01 09:32:01 AM,1911.8,1,1911.8,360319244.00000006
2025-08-01 09:32:01 AM,1911.1,0,0.0,360319244.00000006
2025-08-01 09:32:02 AM,1911.1,5,9555.5,360328799.50000006
2025-08-01 09:32:03 AM,1912.8,1,1912.8,360330712.3000001
2025-08-01 09:32:03 AM,1910.0,0,0.0,360330712.3000001
2025-08-01 09:32:04 AM,1910.0,113,215830.0,360546542.3000001
2025-08-01 09:32:04 AM,1911.3,0,0.0,360546542.3000001
2025-08-01 09:32:05 AM,1909.7,0,0.0,360546542.3000001
2025-08-01 09:32:05 AM,1909.5,27,51556.5,360598098.8000001
2025-08-01 09:32:05 AM,1912.4,1,1912.4,360600011.20000005
2025-08-01 09:32:05 AM,1909.6,0,0.0,360600011.20000005
2025-08-01 09:32:06 AM,1912.2,0,0.0,360600011.20000005
2025-08-01 09:32:06 AM,1912.4,52,99444.8,360699456.00000006
2025-08-01 09:32:06 AM,1912.5,5,9562.5,360709018.50000006
2025-08-01 09:32:06 AM,1910.4,0,0.0,360709018.50000006
2025-08-01 09:32:07 AM,1913.7,0,0.0,360709018.50000006
2025-08-01 09:32:07 AM,1913.7,126,241126.2,360950144.70000005
2025-08-01 09:32:07 AM,1909.3,0,0.0,360950144.70000005
2025-08-01 09:32:08 AM,1910.0,11,21010.0,360971154.70000005
2025-08-01 09:32:08 AM,1910.0,9,17190.0,360988344.70000005
2025-08-01 09:32:08 AM,1908.5,0,0.0,360988344.70000005
2025-08-01 09:32:09 AM,1908.5,52,99242.0,361087586.70000005
2025-08-01 09:32:09 AM,1908.5,2,3817.0,361091403.70000005
2025-08-01 09:32:09 AM,1909.1,0,0.0,361091403.70000005
2025-08-01 09:32:10 AM,1909.1,5,9545.5,361100949.20000005
2025-08-01 09:32:10 AM,1910.0,63,120330.0,361221279.20000005
2025-08-01 09:32:11 AM,1907.9,6,11447.400000000001,361232726.6
2025-08-01 09:32:12 AM,1909.9,112,213908.80000000002,361446635.40000004
2025-08-01 09:32:12 AM,1908.0,7,13356.0,361459991.40000004
2025-08-01 09:32:13 AM,1908.0,85,162180.0,361622171.40000004
2025-08-01 09:32:13 AM,1905.7,25,47642.5,361669813.90000004
2025-08-01 09:32:13 AM,1910.0,0,0.0,361669813.90000004
2025-08-01 09:32:14 AM,1907.3,0,0.0,361669813.90000004
2025-08-01 09:32:14 AM,1907.3,101,192637.3,361862451.20000005
2025-08-01 09:32:14 AM,1910.0,1,1910.0,361864361.20000005
2025-08-01 09:32:14 AM,1908.1,0,0.0,361864361.20000005
2025-08-01 09:32:15 AM,1908.1,2,3816.2,361868177.40000004
2025-08-01 09:32:15 AM,1910.0,0,0.0,361868177.40000004
2025-08-01 09:32:16 AM,1910.0,5,9550.0,361877727.40000004
2025-08-01 09:32:16 AM,1910.0,25,47750.0,361925477.40000004
2025-08-01 09:32:16 AM,1907.9,0,0.0,361925477.40000004
2025-08-01 09:32:17 AM,1907.9,3,5723.700000000001,361931201.1
2025-08-01 09:32:17 AM,1910.0,103,196730.0,362127931.1
2025-08-01 09:32:18 AM,1910.0,23,43930.0,362171861.1
2025-08-01 09:32:18 AM,1909.3,0,0.0,362171861.1
2025-08-01 09:32:19 AM,1909.3,2,3818.6,362175679.70000005
2025-08-01 09:32:20 AM,1909.7,28,53471.6,362229151.3000001
2025-08-01 09:32:21 AM,1910.3,1,1910.3,362231061.6000001
2025-08-01 09:32:23 AM,1910.7,142,271319.4,362502381.00000006
2025-08-01 09:32:23 AM,1911.0,208,397488.0,362899869.00000006
2025-08-01 09:32:23 AM,1908.5,0,0.0,362899869.00000006
2025-08-01 09:32:24 AM,1908.5,19,36261.5,362936130.50000006
2025-08-01 09:32:24 AM,1908.7,0,0.0,362936130.50000006
2025-08-01 09:32:25 AM,1910.7,0,0.0,362936130.50000006
2025-08-01 09:32:25 AM,1910.7,31,59231.700000000004,362995362.20000005
2025-08-01 09:32:25 AM,1908.0,0,0.0,362995362.20000005
2025-08-01 09:32:26 AM,1908.0,76,145008.0,363140370.20000005
2025-08-01 09:32:26 AM,1910.2,0,0.0,363140370.20000005
2025-08-01 09:32:27 AM,1910.2,18,34383.6,363174753.8000001
2025-08-01 09:32:27 AM,1908.0,0,0.0,363174753.8000001
2025-08-01 09:32:28 AM,1908.6,16,30537.6,363205291.4000001
2025-08-01 09:32:28 AM,1908.1,2,3816.2,363209107.6000001
2025-08-01 09:32:30 AM,1910.8,0,0.0,363209107.6000001
2025-08-01 09:32:30 AM,1908.9,32,61084.8,363270192.4000001
2025-08-01 09:32:31 AM,1910.0,0,0.0,363270192.4000001
2025-08-01 09:32:31 AM,1911.0,20,38220.0,363308412.4000001
2025-08-01 09:32:32 AM,1910.0,0,0.0,363308412.4000001
2025-08-01 09:32:32 AM,1910.0,1,1910.0,363310322.4000001
2025-08-01 09:32:32 AM,1911.0,0,0.0,363310322.4000001
2025-08-01 09:32:33 AM,1911.0,428,817908.0,364128230.4000001
2025-08-01 09:32:33 AM,1913.4,0,0.0,364128230.4000001
2025-08-01 09:32:34 AM,1913.4,45,86103.0,364214333.4000001
2025-08-01 09:32:34 AM,1913.1,0,0.0,364214333.4000001
2025-08-01 09:32:35 AM,1913.1,21,40175.1,364254508.5000001
2025-08-01 09:32:35 AM,1910.8,0,0.0,364254508.5000001
2025-08-01 09:32:36 AM,1910.8,4,7643.2,364262151.7000001
2025-08-01 09:32:36 AM,1911.1,0,0.0,364262151.7000001
2025-08-01 09:32:37 AM,1911.1,16,30577.6,364292729.30000013
2025-08-01 09:32:37 AM,1913.5,0,0.0,364292729.30000013
2025-08-01 09:32:38 AM,1913.5,2,3827.0,364296556.30000013
2025-08-01 09:32:38 AM,1919.6,0,0.0,364296556.30000013
2025-08-01 09:32:39 AM,1917.3,36,69022.8,364365579.10000014
2025-08-01 09:32:39 AM,1917.3,3,5751.9,364371331.0000001
2025-08-01 09:32:39 AM,1919.7,0,0.0,364371331.0000001
2025-08-01 09:32:40 AM,1919.7,2,3839.4,364375170.4000001
2025-08-01 09:32:41 AM,1920.8,75,144060.0,364519230.4000001
2025-08-01 09:32:41 AM,1919.4,0,0.0,364519230.4000001
2025-08-01 09:32:42 AM,1919.4,2,3838.8,364523069.2000001
2025-08-01 09:32:43 AM,1919.1,5,9595.5,364532664.7000001
2025-08-01 09:32:43 AM,1919.2,0,0.0,364532664.7000001
2025-08-01 09:32:44 AM,1919.2,81,155455.2,364688119.9000001
2025-08-01 09:32:44 AM,1919.7,0,0.0,364688119.9000001
2025-08-01 09:32:45 AM,1919.7,30,57591.0,364745710.9000001
2025-08-01 09:32:45 AM,1917.8,0,0.0,364745710.9000001
2025-08-01 09:32:46 AM,1919.0,28,53732.0,364799442.9000001
2025-08-01 09:32:46 AM,1919.8,0,0.0,364799442.9000001
2025-08-01 09:32:47 AM,1919.8,7,13438.6,364812881.5000001
2025-08-01 09:32:47 AM,1919.6,0,0.0,364812881.5000001
2025-08-01 09:32:47 AM,1919.6,21,40311.6,364853193.10000014
2025-08-01 09:32:48 AM,1918.5,0,0.0,364853193.10000014
2025-08-01 09:32:48 AM,1918.5,55,105517.5,364958710.60000014
2025-08-01 09:32:49 AM,1917.6,6,11505.599999999999,364970216.20000017
2025-08-01 09:32:49 AM,1919.0,21,40299.0,365010515.20000017
2025-08-01 09:32:49 AM,1917.3,2,3834.6,365014349.8000002
2025-08-01 09:32:50 AM,1917.4,0,0.0,365014349.8000002
2025-08-01 09:32:51 AM,1917.4,1,1917.4,365016267.20000017
2025-08-01 09:32:51 AM,1914.8,226,432744.8,365449012.0000002
2025-08-01 09:32:52 AM,1914.9,15,28723.5,365477735.5000002
2025-08-01 09:32:53 AM,1917.7,2,3835.4,365481570.90000015
2025-08-01 09:32:54 AM,1915.8,88,168590.4,365650161.30000013
2025-08-01 09:32:55 AM,1915.9,1,1915.9,365652077.2000001
2025-08-01 09:32:55 AM,1917.3,0,0.0,365652077.2000001
2025-08-01 09:32:56 AM,1918.6,203,389475.8,366041553.0000001
2025-08-01 09:32:57 AM,1915.0,40,76600.0,366118153.0000001
2025-08-01 09:32:58 AM,1916.7,54,103501.8,366221654.80000013
2025-08-01 09:32:59 AM,1915.0,0,0.0,366221654.80000013
2025-08-01 09:32:59 AM,1916.5,17,32580.5,366254235.30000013
2025-08-01 09:32:59 AM,1915.0,19,36385.0,366290620.30000013
2025-08-01 09:33:00 AM,1915.1,110,210661.0,366501281.30000013
2025-08-01 09:33:01 AM,1914.9,221,423192.9,366924474.2000001
2025-08-01 09:33:02 AM,1913.6,0,0.0,366924474.2000001
2025-08-01 09:33:02 AM,1913.6,101,193273.59999999998,367117747.80000013
2025-08-01 09:33:02 AM,1912.1,0,0.0,367117747.80000013
2025-08-01 09:33:02 AM,1912.1,82,156792.19999999998,367274540.0000001
2025-08-01 09:33:03 AM,1915.0,240,459600.0,367734140.0000001
2025-08-01 09:33:03 AM,1915.9,0,0.0,367734140.0000001
2025-08-01 09:33:04 AM,1915.7,67,128351.90000000001,367862491.9000001
2025-08-01 09:33:04 AM,1913.2,0,0.0,367862491.9000001
2025-08-01 09:33:05 AM,1913.2,5,9566.0,367872057.9000001
2025-08-01 09:33:05 AM,1912.1,1,1912.1,367873970.0000001
2025-08-01 09:33:05 AM,1913.2,0,0.0,367873970.0000001
2025-08-01 09:33:06 AM,1911.2,118,225521.6,368099491.60000014
2025-08-01 09:33:06 AM,1913.1,0,0.0,368099491.60000014
2025-08-01 09:33:07 AM,1911.2,2,3822.4,368103314.0000001
2025-08-01 09:33:08 AM,1913.0,0,0.0,368103314.0000001
2025-08-01 09:33:09 AM,1913.0,1,1913.0,368105227.0000001
2025-08-01 09:33:09 AM,1911.1,0,0.0,368105227.0000001
2025-08-01 09:33:10 AM,1911.1,45,85999.5,368191226.5000001
2025-08-01 09:33:11 AM,1911.3,11,21024.3,368212250.80000013
2025-08-01 09:33:11 AM,1911.4,0,0.0,368212250.80000013
2025-08-01 09:33:12 AM,1913.2,107,204712.4,368416963.2000001
2025-08-01 09:33:13 AM,1911.1,1,1911.1,368418874.30000013
2025-08-01 09:33:15 AM,1912.9,14,26780.600000000002,368445654.90000015
2025-08-01 09:33:16 AM,1911.2,1,1911.2,368447566.10000014
2025-08-01 09:33:18 AM,1913.0,0,0.0,368447566.10000014
2025-08-01 09:33:18 AM,1913.0,10,19130.0,368466696.10000014
2025-08-01 09:33:18 AM,1911.4,0,0.0,368466696.10000014
2025-08-01 09:33:18 AM,1911.4,1,1911.4,368468607.5000001
2025-08-01 09:33:19 AM,1913.0,0,0.0,368468607.5000001
2025-08-01 09:33:19 AM,1913.0,1,1913.0,368470520.5000001
2025-08-01 09:33:19 AM,1915.1,0,0.0,368470520.5000001
2025-08-01 09:33:20 AM,1915.1,164,314076.39999999997,368784596.9000001
2025-08-01 09:33:20 AM,1914.5,0,0.0,368784596.9000001
2025-08-01 09:33:21 AM,1914.5,16,30632.0,368815228.9000001
2025-08-01 09:33:22 AM,1914.5,3,5743.5,368820972.4000001
2025-08-01 09:33:24 AM,1913.9,50,95695.0,368916667.4000001
2025-08-01 09:33:25 AM,1912.9,3,5738.700000000001,368922406.1000001
2025-08-01 09:33:26 AM,1914.5,0,0.0,368922406.1000001
2025-08-01 09:33:26 AM,1917.9,276,529340.4,369451746.50000006
2025-08-01 09:33:26 AM,1915.4,0,0.0,369451746.50000006
2025-08-01 09:33:27 AM,1915.4,27,51715.8,369503462.3000001
2025-08-01 09:33:27 AM,1915.7,3,5747.1,369509209.4000001
2025-08-01 09:33:28 AM,1916.0,0,0.0,369509209.4000001
2025-08-01 09:33:28 AM,1916.0,25,47900.0,369557109.4000001
2025-08-01 09:33:29 AM,1915.5,4,7662.0,369564771.4000001
2025-08-01 09:33:32 AM,1918.0,0,0.0,369564771.4000001
2025-08-01 09:33:32 AM,1918.0,29,55622.0,369620393.4000001
2025-08-01 09:33:33 AM,1915.8,3,5747.4,369626140.8000001
2025-08-01 09:33:34 AM,1917.9,6,11507.400000000001,369637648.20000005
2025-08-01 09:33:34 AM,1918.0,0,0.0,369637648.20000005
2025-08-01 09:33:35 AM,1915.9,0,0.0,369637648.20000005
2025-08-01 09:33:35 AM,1915.9,65,124533.5,369762181.70000005
2025-08-01 09:33:36 AM,1915.5,0,0.0,369762181.70000005
2025-08-01 09:33:37 AM,1915.5,4,7662.0,369769843.70000005
2025-08-01 09:33:37 AM,1917.9,25,47947.5,369817791.20000005
2025-08-01 09:33:38 AM,1915.9,56,107290.40000000001,369925081.6
2025-08-01 09:33:38 AM,1916.0,4,7664.0,369932745.6
2025-08-01 09:33:39 AM,1915.6,5,9578.0,369942323.6
2025-08-01 09:33:40 AM,1918.0,0,0.0,369942323.6
2025-08-01 09:33:40 AM,1918.1,104,199482.4,370141806.0
2025-08-01 09:33:40 AM,1918.2,0,0.0,370141806.0
2025-08-01 09:33:40 AM,1918.2,5,9591.0,370151397.0
2025-08-01 09:33:41 AM,1918.5,0,0.0,370151397.0
2025-08-01 09:33:41 AM,1916.1,42,80476.2,370231873.2
2025-08-01 09:33:42 AM,1916.0,6,11496.0,370243369.2
2025-08-01 09:33:43 AM,1916.0,1,1916.0,370245285.2
2025-08-01 09:33:46 AM,1918.1,0,0.0,370245285.2
2025-08-01 09:33:47 AM,1918.1,2,3836.2,370249121.4
2025-08-01 09:33:49 AM,1919.7,49,94065.3,370343186.7
2025-08-01 09:33:49 AM,1917.1,5,9585.5,370352772.2
2025-08-01 09:33:50 AM,1918.8,11,21106.8,370373879.0
2025-08-01 09:33:51 AM,1918.1,1,1918.1,370375797.1
2025-08-01 09:33:52 AM,1918.1,2,3836.2,370379633.3
2025-08-01 09:33:53 AM,1917.2,0,0.0,370379633.3
2025-08-01 09:33:53 AM,1917.2,1,1917.2,370381550.5
2025-08-01 09:33:53 AM,1917.0,0,0.0,370381550.5
2025-08-01 09:33:53 AM,1917.0,1,1917.0,370383467.5
2025-08-01 09:33:54 AM,1919.0,402,771438.0,371154905.5
2025-08-01 09:33:54 AM,1917.3,0,0.0,371154905.5
2025-08-01 09:33:55 AM,1917.3,23,44097.9,371199003.4
2025-08-01 09:33:56 AM,1916.3,109,208876.69999999998,371407880.09999996
2025-08-01 09:33:57 AM,1917.0,35,67095.0,371474975.09999996
2025-08-01 09:33:57 AM,1917.2,0,0.0,371474975.09999996
2025-08-01 09:33:58 AM,1917.0,18,34506.0,371509481.09999996
2025-08-01 09:33:58 AM,1917.0,4,7668.0,371517149.09999996
2025-08-01 09:34:00 AM,1917.0,10,19170.0,371536319.09999996
2025-08-01 09:34:00 AM,1916.3,0,0.0,371536319.09999996
2025-08-01 09:34:04 AM,1917.2,71,136121.2,371672440.29999995
2025-08-01 09:34:04 AM,1917.2,35,67102.0,371739542.29999995
2025-08-01 09:34:09 AM,1917.6,0,0.0,371739542.29999995
2025-08-01 09:34:11 AM,1923.1,0,0.0,371739542.29999995
2025-08-01 09:34:11 AM,1923.1,1618,3111575.8,374851118.09999996
2025-08-01 09:34:14 AM,1920.6,0,0.0,374851118.09999996
2025-08-01 09:34:17 AM,1920.3,0,0.0,374851118.09999996
2025-08-01 09:34:18 AM,1919.3,317,608418.1,375459536.2
2025-08-01 09:34:19 AM,1920.1,25,48002.5,375507538.7
2025-08-01 09:34:24 AM,1919.0,0,0.0,375507538.7
2025-08-01 09:34:26 AM,1916.7,651,1247771.7,376755310.4
2025-08-01 09:34:27 AM,1917.0,0,0.0,376755310.4
2025-08-01 09:34:29 AM,1916.3,0,0.0,376755310.4
2025-08-01 09:34:33 AM,1916.3,24,45991.2,376801301.59999996
2025-08-01 09:34:34 AM,1916.7,0,0.0,376801301.59999996
2025-08-01 09:34:39 AM,1916.3,160,306608.0,377107909.59999996
2025-08-01 09:34:39 AM,1916.3,6,11497.8,377119407.4
2025-08-01 09:34:46 AM,1916.3,8,15330.4,377134737.79999995
2025-08-01 09:34:49 AM,1917.2,0,0.0,377134737.79999995
2025-08-01 09:34:52 AM,1917.0,0,0.0,377134737.79999995
2025-08-01 09:34:53 AM,1917.0,209,400653.0,377535390.79999995
2025-08-01 09:35:04 AM,1916.3,0,0.0,377535390.79999995
2025-08-01 09:35:07 AM,1915.0,1084,2075860.0,379611250.79999995
2025-08-01 09:35:07 AM,1915.0,38,72770.0,379684020.79999995
2025-08-01 09:35:09 AM,1912.5,0,0.0,379684020.79999995
2025-08-01 09:35:14 AM,1910.3,0,0.0,379684020.79999995
2025-08-01 09:35:14 AM,1910.0,1015,1938650.0,381622670.79999995
2025-08-01 09:35:19 AM,1908.1,0,0.0,381622670.79999995
2025-08-01 09:35:19 AM,1905.0,0,0.0,381622670.79999995
2025-08-01 09:35:21 AM,1905.2,557,1061196.4000000001,382683867.1999999
2025-08-01 09:35:21 AM,1901.4,707,1344289.8,384028156.99999994
2025-08-01 09:35:24 AM,1903.0,0,0.0,384028156.99999994
2025-08-01 09:35:24 AM,1903.2,0,0.0,384028156.99999994
2025-08-01 09:35:28 AM,1907.2,590,1125248.0,385153404.99999994
2025-08-01 09:35:28 AM,1905.0,65,123825.0,385277229.99999994
2025-08-01 09:35:29 AM,1902.8,0,0.0,385277229.99999994
2025-08-01 09:35:29 AM,1903.3,0,0.0,385277229.99999994
2025-08-01 09:35:34 AM,1905.0,0,0.0,385277229.99999994
2025-08-01 09:35:34 AM,1902.6,0,0.0,385277229.99999994
2025-08-01 09:35:35 AM,1902.6,215,409059.0,385686288.99999994
2025-08-01 09:35:39 AM,1901.5,0,0.0,385686288.99999994
2025-08-01 09:35:42 AM,1902.6,77,146500.19999999998,385832789.1999999
2025-08-01 09:35:44 AM,1903.0,0,0.0,385832789.1999999
2025-08-01 09:35:48 AM,1903.2,186,353995.2,386186784.3999999
2025-08-01 09:35:54 AM,1903.3,0,0.0,386186784.3999999
2025-08-01 09:35:54 AM,1903.4,0,0.0,386186784.3999999
2025-08-01 09:35:55 AM,1903.4,598,1138233.2,387325017.5999999
2025-08-01 09:35:55 AM,1903.2,10,19032.0,387344049.5999999
2025-08-01 09:35:59 AM,1904.5,0,0.0,387344049.5999999
2025-08-01 09:35:59 AM,1905.8,0,0.0,387344049.5999999
2025-08-01 09:36:01 AM,1906.1,0,0.0,387344049.5999999
2025-08-01 09:36:01 AM,1906.1,174,331661.39999999997,387675710.9999999
2025-08-01 09:36:03 AM,1904.2,1,1904.2,387677615.19999987
2025-08-01 09:36:04 AM,1906.4,0,0.0,387677615.19999987
2025-08-01 09:36:04 AM,1906.4,2,3812.8,387681427.9999999
2025-08-01 09:36:05 AM,1904.5,0,0.0,387681427.9999999
2025-08-01 09:36:06 AM,1904.5,22,41899.0,387723326.9999999
2025-08-01 09:36:06 AM,1904.4,0,0.0,387723326.9999999
2025-08-01 09:36:07 AM,1904.4,102,194248.80000000002,387917575.7999999
2025-08-01 09:36:07 AM,1904.4,5,9522.0,387927097.7999999
2025-08-01 09:36:07 AM,1904.0,0,0.0,387927097.7999999
2025-08-01 09:36:08 AM,1904.0,1,1904.0,387929001.7999999
2025-08-01 09:36:08 AM,1905.7,100,190570.0,388119571.7999999
2025-08-01 09:36:08 AM,1903.8,0,0.0,388119571.7999999
2025-08-01 09:36:09 AM,1903.8,10,19038.0,388138609.7999999
2025-08-01 09:36:09 AM,1905.1,1,1905.1,388140514.8999999
2025-08-01 09:36:10 AM,1905.1,10,19051.0,388159565.8999999
2025-08-01 09:36:11 AM,1905.0,43,81915.0,388241480.8999999
2025-08-01 09:36:12 AM,1905.0,5,9525.0,388251005.8999999
2025-08-01 09:36:13 AM,1905.1,1,1905.1,388252910.99999994
2025-08-01 09:36:14 AM,1907.6,0,0.0,388252910.99999994
2025-08-01 09:36:14 AM,1906.7,13,24787.100000000002,388277698.09999996
2025-08-01 09:36:15 AM,1907.2,18,34329.6,388312027.7
2025-08-01 09:36:16 AM,1907.3,0,0.0,388312027.7
2025-08-01 09:36:16 AM,1907.3,18,34331.4,388346359.09999996
2025-08-01 09:36:17 AM,1909.1,0,0.0,388346359.09999996
2025-08-01 09:36:17 AM,1907.6,6,11445.599999999999,388357804.7
2025-08-01 09:36:18 AM,1907.6,30,57228.0,388415032.7
2025-08-01 09:36:18 AM,1907.1,7,13349.699999999999,388428382.4
2025-08-01 09:36:21 AM,1907.0,0,0.0,388428382.4
2025-08-01 09:36:21 AM,1907.0,11,20977.0,388449359.4
2025-08-01 09:36:21 AM,1906.2,0,0.0,388449359.4
2025-08-01 09:36:22 AM,1906.2,1,1906.2,388451265.59999996
2025-08-01 09:36:24 AM,1908.4,0,0.0,388451265.59999996
2025-08-01 09:36:24 AM,1908.4,25,47710.0,388498975.59999996
2025-08-01 09:36:24 AM,1906.2,2,3812.4,388502787.99999994
2025-08-01 09:36:25 AM,1908.7,1,1908.7,388504696.6999999
2025-08-01 09:36:27 AM,1907.1,4,7628.4,388512325.0999999
2025-08-01 09:36:28 AM,1907.4,2,3814.8,388516139.8999999
2025-08-01 09:36:29 AM,1909.5,5,9547.5,388525687.3999999
2025-08-01 09:36:30 AM,1912.7,0,0.0,388525687.3999999
2025-08-01 09:36:30 AM,1912.8,151,288832.8,388814520.1999999
2025-08-01 09:36:31 AM,1912.9,2,3825.8,388818345.99999994
2025-08-01 09:36:31 AM,1914.9,1,1914.9,388820260.8999999
2025-08-01 09:36:37 AM,1915.0,19,36385.0,388856645.8999999
2025-08-01 09:36:38 AM,1915.8,5,9579.0,388866224.8999999
2025-08-01 09:36:39 AM,1917.2,56,107363.2,388973588.0999999
2025-08-01 09:36:40 AM,1915.2,0,0.0,388973588.0999999
2025-08-01 09:36:40 AM,1915.2,1,1915.2,388975503.2999999
2025-08-01 09:36:41 AM,1917.0,17,32589.0,389008092.2999999
2025-08-01 09:36:41 AM,1915.1,2,3830.2,389011922.4999999
2025-08-01 09:36:42 AM,1914.8,194,371471.2,389383393.69999987
2025-08-01 09:36:42 AM,1912.8,0,0.0,389383393.69999987
2025-08-01 09:36:43 AM,1912.8,88,168326.4,389551720.09999985
2025-08-01 09:36:43 AM,1912.3,143,273458.89999999997,389825178.9999998
2025-08-01 09:36:44 AM,1911.8,1,1911.8,389827090.79999983
2025-08-01 09:36:45 AM,1911.5,1,1911.5,389829002.29999983
2025-08-01 09:36:51 AM,1912.3,0,0.0,389829002.29999983
2025-08-01 09:36:51 AM,1912.3,18,34421.4,389863423.6999998
2025-08-01 09:36:51 AM,1910.7,1,1910.7,389865334.3999998
2025-08-01 09:36:52 AM,1910.7,1,1910.7,389867245.0999998
2025-08-01 09:36:56 AM,1910.7,1,1910.7,389869155.7999998
2025-08-01 09:36:57 AM,1910.0,200,382000.0,390251155.7999998
2025-08-01 09:36:58 AM,1910.0,20,38200.0,390289355.7999998
2025-08-01 09:36:58 AM,1909.5,0,0.0,390289355.7999998
2025-08-01 09:36:59 AM,1909.5,183,349438.5,390638794.2999998
2025-08-01 09:36:59 AM,1909.0,0,0.0,390638794.2999998
2025-08-01 09:37:00 AM,1908.7,8,15269.6,390654063.8999998
2025-08-01 09:37:00 AM,1907.2,0,0.0,390654063.8999998
2025-08-01 09:37:01 AM,1908.8,2,3817.6,390657881.4999998
2025-08-01 09:37:03 AM,1907.2,0,0.0,390657881.4999998
2025-08-01 09:37:07 AM,1907.0,0,0.0,390657881.4999998
2025-08-01 09:37:08 AM,1907.0,65,123955.0,390781836.4999998
2025-08-01 09:37:12 AM,1907.2,0,0.0,390781836.4999998
2025-08-01 09:37:13 AM,1907.7,0,0.0,390781836.4999998
2025-08-01 09:37:15 AM,1907.2,206,392883.2,391174719.6999998
2025-08-01 09:37:18 AM,1906.0,0,0.0,391174719.6999998
2025-08-01 09:37:22 AM,1905.9,0,0.0,391174719.6999998
2025-08-01 09:37:22 AM,1905.9,542,1032997.8,392207717.4999998
2025-08-01 09:37:23 AM,1905.8,1,1905.8,392209623.29999983
2025-08-01 09:37:23 AM,1907.9,0,0.0,392209623.29999983
2025-08-01 09:37:27 AM,1906.1,0,0.0,392209623.29999983
2025-08-01 09:37:28 AM,1906.2,0,0.0,392209623.29999983
2025-08-01 09:37:29 AM,1906.2,231,440332.2,392649955.4999998
2025-08-01 09:37:29 AM,1909.2,14,26728.8,392676684.29999983
2025-08-01 09:37:32 AM,1905.2,0,0.0,392676684.29999983
2025-08-01 09:37:33 AM,1905.3,0,0.0,392676684.29999983
2025-08-01 09:37:36 AM,1905.3,333,634464.9,393311149.1999998
2025-08-01 09:37:41 AM,1905.5,0,0.0,393311149.1999998
2025-08-01 09:37:43 AM,1908.7,236,450453.2,393761602.3999998
2025-08-01 09:37:45 AM,1908.8,0,0.0,393761602.3999998
2025-08-01 09:37:47 AM,1908.9,0,0.0,393761602.3999998
2025-08-01 09:37:49 AM,1908.7,48,91617.6,393853219.9999998
2025-08-01 09:37:50 AM,1908.6,25,47715.0,393900934.9999998
2025-08-01 09:37:51 AM,1910.5,0,0.0,393900934.9999998
2025-08-01 09:37:55 AM,1910.3,0,0.0,393900934.9999998
2025-08-01 09:37:56 AM,1911.2,918,1754481.6,395655416.59999985
2025-08-01 09:37:57 AM,1913.6,0,0.0,395655416.59999985
2025-08-01 09:37:59 AM,1910.2,0,0.0,395655416.59999985
2025-08-01 09:38:02 AM,1908.8,0,0.0,395655416.59999985
2025-08-01 09:38:03 AM,1908.8,160,305408.0,395960824.59999985
2025-08-01 09:38:04 AM,1908.6,0,0.0,395960824.59999985
2025-08-01 09:38:10 AM,1908.6,444,847418.3999999999,396808242.9999998
2025-08-01 09:38:17 AM,1910.0,76,145160.0,396953402.9999998
2025-08-01 09:38:23 AM,1910.0,21,40110.0,396993512.9999998
2025-08-01 09:38:29 AM,1911.0,0,0.0,396993512.9999998
2025-08-01 09:38:30 AM,1911.0,190,363090.0,397356602.9999998
2025-08-01 09:38:30 AM,1911.0,10,19110.0,397375712.9999998
2025-08-01 09:38:37 AM,1911.0,1,1911.0,397377623.9999998
2025-08-01 09:38:39 AM,1911.1,0,0.0,397377623.9999998
2025-08-01 09:38:43 AM,1911.2,29,55424.8,397433048.79999983
2025-08-01 09:38:47 AM,1911.1,0,0.0,397433048.79999983
2025-08-01 09:38:50 AM,1911.3,361,689979.2999999999,398123028.09999985
2025-08-01 09:38:55 AM,1901.0,0,0.0,398123028.09999985
2025-08-01 09:38:56 AM,1901.0,5161,9811061.0,407934089.09999985
2025-08-01 09:38:56 AM,1901.7,1,1901.7,407935990.79999983
2025-08-01 09:38:59 AM,1900.0,0,0.0,407935990.79999983
2025-08-01 09:39:03 AM,1897.1,318,603277.7999999999,408539268.59999985
2025-08-01 09:39:04 AM,1899.3,0,0.0,408539268.59999985
2025-08-01 09:39:05 AM,1896.2,0,0.0,408539268.59999985
2025-08-01 09:39:09 AM,1896.3,0,0.0,408539268.59999985
2025-08-01 09:39:10 AM,1896.3,425,805927.5,409345196.09999985
2025-08-01 09:39:10 AM,1893.2,2,3786.4,409348982.4999998
2025-08-01 09:39:14 AM,1875.8,0,0.0,409348982.4999998
2025-08-01 09:39:15 AM,1871.3,0,0.0,409348982.4999998
2025-08-01 09:39:17 AM,1872.1,3692,6911793.199999999,416260775.6999998
2025-08-01 09:39:19 AM,1870.3,0,0.0,416260775.6999998
2025-08-01 09:39:23 AM,1872.3,1808,3385118.4,419645894.0999998
2025-08-01 09:39:24 AM,1874.1,0,0.0,419645894.0999998
2025-08-01 09:39:28 AM,1870.9,0,0.0,419645894.0999998
2025-08-01 09:39:30 AM,1870.1,1971,3685967.0999999996,423331861.1999998
2025-08-01 09:39:31 AM,1870.8,5,9354.0,423341215.1999998
2025-08-01 09:39:32 AM,1872.0,0,0.0,423341215.1999998
2025-08-01 09:39:36 AM,1862.4,0,0.0,423341215.1999998
2025-08-01 09:39:37 AM,1862.7,0,0.0,423341215.1999998
2025-08-01 09:39:37 AM,1862.7,1383,2576114.1,425917329.29999983
2025-08-01 09:39:37 AM,1862.7,20,37254.0,425954583.29999983
2025-08-01 09:39:40 AM,1861.9,0,0.0,425954583.29999983
2025-08-01 09:39:43 AM,1856.8,935,1736108.0,427690691.29999983
2025-08-01 09:39:44 AM,1857.0,5,9285.0,427699976.29999983
2025-08-01 09:39:44 AM,1857.1,0,0.0,427699976.29999983
2025-08-01 09:39:45 AM,1854.1,0,0.0,427699976.29999983
2025-08-01 09:39:48 AM,1855.0,0,0.0,427699976.29999983
2025-08-01 09:39:49 AM,1859.0,0,0.0,427699976.29999983
2025-08-01 09:39:50 AM,1861.9,620,1154378.0,428854354.29999983
2025-08-01 09:39:50 AM,1858.1,100,185810.0,429040164.29999983
2025-08-01 09:39:52 AM,1862.5,0,0.0,429040164.29999983
2025-08-01 09:39:53 AM,1865.8,0,0.0,429040164.29999983
2025-08-01 09:39:56 AM,1866.1,642,1198036.2,430238200.4999998
2025-08-01 09:39:57 AM,1866.4,19,35461.6,430273662.09999985
2025-08-01 09:40:00 AM,1869.7,136,254279.2,430527941.29999983
2025-08-01 09:40:00 AM,1864.6,0,0.0,430527941.29999983
2025-08-01 09:40:01 AM,1866.1,21,39188.1,430567129.39999986
2025-08-01 09:40:02 AM,1867.3,35,65355.5,430632484.89999986
2025-08-01 09:40:02 AM,1868.4,0,0.0,430632484.89999986
2025-08-01 09:40:03 AM,1866.9,18,33604.200000000004,430666089.09999985
2025-08-01 09:40:03 AM,1866.1,50,93305.0,430759394.09999985
2025-08-01 09:40:04 AM,1868.7,5,9343.5,430768737.59999985
2025-08-01 09:40:04 AM,1868.8,10,18688.0,430787425.59999985
2025-08-01 09:40:05 AM,1868.9,15,28033.5,430815459.09999985
2025-08-01 09:40:06 AM,1869.2,31,57945.200000000004,430873404.29999983
2025-08-01 09:40:07 AM,1869.7,45,84136.5,430957540.79999983
2025-08-01 09:40:07 AM,1870.0,0,0.0,430957540.79999983
2025-08-01 09:40:08 AM,1870.0,185,345950.0,431303490.79999983
2025-08-01 09:40:08 AM,1870.0,1,1870.0,431305360.79999983
2025-08-01 09:40:09 AM,1870.2,0,0.0,431305360.79999983
2025-08-01 09:40:09 AM,1870.2,1,1870.2,431307230.9999998
2025-08-01 09:40:10 AM,1872.8,0,0.0,431307230.9999998
2025-08-01 09:40:10 AM,1872.5,26,48685.0,431355915.9999998
