date,price,qty,trnvr,cum_trnvr
2025-08-01 09:15:00 AM,1898.0,156,296088.0,296088.0
2025-08-01 09:15:00 AM,1891.1,0,0.0,296088.0
2025-08-01 09:15:01 AM,1891.0,0,0.0,296088.0
2025-08-01 09:15:09 AM,1889.0,0,0.0,296088.0
2025-08-01 09:15:10 AM,1889.0,740,1397860.0,1693948.0
2025-08-01 09:15:12 AM,1894.8,216,409276.8,2103224.8
2025-08-01 09:15:18 AM,1894.7,0,0.0,2103224.8
2025-08-01 09:15:21 AM,1897.1,77,146076.69999999998,2249301.5
2025-08-01 09:15:23 AM,1898.3,352,668201.6,2917503.1
2025-08-01 09:15:26 AM,1908.4,0,0.0,2917503.1
2025-08-01 09:15:30 AM,1896.7,556,1054565.2,3972068.3
2025-08-01 09:15:31 AM,1900.1,145,275514.5,4247582.8
2025-08-01 09:15:38 AM,1908.9,203,387506.7,4635089.5
2025-08-01 09:15:50 AM,1905.7,0,0.0,4635089.5
2025-08-01 09:15:55 AM,1905.7,41,78133.7,4713223.2
2025-08-01 09:16:02 AM,1895.1,0,0.0,4713223.2
2025-08-01 09:16:03 AM,1895.1,941,1783289.0999999999,6496512.3
2025-08-01 09:16:05 AM,1907.3,1033,1970240.9,8466753.2
2025-08-01 09:16:11 AM,1907.7,10,19077.0,8485830.2
2025-08-01 09:16:13 AM,1903.2,0,0.0,8485830.2
2025-08-01 09:16:19 AM,1903.2,2,3806.4,8489636.6
2025-08-01 09:16:28 AM,1903.2,30,57096.0,8546732.6
2025-08-01 09:16:34 AM,1909.5,0,0.0,8546732.6
2025-08-01 09:16:36 AM,1909.5,125,238687.5,8785420.1
2025-08-01 09:16:44 AM,1912.8,314,600619.2,9386039.299999999
2025-08-01 09:16:44 AM,1909.5,0,0.0,9386039.299999999
2025-08-01 09:16:45 AM,1909.5,12,22914.0,9408953.299999999
2025-08-01 09:17:09 AM,1912.2,243,464664.60000000003,9873617.899999999
2025-08-01 09:17:36 AM,1909.7,0,0.0,9873617.899999999
2025-08-01 09:17:42 AM,1912.1,233,445519.3,10319137.2
2025-08-01 09:17:48 AM,1909.5,0,0.0,10319137.2
2025-08-01 09:17:50 AM,1909.5,10,19095.0,10338232.2
2025-08-01 09:18:08 AM,1910.7,19,36303.3,10374535.5
2025-08-01 09:18:31 AM,1913.4,114,218127.6,10592663.1
2025-08-01 09:18:48 AM,1913.4,516,987314.4,11579977.5
2025-08-01 09:18:49 AM,1914.2,315,602973.0,12182950.5
2025-08-01 09:18:52 AM,1915.1,0,0.0,12182950.5
2025-08-01 09:18:56 AM,1915.1,3,5745.299999999999,12188695.8
2025-08-01 09:19:00 AM,1910.7,0,0.0,12188695.8
2025-08-01 09:19:04 AM,1910.7,36,68785.2,12257481.0
2025-08-01 09:19:06 AM,1916.0,0,0.0,12257481.0
2025-08-01 09:19:12 AM,1916.0,500,958000.0,13215481.0
2025-08-01 09:19:16 AM,1918.9,0,0.0,13215481.0
2025-08-01 09:19:20 AM,1918.9,1000,1918900.0,15134381.0
2025-08-01 09:19:36 AM,1915.6,7,13409.199999999999,15147790.2
2025-08-01 09:19:52 AM,1915.4,5,9577.0,15157367.2
2025-08-01 09:20:00 AM,1917.0,619,1186623.0,16343990.2
2025-08-01 09:20:07 AM,1912.7,0,0.0,16343990.2
2025-08-01 09:20:08 AM,1910.6,814,1555228.4,17899218.599999998
2025-08-01 09:20:14 AM,1913.4,0,0.0,17899218.599999998
2025-08-01 09:20:16 AM,1920.5,534,1025547.0,18924765.599999998
2025-08-01 09:20:21 AM,1913.5,0,0.0,18924765.599999998
2025-08-01 09:20:24 AM,1914.8,197,377215.6,19301981.2
2025-08-01 09:20:24 AM,1917.3,0,0.0,19301981.2
2025-08-01 09:20:26 AM,1917.3,456,874288.7999999999,20176270.0
2025-08-01 09:20:28 AM,1915.8,0,0.0,20176270.0
2025-08-01 09:20:32 AM,1915.8,91,174337.8,20350607.8
2025-08-01 09:20:35 AM,1916.0,0,0.0,20350607.8
2025-08-01 09:20:40 AM,1916.0,50,95800.0,20446407.8
2025-08-01 09:20:49 AM,1914.6,9,17231.399999999998,20463639.2
2025-08-01 09:20:53 AM,1912.5,0,0.0,20463639.2
2025-08-01 09:20:55 AM,1912.5,100,191250.0,20654889.2
2025-08-01 09:21:04 AM,1914.0,1,1914.0,20656803.2
2025-08-01 09:21:11 AM,1915.8,726,1390870.8,22047674.0
2025-08-01 09:21:16 AM,1918.5,0,0.0,22047674.0
2025-08-01 09:21:19 AM,1918.5,582,1116567.0,23164241.0
2025-08-01 09:21:21 AM,1918.0,0,0.0,23164241.0
2025-08-01 09:21:23 AM,1916.1,0,0.0,23164241.0
2025-08-01 09:21:27 AM,1916.1,87,166700.69999999998,23330941.7
2025-08-01 09:22:14 AM,1915.4,0,0.0,23330941.7
2025-08-01 09:22:17 AM,1915.2,0,0.0,23330941.7
2025-08-01 09:22:20 AM,1915.2,54,103420.8,23434362.5
2025-08-01 09:22:28 AM,1914.8,5,9574.0,23443936.5
2025-08-01 09:22:49 AM,1914.4,0,0.0,23443936.5
2025-08-01 09:22:50 AM,1914.4,1,1914.4,23445850.9
2025-08-01 09:22:52 AM,1914.4,10,19144.0,23464994.9
2025-08-01 09:22:57 AM,1913.4,0,0.0,23464994.9
2025-08-01 09:22:58 AM,1912.9,56,107122.40000000001,23572117.299999997
2025-08-01 09:23:02 AM,1912.5,0,0.0,23572117.299999997
2025-08-01 09:23:06 AM,1912.5,108,206550.0,23778667.299999997
2025-08-01 09:23:09 AM,1914.7,0,0.0,23778667.299999997
2025-08-01 09:23:11 AM,1914.8,0,0.0,23778667.299999997
2025-08-01 09:23:14 AM,1914.8,150,287220.0,24065887.299999997
2025-08-01 09:23:16 AM,1915.4,0,0.0,24065887.299999997
2025-08-01 09:23:21 AM,1922.0,1368,2629296.0,26695183.299999997
2025-08-01 09:23:43 AM,1913.4,0,0.0,26695183.299999997
2025-08-01 09:23:44 AM,1913.4,3,5740.200000000001,26700923.499999996
2025-08-01 09:24:09 AM,1915.5,904,1731612.0,28432535.499999996
2025-08-01 09:24:15 AM,1921.8,500,960900.0,29393435.499999996
2025-08-01 09:24:31 AM,1915.1,101,193425.09999999998,29586860.599999998
2025-08-01 09:24:34 AM,1915.0,0,0.0,29586860.599999998
2025-08-01 09:24:37 AM,1915.0,25,47875.0,29634735.599999998
2025-08-01 09:25:13 AM,1914.0,0,0.0,29634735.599999998
2025-08-01 09:25:15 AM,1914.0,25,47850.0,29682585.599999998
2025-08-01 09:25:37 AM,1915.0,50,95750.0,29778335.599999998
2025-08-01 09:25:43 AM,1914.0,0,0.0,29778335.599999998
2025-08-01 09:25:45 AM,1914.0,2,3828.0,29782163.599999998
2025-08-01 09:25:47 AM,1914.1,3,5742.299999999999,29787905.9
2025-08-01 09:25:52 AM,1914.1,39,74649.9,29862555.799999997
2025-08-01 09:25:54 AM,1913.4,6,11480.400000000001,29874036.199999996
2025-08-01 09:26:00 AM,1911.6,81,154839.6,30028875.799999997
2025-08-01 09:26:38 AM,1912.4,7,13386.800000000001,30042262.599999998
2025-08-01 09:26:47 AM,1911.9,0,0.0,30042262.599999998
2025-08-01 09:26:53 AM,1911.9,2,3823.8,30046086.4
2025-08-01 09:27:10 AM,1913.0,102,195126.0,30241212.4
2025-08-01 09:27:30 AM,1915.9,506,969445.4,31210657.799999997
2025-08-01 09:27:32 AM,1925.0,500,962500.0,32173157.799999997
2025-08-01 09:27:38 AM,1915.8,22,42147.6,32215305.4
2025-08-01 09:27:45 AM,1915.8,37,70884.59999999999,32286190.0
2025-08-01 09:27:50 AM,1915.6,0,0.0,32286190.0
2025-08-01 09:27:53 AM,1914.2,294,562774.8,32848964.8
2025-08-01 09:28:00 AM,1914.9,0,0.0,32848964.8
2025-08-01 09:28:01 AM,1914.9,5,9574.5,32858539.3
2025-08-01 09:28:16 AM,1915.5,420,804510.0,33663049.3
2025-08-01 09:28:18 AM,1914.3,4,7657.2,33670706.5
2025-08-01 09:28:39 AM,1914.3,4,7657.2,33678363.7
2025-08-01 09:28:51 AM,1914.8,0,0.0,33678363.7
2025-08-01 09:28:55 AM,1914.8,2,3829.6,33682193.300000004
2025-08-01 09:28:58 AM,1915.6,0,0.0,33682193.300000004
2025-08-01 09:29:02 AM,1915.6,14,26818.399999999998,33709011.7
2025-08-01 09:29:10 AM,1915.2,5,9576.0,33718587.7
2025-08-01 09:29:56 AM,1915.2,9,17236.8,33735824.5
2025-08-01 09:30:10 AM,1916.4,75,143730.0,33879554.5
2025-08-01 09:30:11 AM,1916.9,300,575070.0,34454624.5
2025-08-01 09:30:50 AM,1914.7,0,0.0,34454624.5
2025-08-01 09:30:55 AM,1914.7,65,124455.5,34579080.0
2025-08-01 09:31:02 AM,1913.5,6,11481.0,34590561.0
2025-08-01 09:31:23 AM,1913.9,0,0.0,34590561.0
2025-08-01 09:31:24 AM,1914.0,1126,2155164.0,36745725.0
2025-08-01 09:31:41 AM,1914.2,0,0.0,36745725.0
2025-08-01 09:31:45 AM,1917.4,501,960617.4,37706342.4
2025-08-01 09:31:52 AM,1917.4,500,958700.0,38665042.4
2025-08-01 09:32:21 AM,1914.8,0,0.0,38665042.4
2025-08-01 09:32:27 AM,1914.8,2,3829.6,38668872.0
2025-08-01 09:32:41 AM,1914.3,85,162715.5,38831587.5
2025-08-01 09:33:30 AM,1914.3,2,3828.6,38835416.1
2025-08-01 09:33:36 AM,1914.3,4,7657.2,38843073.300000004
2025-08-01 09:33:47 AM,1914.0,0,0.0,38843073.300000004
2025-08-01 09:33:51 AM,1914.0,71,135894.0,38978967.300000004
2025-08-01 09:34:37 AM,1914.4,0,0.0,38978967.300000004
2025-08-01 09:34:39 AM,1914.4,5,9572.0,38988539.300000004
2025-08-01 09:34:52 AM,1914.0,0,0.0,38988539.300000004
2025-08-01 09:34:53 AM,1914.0,24,45936.0,39034475.300000004
2025-08-01 09:35:01 AM,1914.0,3,5742.0,39040217.300000004
2025-08-01 09:35:07 AM,1914.0,50,95700.0,39135917.300000004
2025-08-01 09:35:19 AM,1914.1,0,0.0,39135917.300000004
2025-08-01 09:35:21 AM,1914.1,1,1914.1,39137831.400000006
2025-08-01 09:35:28 AM,1913.9,23,44019.700000000004,39181851.10000001
2025-08-01 09:36:35 AM,1912.4,0,0.0,39181851.10000001
2025-08-01 09:36:41 AM,1912.4,3,5737.200000000001,39187588.30000001
2025-08-01 09:37:36 AM,1915.0,50,95750.0,39283338.30000001
2025-08-01 09:37:45 AM,1913.2,0,0.0,39283338.30000001
2025-08-01 09:37:50 AM,1913.2,37,70788.40000000001,39354126.70000001
2025-08-01 09:37:51 AM,1912.6,0,0.0,39354126.70000001
2025-08-01 09:37:56 AM,1912.6,34,65028.399999999994,39419155.10000001
2025-08-01 09:38:17 AM,1912.5,50,95625.0,39514780.10000001
2025-08-01 09:39:10 AM,1911.7,21,40145.700000000004,39554925.80000001
2025-08-01 09:39:14 AM,1912.2,0,0.0,39554925.80000001
2025-08-01 09:39:17 AM,1912.2,5,9561.0,39564486.80000001
2025-08-01 09:39:24 AM,1912.3,2,3824.6,39568311.40000001
2025-08-01 09:39:51 AM,1913.3,29,55485.7,39623797.10000002
2025-08-01 09:39:57 AM,1912.3,3,5736.9,39629534.000000015
2025-08-01 09:40:24 AM,1912.8,3,5738.4,39635272.40000001
2025-08-01 09:40:39 AM,1912.9,0,0.0,39635272.40000001
2025-08-01 09:40:43 AM,1912.9,2,3825.8,39639098.20000001
2025-08-01 09:42:15 AM,1912.9,107,204680.30000000002,39843778.50000001
2025-08-01 09:42:20 AM,1912.5,0,0.0,39843778.50000001
2025-08-01 09:42:21 AM,1912.5,3,5737.5,39849516.00000001
2025-08-01 09:42:28 AM,1912.5,3,5737.5,39855253.50000001
2025-08-01 09:42:38 AM,1915.2,0,0.0,39855253.50000001
2025-08-01 09:42:41 AM,1910.0,963,1839330.0,41694583.50000001
2025-08-01 09:42:58 AM,1909.1,0,0.0,41694583.50000001
2025-08-01 09:43:00 AM,1909.1,38,72545.8,41767129.300000004
2025-08-01 09:43:07 AM,1909.1,5,9545.5,41776674.800000004
2025-08-01 09:43:08 AM,1910.0,21,40110.0,41816784.800000004
2025-08-01 09:43:14 AM,1908.5,0,0.0,41816784.800000004
2025-08-01 09:43:14 AM,1908.8,47,89713.59999999999,41906498.400000006
2025-08-01 09:43:46 AM,1908.3,0,0.0,41906498.400000006
2025-08-01 09:43:47 AM,1908.3,6,11449.8,41917948.2
2025-08-01 09:43:50 AM,1910.0,0,0.0,41917948.2
2025-08-01 09:43:53 AM,1910.0,482,920620.0,42838568.2
2025-08-01 09:44:01 AM,1910.7,5,9553.5,42848121.7
2025-08-01 09:44:34 AM,1909.1,116,221455.59999999998,43069577.300000004
2025-08-01 09:45:12 AM,1907.5,253,482597.5,43552174.800000004
2025-08-01 09:45:13 AM,1906.1,1,1906.1,43554080.900000006
2025-08-01 09:45:26 AM,1907.2,505,963136.0,44517216.900000006
2025-08-01 09:45:33 AM,1907.0,5,9535.0,44526751.900000006
2025-08-01 09:45:50 AM,1907.9,0,0.0,44526751.900000006
2025-08-01 09:45:51 AM,1907.9,10,19079.0,44545830.900000006
2025-08-01 09:45:58 AM,1906.7,5,9533.5,44555364.400000006
2025-08-01 09:46:20 AM,1902.4,0,0.0,44555364.400000006
2025-08-01 09:46:23 AM,1902.4,2194,4173865.6,48729230.00000001
2025-08-01 09:46:24 AM,1901.7,0,0.0,48729230.00000001
2025-08-01 09:46:25 AM,1901.7,8,15213.6,48744443.60000001
2025-08-01 09:46:43 AM,1901.4,0,0.0,48744443.60000001
2025-08-01 09:46:44 AM,1901.4,44,83661.6,48828105.20000001
2025-08-01 09:47:07 AM,1901.0,0,0.0,48828105.20000001
2025-08-01 09:47:07 AM,1901.0,1000,1901000.0,50729105.20000001
2025-08-01 09:47:13 AM,1902.3,5,9511.5,50738616.70000001
2025-08-01 09:47:19 AM,1903.4,500,951700.0,51690316.70000001
2025-08-01 09:47:21 AM,1903.4,3,5710.200000000001,51696026.90000001
2025-08-01 09:47:27 AM,1902.2,0,0.0,51696026.90000001
2025-08-01 09:47:28 AM,1902.2,20,38044.0,51734070.90000001
2025-08-01 09:48:21 AM,1903.4,20,38068.0,51772138.90000001
2025-08-01 09:48:26 AM,1902.7,0,0.0,51772138.90000001
2025-08-01 09:48:27 AM,1902.7,36,68497.2,51840636.10000002
2025-08-01 09:48:34 AM,1903.4,5,9517.0,51850153.10000002
2025-08-01 09:49:21 AM,1901.7,0,0.0,51850153.10000002
2025-08-01 09:49:21 AM,1901.7,959,1823730.3,53673883.40000001
2025-08-01 09:49:27 AM,1901.1,0,0.0,53673883.40000001
2025-08-01 09:49:28 AM,1901.1,205,389725.5,54063608.90000001
2025-08-01 09:49:48 AM,1904.4,0,0.0,54063608.90000001
2025-08-01 09:49:49 AM,1904.4,1930,3675492.0,57739100.90000001
2025-08-01 09:50:37 AM,1906.0,0,0.0,57739100.90000001
2025-08-01 09:50:37 AM,1906.0,492,937752.0,58676852.90000001
2025-08-01 09:50:46 AM,1907.5,0,0.0,58676852.90000001
2025-08-01 09:50:46 AM,1907.5,33,62947.5,58739800.40000001
2025-08-01 09:51:08 AM,1911.6,0,0.0,58739800.40000001
2025-08-01 09:51:09 AM,1911.6,745,1424142.0,60163942.40000001
2025-08-01 09:51:24 AM,1913.0,1717,3284621.0,63448563.40000001
2025-08-01 09:51:39 AM,1912.8,0,0.0,63448563.40000001
2025-08-01 09:51:40 AM,1912.8,10,19128.0,63467691.40000001
2025-08-01 09:51:59 AM,1912.8,1,1912.8,63469604.20000001
2025-08-01 09:52:31 AM,1911.5,0,0.0,63469604.20000001
2025-08-01 09:52:32 AM,1911.5,1,1911.5,63471515.70000001
2025-08-01 09:52:40 AM,1912.9,0,0.0,63471515.70000001
2025-08-01 09:52:41 AM,1912.9,1,1912.9,63473428.60000001
2025-08-01 09:52:52 AM,1911.5,0,0.0,63473428.60000001
2025-08-01 09:52:54 AM,1911.5,15,28672.5,63502101.10000001
2025-08-01 09:52:58 AM,1912.9,0,0.0,63502101.10000001
2025-08-01 09:53:00 AM,1912.9,5,9564.5,63511665.60000001
2025-08-01 09:53:06 AM,1913.8,4,7655.2,63519320.80000001
2025-08-01 09:53:59 AM,1913.6,0,0.0,63519320.80000001
2025-08-01 09:54:02 AM,1907.1,0,0.0,63519320.80000001
2025-08-01 09:54:02 AM,1907.1,582,1109932.2,64629253.000000015
2025-08-01 09:54:23 AM,1905.9,0,0.0,64629253.000000015
2025-08-01 09:54:27 AM,1905.9,96,182966.40000000002,64812219.40000001
2025-08-01 09:54:48 AM,1906.8,0,0.0,64812219.40000001
2025-08-01 09:54:48 AM,1903.7,0,0.0,64812219.40000001
2025-08-01 09:54:51 AM,1904.2,0,0.0,64812219.40000001
2025-08-01 09:54:51 AM,1904.2,1853,3528482.6,68340702.00000001
2025-08-01 09:55:38 AM,1903.7,7,13325.9,68354027.90000002
2025-08-01 09:55:45 AM,1901.9,0,0.0,68354027.90000002
2025-08-01 09:55:45 AM,1901.9,180,342342.0,68696369.90000002
2025-08-01 09:55:56 AM,1901.1,0,0.0,68696369.90000002
2025-08-01 09:55:57 AM,1901.1,1356,2577891.6,71274261.50000001
2025-08-01 09:55:59 AM,1900.0,0,0.0,71274261.50000001
2025-08-01 09:56:03 AM,1900.0,46,87400.0,71361661.50000001
2025-08-01 09:56:20 AM,1898.7,0,0.0,71361661.50000001
2025-08-01 09:56:21 AM,1898.7,20,37974.0,71399635.50000001
2025-08-01 09:56:38 AM,1899.9,0,0.0,71399635.50000001
2025-08-01 09:56:38 AM,1899.9,1,1899.9,71401535.40000002
2025-08-01 09:57:02 AM,1900.0,148,281200.0,71682735.40000002
2025-08-01 09:57:34 AM,1898.7,71,134807.7,71817543.10000002
2025-08-01 09:58:00 AM,1899.9,0,0.0,71817543.10000002
2025-08-01 09:58:01 AM,1899.9,150,284985.0,72102528.10000002
2025-08-01 09:59:02 AM,1898.1,7,13286.699999999999,72115814.80000003
2025-08-01 09:59:18 AM,1898.3,89,168948.69999999998,72284763.50000003
2025-08-01 09:59:21 AM,1900.0,411,780900.0,73065663.50000003
2025-08-01 09:59:30 AM,1900.0,150,285000.0,73350663.50000003
2025-08-01 09:59:34 AM,1899.3,1,1899.3,73352562.80000003
2025-08-01 09:59:49 AM,1899.3,1,1899.3,73354462.10000002
2025-08-01 10:00:33 AM,1899.3,3,5697.9,73360160.00000003
2025-08-01 10:00:52 AM,1899.6,4,7598.4,73367758.40000004
2025-08-01 10:01:21 AM,1898.3,0,0.0,73367758.40000004
2025-08-01 10:01:21 AM,1898.3,4,7593.2,73375351.60000004
2025-08-01 10:03:04 AM,1900.0,150,285000.0,73660351.60000004
2025-08-01 10:03:17 AM,1898.4,0,0.0,73660351.60000004
2025-08-01 10:03:17 AM,1898.4,94,178449.6,73838801.20000003
2025-08-01 10:04:59 AM,1900.0,0,0.0,73838801.20000003
2025-08-01 10:05:00 AM,1900.0,13,24700.0,73863501.20000003
2025-08-01 10:05:16 AM,1900.0,8,15200.0,73878701.20000003
2025-08-01 10:05:37 AM,1900.0,9,17100.0,73895801.20000003
2025-08-01 10:06:03 AM,1899.4,0,0.0,73895801.20000003
2025-08-01 10:06:04 AM,1899.4,56,106366.40000000001,74002167.60000004
2025-08-01 10:06:29 AM,1899.7,0,0.0,74002167.60000004
2025-08-01 10:06:30 AM,1899.7,9,17097.3,74019264.90000004
2025-08-01 10:06:59 AM,1898.3,79,149965.69999999998,74169230.60000004
2025-08-01 10:07:26 AM,1898.6,2,3797.2,74173027.80000004
2025-08-01 10:07:42 AM,1900.0,0,0.0,74173027.80000004
2025-08-01 10:07:42 AM,1900.0,10,19000.0,74192027.80000004
2025-08-01 10:08:23 AM,1898.6,0,0.0,74192027.80000004
2025-08-01 10:08:25 AM,1898.6,112,212643.19999999998,74404671.00000004
2025-08-01 10:09:05 AM,1900.0,0,0.0,74404671.00000004
2025-08-01 10:09:07 AM,1900.0,20,38000.0,74442671.00000004
2025-08-01 10:10:05 AM,1900.0,1,1900.0,74444571.00000004
2025-08-01 10:10:47 AM,1900.0,5,9500.0,74454071.00000004
2025-08-01 10:11:38 AM,1903.5,0,0.0,74454071.00000004
2025-08-01 10:11:39 AM,1903.5,500,951750.0,75405821.00000004
2025-08-01 10:12:29 AM,1902.5,0,0.0,75405821.00000004
2025-08-01 10:12:32 AM,1902.5,5,9512.5,75415333.50000004
2025-08-01 10:13:08 AM,1902.2,0,0.0,75415333.50000004
2025-08-01 10:13:12 AM,1902.2,2,3804.4,75419137.90000005
2025-08-01 10:14:00 AM,1906.2,5,9531.0,75428668.90000005
2025-08-01 10:14:32 AM,1907.0,0,0.0,75428668.90000005
2025-08-01 10:14:34 AM,1907.0,219,417633.0,75846301.90000005
2025-08-01 10:15:03 AM,1907.0,50,95350.0,75941651.90000005
2025-08-01 10:15:17 AM,1905.0,0,0.0,75941651.90000005
2025-08-01 10:15:20 AM,1906.9,0,0.0,75941651.90000005
2025-08-01 10:15:21 AM,1906.9,27,51486.3,75993138.20000005
2025-08-01 10:15:26 AM,1905.9,0,0.0,75993138.20000005
2025-08-01 10:15:27 AM,1905.9,5,9529.5,76002667.70000005
2025-08-01 10:17:05 AM,1905.6,38,72412.8,76075080.50000004
2025-08-01 10:17:28 AM,1907.2,0,0.0,76075080.50000004
2025-08-01 10:17:29 AM,1907.2,37,70566.40000000001,76145646.90000005
2025-08-01 10:17:40 AM,1907.2,25,47680.0,76193326.90000005
2025-08-01 10:18:54 AM,1904.4,0,0.0,76193326.90000005
2025-08-01 10:18:55 AM,1904.4,272,517996.80000000005,76711323.70000005
2025-08-01 10:19:12 AM,1905.1,0,0.0,76711323.70000005
2025-08-01 10:19:13 AM,1905.1,50,95255.0,76806578.70000005
2025-08-01 10:19:30 AM,1902.6,0,0.0,76806578.70000005
2025-08-01 10:19:30 AM,1902.6,62,117961.2,76924539.90000005
2025-08-01 10:20:32 AM,1904.6,0,0.0,76924539.90000005
2025-08-01 10:20:32 AM,1904.6,501,954204.6,77878744.50000004
2025-08-01 10:22:34 AM,1903.9,1,1903.9,77880648.40000005
2025-08-01 10:23:45 AM,1904.0,1,1904.0,77882552.40000005
2025-08-01 10:25:08 AM,1903.1,0,0.0,77882552.40000005
2025-08-01 10:25:08 AM,1903.1,40,76124.0,77958676.40000005
2025-08-01 10:27:35 AM,1905.7,0,0.0,77958676.40000005
2025-08-01 10:27:35 AM,1905.7,1,1905.7,77960582.10000005
2025-08-01 10:28:14 AM,1904.3,0,0.0,77960582.10000005
2025-08-01 10:28:15 AM,1904.3,1,1904.3,77962486.40000005
2025-08-01 10:29:22 AM,1904.3,1,1904.3,77964390.70000005
2025-08-01 10:29:44 AM,1904.3,1,1904.3,77966295.00000004
2025-08-01 10:30:18 AM,1904.3,3,5712.9,77972007.90000005
2025-08-01 10:30:30 AM,1903.0,33,62799.0,78034806.90000005
2025-08-01 10:33:04 AM,1905.2,1,1905.2,78036712.10000005
2025-08-01 10:34:41 AM,1905.9,10,19059.0,78055771.10000005
2025-08-01 10:35:12 AM,1906.0,0,0.0,78055771.10000005
2025-08-01 10:35:14 AM,1906.0,7,13342.0,78069113.10000005
2025-08-01 10:35:36 AM,1904.0,45,85680.0,78154793.10000005
2025-08-01 10:36:31 AM,1904.9,0,0.0,78154793.10000005
2025-08-01 10:36:32 AM,1903.2,623,1185693.6,79340486.70000005
2025-08-01 10:37:01 AM,1905.0,500,952500.0,80292986.70000005
2025-08-01 10:37:10 AM,1903.2,0,0.0,80292986.70000005
2025-08-01 10:37:10 AM,1903.2,7,13322.4,80306309.10000005
2025-08-01 10:37:51 AM,1903.2,5,9516.0,80315825.10000005
2025-08-01 10:39:41 AM,1905.4,0,0.0,80315825.10000005
2025-08-01 10:39:41 AM,1905.4,3,5716.200000000001,80321541.30000006
2025-08-01 10:40:03 AM,1904.0,0,0.0,80321541.30000006
2025-08-01 10:40:03 AM,1904.0,1,1904.0,80323445.30000006
2025-08-01 10:40:36 AM,1903.6,43,81854.8,80405300.10000005
2025-08-01 10:42:13 AM,1903.7,0,0.0,80405300.10000005
2025-08-01 10:42:14 AM,1903.7,12,22844.4,80428144.50000006
2025-08-01 10:43:46 AM,1905.4,0,0.0,80428144.50000006
2025-08-01 10:43:47 AM,1905.4,1,1905.4,80430049.90000007
2025-08-01 10:46:21 AM,1902.0,52,98904.0,80528953.90000007
2025-08-01 10:47:28 AM,1901.1,0,0.0,80528953.90000007
2025-08-01 10:47:30 AM,1901.8,0,0.0,80528953.90000007
2025-08-01 10:47:30 AM,1901.8,6,11410.8,80540364.70000006
2025-08-01 10:47:36 AM,1899.9,0,0.0,80540364.70000006
2025-08-01 10:47:38 AM,1899.9,10,18999.0,80559363.70000006
2025-08-01 10:47:44 AM,1899.8,0,0.0,80559363.70000006
2025-08-01 10:47:46 AM,1899.8,20,37996.0,80597359.70000006
2025-08-01 10:49:29 AM,1900.0,0,0.0,80597359.70000006
2025-08-01 10:49:29 AM,1900.0,507,963300.0,81560659.70000006
2025-08-01 10:50:08 AM,1901.4,4,7605.6,81568265.30000006
2025-08-01 10:50:31 AM,1903.4,0,0.0,81568265.30000006
2025-08-01 10:50:35 AM,1903.4,50,95170.0,81663435.30000006
2025-08-01 10:54:10 AM,1902.0,0,0.0,81663435.30000006
2025-08-01 10:54:12 AM,1901.8,0,0.0,81663435.30000006
2025-08-01 10:54:12 AM,1901.8,3,5705.4,81669140.70000006
2025-08-01 10:54:13 AM,1903.5,1,1903.5,81671044.20000006
2025-08-01 10:54:14 AM,1903.7,0,0.0,81671044.20000006
2025-08-01 10:54:17 AM,1903.7,2,3807.4,81674851.60000007
2025-08-01 10:54:46 AM,1903.4,0,0.0,81674851.60000007
2025-08-01 10:54:49 AM,1903.4,10,19034.0,81693885.60000007
2025-08-01 10:57:02 AM,1901.0,0,0.0,81693885.60000007
2025-08-01 10:57:02 AM,1901.0,100,190100.0,81883985.60000007
2025-08-01 10:57:07 AM,1900.2,100,190020.0,82074005.60000007
2025-08-01 10:57:12 AM,1897.6,0,0.0,82074005.60000007
2025-08-01 10:57:12 AM,1897.6,379,719190.4,82793196.00000007
2025-08-01 10:57:14 AM,1895.3,0,0.0,82793196.00000007
2025-08-01 10:57:17 AM,1895.3,100,189530.0,82982726.00000007
2025-08-01 10:57:20 AM,1894.7,0,0.0,82982726.00000007
2025-08-01 10:57:23 AM,1894.7,102,193259.4,83175985.40000008
2025-08-01 10:57:26 AM,1898.2,0,0.0,83175985.40000008
2025-08-01 10:57:28 AM,1898.2,527,1000351.4,84176336.80000009
2025-08-01 10:58:02 AM,1901.9,0,0.0,84176336.80000009
2025-08-01 10:58:05 AM,1901.9,2,3803.8,84180140.60000008
2025-08-01 10:59:02 AM,1900.3,0,0.0,84180140.60000008
2025-08-01 10:59:05 AM,1900.3,1,1900.3,84182040.90000008
2025-08-01 10:59:06 AM,1899.5,0,0.0,84182040.90000008
2025-08-01 10:59:10 AM,1899.5,7,13296.5,84195337.40000008
2025-08-01 11:01:23 AM,1901.9,0,0.0,84195337.40000008
2025-08-01 11:01:24 AM,1901.9,129,245345.1,84440682.50000007
2025-08-01 11:01:29 AM,1903.8,0,0.0,84440682.50000007
2025-08-01 11:01:29 AM,1903.8,503,957611.4,85398293.90000008
2025-08-01 11:02:09 AM,1905.3,0,0.0,85398293.90000008
2025-08-01 11:02:11 AM,1905.3,3,5715.9,85404009.80000009
2025-08-01 11:02:34 AM,1906.6,101,192566.59999999998,85596576.40000008
2025-08-01 11:03:07 AM,1906.0,0,0.0,85596576.40000008
2025-08-01 11:03:10 AM,1906.0,10,19060.0,85615636.40000008
2025-08-01 11:03:27 AM,1907.0,0,0.0,85615636.40000008
2025-08-01 11:03:27 AM,1907.0,2,3814.0,85619450.40000008
2025-08-01 11:03:32 AM,1908.0,495,944460.0,86563910.40000008
2025-08-01 11:03:41 AM,1909.5,269,513655.5,87077565.90000008
2025-08-01 11:03:46 AM,1909.0,1,1909.0,87079474.90000008
2025-08-01 11:04:13 AM,1908.3,33,62973.9,87142448.80000009
2025-08-01 11:04:30 AM,1908.3,5,9541.5,87151990.30000009
2025-08-01 11:04:40 AM,1907.3,2,3814.6,87155804.90000008
2025-08-01 11:04:51 AM,1909.8,0,0.0,87155804.90000008
2025-08-01 11:04:51 AM,1909.8,60,114588.0,87270392.90000008
2025-08-01 11:04:53 AM,1912.5,0,0.0,87270392.90000008
2025-08-01 11:04:54 AM,1912.5,200,382500.0,87652892.90000008
2025-08-01 11:05:24 AM,1909.8,0,0.0,87652892.90000008
2025-08-01 11:05:26 AM,1909.8,25,47745.0,87700637.90000008
2025-08-01 11:06:33 AM,1910.7,2,3821.4,87704459.30000009
2025-08-01 11:06:53 AM,1911.0,0,0.0,87704459.30000009
2025-08-01 11:06:53 AM,1911.0,13,24843.0,87729302.30000009
2025-08-01 11:07:07 AM,1911.6,50,95580.0,87824882.30000009
2025-08-01 11:07:13 AM,1911.7,2,3823.4,87828705.70000009
2025-08-01 11:08:07 AM,1911.7,2,3823.4,87832529.1000001
2025-08-01 11:08:48 AM,1911.7,426,814384.2000000001,88646913.3000001
2025-08-01 11:09:19 AM,1911.7,2,3823.4,88650736.7000001
2025-08-01 11:09:30 AM,1911.7,5,9558.5,88660295.2000001
2025-08-01 11:10:20 AM,1912.4,0,0.0,88660295.2000001
2025-08-01 11:10:21 AM,1912.4,30,57372.0,88717667.2000001
2025-08-01 11:10:28 AM,1913.0,49,93737.0,88811404.2000001
2025-08-01 11:10:36 AM,1912.3,0,0.0,88811404.2000001
2025-08-01 11:10:38 AM,1911.9,599,1145228.1,89956632.3000001
2025-08-01 11:10:40 AM,1911.8,0,0.0,89956632.3000001
2025-08-01 11:10:43 AM,1911.8,1,1911.8,89958544.1000001
2025-08-01 11:11:06 AM,1911.0,0,0.0,89958544.1000001
2025-08-01 11:11:06 AM,1911.0,1,1911.0,89960455.1000001
2025-08-01 11:11:28 AM,1913.0,0,0.0,89960455.1000001
2025-08-01 11:11:28 AM,1913.0,451,862763.0,90823218.1000001
2025-08-01 11:12:10 AM,1914.5,21,40204.5,90863422.6000001
2025-08-01 11:12:26 AM,1913.3,0,0.0,90863422.6000001
2025-08-01 11:12:26 AM,1913.3,250,478325.0,91341747.6000001
2025-08-01 11:12:28 AM,1916.4,0,0.0,91341747.6000001
2025-08-01 11:12:32 AM,1916.4,1,1916.4,91343664.0000001
2025-08-01 11:13:02 AM,1914.6,0,0.0,91343664.0000001
2025-08-01 11:13:03 AM,1914.6,5,9573.0,91353237.0000001
2025-08-01 11:13:16 AM,1914.2,0,0.0,91353237.0000001
2025-08-01 11:13:19 AM,1914.2,55,105281.0,91458518.0000001
2025-08-01 11:13:28 AM,1911.2,0,0.0,91458518.0000001
2025-08-01 11:13:30 AM,1911.2,250,477800.0,91936318.0000001
2025-08-01 11:13:39 AM,1912.5,0,0.0,91936318.0000001
2025-08-01 11:13:41 AM,1912.5,505,965812.5,92902130.5000001
2025-08-01 11:13:48 AM,1912.8,1,1912.8,92904043.3000001
2025-08-01 11:16:22 AM,1913.1,5,9565.5,92913608.8000001
2025-08-01 11:17:01 AM,1913.0,0,0.0,92913608.8000001
2025-08-01 11:17:01 AM,1913.7,0,0.0,92913608.8000001
2025-08-01 11:17:03 AM,1913.7,33,63152.1,92976760.9000001
2025-08-01 11:18:07 AM,1913.7,9,17223.3,92993984.20000009
2025-08-01 11:18:33 AM,1913.8,0,0.0,92993984.20000009
2025-08-01 11:18:35 AM,1913.8,6,11482.8,93005467.00000009
2025-08-01 11:19:18 AM,1912.0,0,0.0,93005467.00000009
2025-08-01 11:19:21 AM,1912.0,1,1912.0,93007379.00000009
2025-08-01 11:20:25 AM,1912.0,1,1912.0,93009291.00000009
2025-08-01 11:21:01 AM,1912.0,70,133840.0,93143131.00000009
2025-08-01 11:21:46 AM,1911.0,0,0.0,93143131.00000009
2025-08-01 11:21:48 AM,1911.0,178,340158.0,93483289.00000009
2025-08-01 11:22:03 AM,1911.0,30,57330.0,93540619.00000009
2025-08-01 11:22:28 AM,1911.1,0,0.0,93540619.00000009
2025-08-01 11:22:31 AM,1911.1,9,17199.899999999998,93557818.9000001
2025-08-01 11:22:51 AM,1911.9,0,0.0,93557818.9000001
2025-08-01 11:22:52 AM,1911.9,2,3823.8,93561642.70000009
2025-08-01 11:23:18 AM,1911.9,1,1911.9,93563554.6000001
2025-08-01 11:23:44 AM,1911.9,1,1911.9,93565466.5000001
2025-08-01 11:24:01 AM,1912.0,0,0.0,93565466.5000001
2025-08-01 11:24:03 AM,1912.0,48,91776.0,93657242.5000001
2025-08-01 11:24:14 AM,1912.3,10,19123.0,93676365.5000001
2025-08-01 11:24:44 AM,1913.7,0,0.0,93676365.5000001
2025-08-01 11:24:46 AM,1913.7,2,3827.4,93680192.90000011
2025-08-01 11:24:50 AM,1912.4,0,0.0,93680192.90000011
2025-08-01 11:24:51 AM,1912.4,9,17211.600000000002,93697404.5000001
2025-08-01 11:25:14 AM,1912.3,0,0.0,93697404.5000001
2025-08-01 11:25:18 AM,1912.3,20,38246.0,93735650.5000001
2025-08-01 11:27:10 AM,1913.9,2,3827.8,93739478.3000001
2025-08-01 11:27:41 AM,1914.0,0,0.0,93739478.3000001
2025-08-01 11:27:41 AM,1914.0,2,3828.0,93743306.3000001
2025-08-01 11:28:38 AM,1914.0,2,3828.0,93747134.3000001
2025-08-01 11:29:08 AM,1914.5,74,141673.0,93888807.3000001
2025-08-01 11:29:16 AM,1914.7,0,0.0,93888807.3000001
2025-08-01 11:29:16 AM,1914.7,19,36379.3,93925186.6000001
2025-08-01 11:29:19 AM,1916.3,2,3832.6,93929019.20000009
2025-08-01 11:29:38 AM,1916.0,0,0.0,93929019.20000009
2025-08-01 11:29:40 AM,1916.0,1,1916.0,93930935.20000009
2025-08-01 11:29:50 AM,1916.3,0,0.0,93930935.20000009
2025-08-01 11:29:51 AM,1916.3,5,9581.5,93940516.70000009
2025-08-01 11:30:03 AM,1916.3,2,3832.6,93944349.30000009
2025-08-01 11:30:09 AM,1916.4,0,0.0,93944349.30000009
2025-08-01 11:30:11 AM,1916.4,2,3832.8,93948182.10000008
2025-08-01 11:30:56 AM,1916.4,30,57492.0,94005674.10000008
2025-08-01 11:30:59 AM,1916.4,15,28746.0,94034420.10000008
2025-08-01 11:31:01 AM,1916.4,2,3832.8,94038252.90000008
2025-08-01 11:31:04 AM,1916.5,3,5749.5,94044002.40000008
2025-08-01 11:31:06 AM,1916.4,1,1916.4,94045918.80000009
2025-08-01 11:31:21 AM,1916.0,93,178188.0,94224106.80000009
2025-08-01 11:32:44 AM,1916.9,0,0.0,94224106.80000009
2025-08-01 11:32:44 AM,1916.9,27,51756.3,94275863.10000008
2025-08-01 11:32:47 AM,1916.3,0,0.0,94275863.10000008
2025-08-01 11:32:47 AM,1916.3,1,1916.3,94277779.40000008
2025-08-01 11:33:46 AM,1915.5,0,0.0,94277779.40000008
2025-08-01 11:33:50 AM,1915.5,5,9577.5,94287356.90000008
2025-08-01 11:34:01 AM,1916.0,0,0.0,94287356.90000008
2025-08-01 11:34:04 AM,1916.0,2,3832.0,94291188.90000008
2025-08-01 11:34:25 AM,1916.0,1,1916.0,94293104.90000008
2025-08-01 11:34:35 AM,1916.0,1,1916.0,94295020.90000008
2025-08-01 11:34:56 AM,1916.0,1,1916.0,94296936.90000008
2025-08-01 11:35:02 AM,1916.0,1,1916.0,94298852.90000008
2025-08-01 11:35:11 AM,1917.5,0,0.0,94298852.90000008
2025-08-01 11:35:12 AM,1917.5,1,1917.5,94300770.40000008
2025-08-01 11:35:16 AM,1917.6,0,0.0,94300770.40000008
2025-08-01 11:35:18 AM,1917.6,2,3835.2,94304605.60000008
2025-08-01 11:35:23 AM,1908.7,0,0.0,94304605.60000008
2025-08-01 11:35:23 AM,1908.7,1501,2864958.7,97169564.30000009
2025-08-01 11:37:31 AM,1909.4,0,0.0,97169564.30000009
2025-08-01 11:37:33 AM,1909.4,1,1909.4,97171473.70000009
2025-08-01 11:38:42 AM,1912.4,0,0.0,97171473.70000009
2025-08-01 11:38:44 AM,1912.4,76,145342.4,97316816.1000001
2025-08-01 11:39:27 AM,1913.2,0,0.0,97316816.1000001
2025-08-01 11:39:29 AM,1913.2,2,3826.4,97320642.5000001
2025-08-01 11:39:43 AM,1915.6,536,1026761.6,98347404.1000001
2025-08-01 11:39:46 AM,1915.9,0,0.0,98347404.1000001
2025-08-01 11:39:47 AM,1915.9,2,3831.8,98351235.9000001
2025-08-01 11:40:05 AM,1914.5,0,0.0,98351235.9000001
2025-08-01 11:40:07 AM,1914.5,11,21059.5,98372295.4000001
2025-08-01 11:40:09 AM,1917.0,0,0.0,98372295.4000001
2025-08-01 11:40:12 AM,1917.0,128,245376.0,98617671.4000001
2025-08-01 11:40:27 AM,1914.7,0,0.0,98617671.4000001
2025-08-01 11:40:27 AM,1914.7,1,1914.7,98619586.1000001
2025-08-01 11:40:44 AM,1914.3,501,959064.2999999999,99578650.4000001
2025-08-01 11:40:45 AM,1914.7,0,0.0,99578650.4000001
2025-08-01 11:40:48 AM,1914.7,3,5744.1,99584394.50000009
2025-08-01 11:41:53 AM,1914.3,0,0.0,99584394.50000009
2025-08-01 11:41:54 AM,1914.3,4,7657.2,99592051.70000009
2025-08-01 11:42:17 AM,1915.9,0,0.0,99592051.70000009
2025-08-01 11:42:19 AM,1915.9,26,49813.4,99641865.1000001
2025-08-01 11:42:43 AM,1916.0,0,0.0,99641865.1000001
2025-08-01 11:42:45 AM,1916.0,502,961832.0,100603697.1000001
2025-08-01 11:44:10 AM,1910.7,49,93624.3,100697321.4000001
2025-08-01 11:44:39 AM,1905.0,0,0.0,100697321.4000001
2025-08-01 11:44:40 AM,1905.0,1515,2886075.0,103583396.4000001
2025-08-01 11:45:06 AM,1907.1,0,0.0,103583396.4000001
2025-08-01 11:45:06 AM,1907.1,1,1907.1,103585303.50000009
2025-08-01 11:45:22 AM,1905.4,0,0.0,103585303.50000009
2025-08-01 11:45:22 AM,1905.4,2,3810.8,103589114.30000009
2025-08-01 11:46:51 AM,1908.0,0,0.0,103589114.30000009
2025-08-01 11:46:53 AM,1908.1,79,150739.9,103739854.20000009
2025-08-01 11:46:55 AM,1907.1,0,0.0,103739854.20000009
2025-08-01 11:46:58 AM,1907.1,21,40049.1,103779903.30000009
2025-08-01 11:47:02 AM,1906.2,0,0.0,103779903.30000009
2025-08-01 11:47:03 AM,1906.2,69,131527.80000000002,103911431.10000008
2025-08-01 11:47:11 AM,1904.7,0,0.0,103911431.10000008
2025-08-01 11:47:13 AM,1904.7,15,28570.5,103940001.60000008
2025-08-01 11:47:15 AM,1904.4,0,0.0,103940001.60000008
2025-08-01 11:47:19 AM,1904.4,3,5713.200000000001,103945714.80000009
2025-08-01 11:48:21 AM,1906.4,0,0.0,103945714.80000009
2025-08-01 11:48:23 AM,1905.4,0,0.0,103945714.80000009
2025-08-01 11:48:25 AM,1903.8,565,1075647.0,105021361.80000009
2025-08-01 11:48:27 AM,1903.3,0,0.0,105021361.80000009
2025-08-01 11:48:30 AM,1903.3,46,87551.8,105108913.60000008
2025-08-01 11:48:32 AM,1903.7,0,0.0,105108913.60000008
2025-08-01 11:48:35 AM,1903.7,20,38074.0,105146987.60000008
2025-08-01 11:48:43 AM,1901.4,0,0.0,105146987.60000008
2025-08-01 11:48:45 AM,1901.4,147,279505.8,105426493.40000008
2025-08-01 11:48:48 AM,1902.1,0,0.0,105426493.40000008
2025-08-01 11:48:50 AM,1901.0,0,0.0,105426493.40000008
2025-08-01 11:48:50 AM,1901.0,37,70337.0,105496830.40000008
2025-08-01 11:48:58 AM,1900.0,0,0.0,105496830.40000008
2025-08-01 11:49:00 AM,1901.7,0,0.0,105496830.40000008
2025-08-01 11:49:00 AM,1901.7,471,895700.7000000001,106392531.10000008
2025-08-01 11:49:08 AM,1902.3,0,0.0,106392531.10000008
2025-08-01 11:49:11 AM,1902.3,4,7609.2,106400140.30000009
2025-08-01 11:49:15 AM,1902.0,0,0.0,106400140.30000009
2025-08-01 11:49:16 AM,1902.0,1,1902.0,106402042.30000009
2025-08-01 11:49:17 AM,1901.9,0,0.0,106402042.30000009
2025-08-01 11:49:21 AM,1901.9,1,1901.9,106403944.20000009
2025-08-01 11:49:38 AM,1903.0,0,0.0,106403944.20000009
2025-08-01 11:49:42 AM,1903.0,2,3806.0,106407750.20000009
2025-08-01 11:49:44 AM,1901.7,0,0.0,106407750.20000009
2025-08-01 11:49:48 AM,1901.7,1,1901.7,106409651.9000001
2025-08-01 11:49:49 AM,1903.0,0,0.0,106409651.9000001
2025-08-01 11:49:53 AM,1901.9,7,13313.300000000001,106422965.20000009
2025-08-01 11:50:05 AM,1899.9,0,0.0,106422965.20000009
2025-08-01 11:50:08 AM,1899.9,922,1751707.8,108174673.00000009
2025-08-01 11:50:10 AM,1900.0,0,0.0,108174673.00000009
2025-08-01 11:50:13 AM,1900.0,653,1240700.0,109415373.00000009
2025-08-01 11:50:41 AM,1903.7,0,0.0,109415373.00000009
2025-08-01 11:50:44 AM,1903.7,55,104703.5,109520076.50000009
2025-08-01 11:50:47 AM,1902.2,0,0.0,109520076.50000009
2025-08-01 11:50:49 AM,1902.0,11,20922.0,109540998.50000009
2025-08-01 11:50:57 AM,1903.9,0,0.0,109540998.50000009
2025-08-01 11:50:58 AM,1904.0,0,0.0,109540998.50000009
2025-08-01 11:50:58 AM,1904.0,8,15232.0,109556230.50000009
2025-08-01 11:51:03 AM,1902.1,26,49454.6,109605685.10000008
2025-08-01 11:51:05 AM,1901.4,0,0.0,109605685.10000008
2025-08-01 11:51:07 AM,1901.0,0,0.0,109605685.10000008
2025-08-01 11:51:08 AM,1901.0,7,13307.0,109618992.10000008
2025-08-01 11:51:14 AM,1901.4,0,0.0,109618992.10000008
2025-08-01 11:51:18 AM,1901.4,1,1901.4,109620893.50000009
2025-08-01 11:51:23 AM,1901.0,40,76040.0,109696933.50000009
2025-08-01 11:51:32 AM,1901.4,0,0.0,109696933.50000009
2025-08-01 11:51:33 AM,1901.4,2,3802.8,109700736.30000009
2025-08-01 11:53:15 AM,1901.4,2,3802.8,109704539.10000008
2025-08-01 11:53:24 AM,1901.4,1,1901.4,109706440.50000009
2025-08-01 11:53:29 AM,1901.4,1,1901.4,109708341.9000001
2025-08-01 11:54:47 AM,1902.5,0,0.0,109708341.9000001
2025-08-01 11:54:50 AM,1902.5,6,11415.0,109719756.9000001
2025-08-01 11:54:56 AM,1901.5,0,0.0,109719756.9000001
2025-08-01 11:54:56 AM,1901.5,1,1901.5,109721658.4000001
2025-08-01 11:55:14 AM,1902.5,0,0.0,109721658.4000001
2025-08-01 11:55:16 AM,1902.5,2,3805.0,109725463.4000001
2025-08-01 11:55:23 AM,1901.5,0,0.0,109725463.4000001
2025-08-01 11:55:26 AM,1901.5,1,1901.5,109727364.9000001
2025-08-01 11:55:45 AM,1904.2,0,0.0,109727364.9000001
2025-08-01 11:55:46 AM,1904.2,300,571260.0,110298624.9000001
2025-08-01 11:55:49 AM,1905.0,0,0.0,110298624.9000001
2025-08-01 11:55:50 AM,1901.8,0,0.0,110298624.9000001
2025-08-01 11:55:50 AM,1901.8,422,802559.6,111101184.50000009
2025-08-01 11:55:59 AM,1902.5,0,0.0,111101184.50000009
2025-08-01 11:56:00 AM,1902.5,9,17122.5,111118307.00000009
2025-08-01 11:56:01 AM,1902.4,0,0.0,111118307.00000009
2025-08-01 11:56:02 AM,1902.4,6,11414.400000000001,111129721.4000001
2025-08-01 11:56:03 AM,1902.3,0,0.0,111129721.4000001
2025-08-01 11:56:05 AM,1902.3,9,17120.7,111146842.1000001
2025-08-01 11:56:08 AM,1902.5,0,0.0,111146842.1000001
2025-08-01 11:56:11 AM,1902.5,5,9512.5,111156354.6000001
2025-08-01 11:56:17 AM,1902.6,1,1902.6,111158257.20000009
2025-08-01 11:56:31 AM,1902.6,4,7610.4,111165867.6000001
2025-08-01 11:56:35 AM,1901.9,0,0.0,111165867.6000001
2025-08-01 11:56:36 AM,1901.9,2,3803.8,111169671.4000001
2025-08-01 11:56:41 AM,1902.6,1,1902.6,111171574.00000009
2025-08-01 11:58:41 AM,1902.6,12,22831.199999999997,111194405.20000009
2025-08-01 11:58:45 AM,1903.0,2,3806.0,111198211.20000009
2025-08-01 11:58:50 AM,1902.6,1,1902.6,111200113.80000009
2025-08-01 11:59:26 AM,1902.6,16,30441.6,111230555.40000008
2025-08-01 11:59:34 AM,1903.0,0,0.0,111230555.40000008
2025-08-01 11:59:36 AM,1902.5,0,0.0,111230555.40000008
2025-08-01 11:59:36 AM,1902.5,2,3805.0,111234360.40000008
2025-08-01 11:59:54 AM,1903.0,0,0.0,111234360.40000008
2025-08-01 11:59:54 AM,1903.0,1,1903.0,111236263.40000008
2025-08-01 12:00:13 PM,1903.0,1,1903.0,111238166.40000008
2025-08-01 12:00:36 PM,1903.0,1,1903.0,111240069.40000008
2025-08-01 12:00:38 PM,1902.5,0,0.0,111240069.40000008
2025-08-01 12:00:38 PM,1902.5,1,1902.5,111241971.90000008
2025-08-01 12:00:55 PM,1903.0,0,0.0,111241971.90000008
2025-08-01 12:00:56 PM,1903.0,1,1903.0,111243874.90000008
2025-08-01 12:01:58 PM,1903.0,7,13321.0,111257195.90000008
2025-08-01 12:01:59 PM,1903.5,0,0.0,111257195.90000008
2025-08-01 12:02:00 PM,1903.5,1,1903.5,111259099.40000008
2025-08-01 12:02:09 PM,1903.5,21,39973.5,111299072.90000008
2025-08-01 12:02:17 PM,1903.5,11,20938.5,111320011.40000008
2025-08-01 12:02:27 PM,1903.5,2,3807.0,111323818.40000008
2025-08-01 12:02:43 PM,1905.1,0,0.0,111323818.40000008
2025-08-01 12:02:44 PM,1903.7,0,0.0,111323818.40000008
2025-08-01 12:02:45 PM,1903.7,2,3807.4,111327625.80000009
2025-08-01 12:02:58 PM,1904.0,0,0.0,111327625.80000009
2025-08-01 12:03:00 PM,1904.0,58,110432.0,111438057.80000009
2025-08-01 12:03:02 PM,1902.5,11,20927.5,111458985.30000009
2025-08-01 12:03:12 PM,1902.5,3,5707.5,111464692.80000009
2025-08-01 12:04:03 PM,1902.5,24,45660.0,111510352.80000009
2025-08-01 12:04:05 PM,1902.0,0,0.0,111510352.80000009
2025-08-01 12:04:05 PM,1902.0,5,9510.0,111519862.80000009
2025-08-01 12:04:14 PM,1901.9,0,0.0,111519862.80000009
2025-08-01 12:04:14 PM,1901.9,1,1901.9,111521764.70000009
2025-08-01 12:05:02 PM,1901.9,2,3803.8,111525568.50000009
2025-08-01 12:05:04 PM,1902.6,0,0.0,111525568.50000009
2025-08-01 12:05:05 PM,1902.6,67,127474.2,111653042.70000009
2025-08-01 12:05:08 PM,1903.1,0,0.0,111653042.70000009
2025-08-01 12:05:10 PM,1901.9,0,0.0,111653042.70000009
2025-08-01 12:05:11 PM,1901.9,14,26626.600000000002,111679669.30000009
2025-08-01 12:05:17 PM,1901.9,3,5705.700000000001,111685375.00000009
2025-08-01 12:06:25 PM,1903.9,5,9519.5,111694894.50000009
2025-08-01 12:06:30 PM,1902.0,0,0.0,111694894.50000009
2025-08-01 12:06:30 PM,1902.0,1,1902.0,111696796.50000009
2025-08-01 12:06:40 PM,1902.0,1,1902.0,111698698.50000009
2025-08-01 12:06:48 PM,1904.2,0,0.0,111698698.50000009
2025-08-01 12:06:50 PM,1904.2,2,3808.4,111702506.9000001
2025-08-01 12:07:40 PM,1902.5,0,0.0,111702506.9000001
2025-08-01 12:07:41 PM,1902.5,6,11415.0,111713921.9000001
2025-08-01 12:08:22 PM,1904.0,0,0.0,111713921.9000001
2025-08-01 12:08:24 PM,1904.2,0,0.0,111713921.9000001
2025-08-01 12:08:26 PM,1903.1,3,5709.299999999999,111719631.20000009
2025-08-01 12:09:54 PM,1904.7,0,0.0,111719631.20000009
2025-08-01 12:09:55 PM,1904.7,2,3809.4,111723440.6000001
2025-08-01 12:10:10 PM,1905.3,0,0.0,111723440.6000001
2025-08-01 12:10:11 PM,1905.3,2,3810.6,111727251.20000009
2025-08-01 12:10:14 PM,1903.7,0,0.0,111727251.20000009
2025-08-01 12:10:16 PM,1903.7,1,1903.7,111729154.9000001
2025-08-01 12:10:58 PM,1903.8,0,0.0,111729154.9000001
2025-08-01 12:11:00 PM,1902.4,4,7609.6,111736764.50000009
2025-08-01 12:11:14 PM,1902.5,0,0.0,111736764.50000009
2025-08-01 12:11:15 PM,1902.5,5,9512.5,111746277.00000009
2025-08-01 12:11:18 PM,1902.0,0,0.0,111746277.00000009
2025-08-01 12:11:20 PM,1902.0,1,1902.0,111748179.00000009
2025-08-01 12:11:25 PM,1902.0,20,38040.0,111786219.00000009
2025-08-01 12:11:26 PM,1902.4,0,0.0,111786219.00000009
2025-08-01 12:11:30 PM,1902.4,4,7609.6,111793828.60000008
2025-08-01 12:11:35 PM,1902.5,1,1902.5,111795731.10000008
2025-08-01 12:11:54 PM,1902.4,0,0.0,111795731.10000008
2025-08-01 12:11:54 PM,1902.4,4,7609.6,111803340.70000008
2025-08-01 12:11:56 PM,1901.4,0,0.0,111803340.70000008
2025-08-01 12:11:58 PM,1901.7,0,0.0,111803340.70000008
2025-08-01 12:11:59 PM,1901.7,12,22820.4,111826161.10000008
2025-08-01 12:12:02 PM,1901.4,0,0.0,111826161.10000008
2025-08-01 12:12:04 PM,1901.4,3,5704.200000000001,111831865.30000009
2025-08-01 12:12:14 PM,1901.4,1,1901.4,111833766.70000009
2025-08-01 12:12:32 PM,1903.2,0,0.0,111833766.70000009
2025-08-01 12:12:34 PM,1903.2,1,1903.2,111835669.9000001
2025-08-01 12:13:56 PM,1901.7,13,24722.100000000002,111860392.00000009
2025-08-01 12:14:00 PM,1901.7,3,5705.1,111866097.10000008
2025-08-01 12:15:30 PM,1903.8,0,0.0,111866097.10000008
2025-08-01 12:15:30 PM,1903.8,1,1903.8,111868000.90000008
2025-08-01 12:15:38 PM,1902.2,0,0.0,111868000.90000008
2025-08-01 12:15:41 PM,1902.2,1,1902.2,111869903.10000008
2025-08-01 12:16:06 PM,1903.8,1,1903.8,111871806.90000008
2025-08-01 12:16:14 PM,1902.8,0,0.0,111871806.90000008
2025-08-01 12:16:16 PM,1902.8,2,3805.6,111875612.50000007
2025-08-01 12:16:38 PM,1903.8,0,0.0,111875612.50000007
2025-08-01 12:16:40 PM,1903.8,1,1903.8,111877516.30000007
2025-08-01 12:16:42 PM,1902.9,0,0.0,111877516.30000007
2025-08-01 12:16:45 PM,1902.9,1,1902.9,111879419.20000008
2025-08-01 12:17:09 PM,1903.8,1,1903.8,111881323.00000007
2025-08-01 12:17:36 PM,1902.9,0,0.0,111881323.00000007
2025-08-01 12:17:38 PM,1902.9,3,5708.700000000001,111887031.70000008
2025-08-01 12:17:43 PM,1903.8,1,1903.8,111888935.50000007
2025-08-01 12:17:44 PM,1902.8,0,0.0,111888935.50000007
2025-08-01 12:17:48 PM,1902.8,1,1902.8,111890838.30000007
2025-08-01 12:18:10 PM,1901.2,0,0.0,111890838.30000007
2025-08-01 12:18:12 PM,1900.6,0,0.0,111890838.30000007
2025-08-01 12:18:13 PM,1900.6,153,290791.8,112181630.10000007
2025-08-01 12:18:32 PM,1898.0,18,34164.0,112215794.10000007
2025-08-01 12:20:29 PM,1898.0,502,952796.0,113168590.10000007
2025-08-01 12:20:36 PM,1900.0,0,0.0,113168590.10000007
2025-08-01 12:20:40 PM,1900.0,100,190000.0,113358590.10000007
2025-08-01 12:21:20 PM,1900.7,0,0.0,113358590.10000007
2025-08-01 12:21:20 PM,1900.7,100,190070.0,113548660.10000007
2025-08-01 12:21:29 PM,1900.0,2,3800.0,113552460.10000007
2025-08-01 12:23:44 PM,1900.0,7,13300.0,113565760.10000007
2025-08-01 12:23:59 PM,1900.0,3,5700.0,113571460.10000007
2025-08-01 12:24:58 PM,1900.0,4,7600.0,113579060.10000007
2025-08-01 12:26:09 PM,1900.0,3,5700.0,113584760.10000007
2025-08-01 12:27:08 PM,1899.5,0,0.0,113584760.10000007
2025-08-01 12:27:10 PM,1899.5,21,39889.5,113624649.60000007
2025-08-01 12:27:29 PM,1897.8,0,0.0,113624649.60000007
2025-08-01 12:27:30 PM,1897.8,2,3795.6,113628445.20000006
2025-08-01 12:28:01 PM,1899.5,0,0.0,113628445.20000006
2025-08-01 12:28:04 PM,1899.5,5,9497.5,113637942.70000006
2025-08-01 12:29:40 PM,1899.9,0,0.0,113637942.70000006
2025-08-01 12:29:41 PM,1899.9,20,37998.0,113675940.70000006
2025-08-01 12:30:16 PM,1899.6,0,0.0,113675940.70000006
2025-08-01 12:30:18 PM,1899.6,5,9498.0,113685438.70000006
2025-08-01 12:31:06 PM,1897.6,0,0.0,113685438.70000006
2025-08-01 12:31:06 PM,1897.6,151,286537.6,113971976.30000006
2025-08-01 12:31:54 PM,1897.0,0,0.0,113971976.30000006
2025-08-01 12:31:58 PM,1897.0,37,70189.0,114042165.30000006
2025-08-01 12:32:13 PM,1897.0,10,18970.0,114061135.30000006
2025-08-01 12:32:32 PM,1898.9,0,0.0,114061135.30000006
2025-08-01 12:32:35 PM,1898.9,2,3797.8,114064933.10000005
2025-08-01 12:34:24 PM,1896.7,0,0.0,114064933.10000005
2025-08-01 12:34:25 PM,1896.7,2,3793.4,114068726.50000006
2025-08-01 12:35:18 PM,1895.5,0,0.0,114068726.50000006
2025-08-01 12:35:21 PM,1895.5,3,5686.5,114074413.00000006
2025-08-01 12:36:39 PM,1895.0,0,0.0,114074413.00000006
2025-08-01 12:36:40 PM,1895.0,5,9475.0,114083888.00000006
2025-08-01 12:37:09 PM,1891.9,0,0.0,114083888.00000006
2025-08-01 12:37:09 PM,1891.9,280,529732.0,114613620.00000006
2025-08-01 12:37:29 PM,1891.3,0,0.0,114613620.00000006
2025-08-01 12:37:29 PM,1891.3,30,56739.0,114670359.00000006
2025-08-01 12:37:37 PM,1891.5,0,0.0,114670359.00000006
2025-08-01 12:37:39 PM,1891.5,1,1891.5,114672250.50000006
2025-08-01 12:37:43 PM,1891.1,0,0.0,114672250.50000006
2025-08-01 12:37:44 PM,1891.1,1,1891.1,114674141.60000005
2025-08-01 12:37:54 PM,1891.0,0,0.0,114674141.60000005
2025-08-01 12:37:54 PM,1891.0,257,485987.0,115160128.60000005
2025-08-01 12:38:14 PM,1891.1,0,0.0,115160128.60000005
2025-08-01 12:38:15 PM,1891.1,24,45386.399999999994,115205515.00000006
2025-08-01 12:38:19 PM,1892.4,0,0.0,115205515.00000006
2025-08-01 12:38:20 PM,1892.4,5,9462.0,115214977.00000006
2025-08-01 12:39:52 PM,1893.5,14,26509.0,115241486.00000006
2025-08-01 12:40:26 PM,1891.4,0,0.0,115241486.00000006
2025-08-01 12:40:29 PM,1891.4,519,981636.6000000001,116223122.60000005
2025-08-01 12:40:34 PM,1894.4,325,615680.0,116838802.60000005
2025-08-01 12:40:34 PM,1898.0,0,0.0,116838802.60000005
2025-08-01 12:40:38 PM,1898.6,0,0.0,116838802.60000005
2025-08-01 12:40:39 PM,1898.6,523,992967.7999999999,117831770.40000005
2025-08-01 12:40:52 PM,1900.0,0,0.0,117831770.40000005
2025-08-01 12:40:54 PM,1899.0,0,0.0,117831770.40000005
2025-08-01 12:40:55 PM,1899.0,1144,2172456.0,120004226.40000005
2025-08-01 12:41:32 PM,1900.0,141,267900.0,120272126.40000005
2025-08-01 12:41:38 PM,1899.9,0,0.0,120272126.40000005
2025-08-01 12:41:41 PM,1899.9,18,34198.200000000004,120306324.60000005
2025-08-01 12:41:42 PM,1899.8,0,0.0,120306324.60000005
2025-08-01 12:41:43 PM,1899.8,1,1899.8,120308224.40000005
2025-08-01 12:41:44 PM,1899.9,0,0.0,120308224.40000005
2025-08-01 12:41:47 PM,1899.9,1,1899.9,120310124.30000006
2025-08-01 12:41:48 PM,1899.9,2,3799.8,120313924.10000005
2025-08-01 12:42:03 PM,1899.2,7,13294.4,120327218.50000006
2025-08-01 12:42:12 PM,1899.9,0,0.0,120327218.50000006
2025-08-01 12:42:13 PM,1899.9,1,1899.9,120329118.40000007
2025-08-01 12:42:43 PM,1899.8,1,1899.8,120331018.20000006
2025-08-01 12:43:39 PM,1899.6,0,0.0,120331018.20000006
2025-08-01 12:43:43 PM,1899.6,3,5698.799999999999,120336717.00000006
2025-08-01 12:44:16 PM,1899.5,5,9497.5,120346214.50000006
2025-08-01 12:44:34 PM,1899.9,0,0.0,120346214.50000006
2025-08-01 12:44:37 PM,1899.9,56,106394.40000000001,120452608.90000007
2025-08-01 12:44:42 PM,1896.7,114,216223.80000000002,120668832.70000006
2025-08-01 12:44:58 PM,1893.0,443,838599.0,121507431.70000006
2025-08-01 12:45:00 PM,1892.4,0,0.0,121507431.70000006
2025-08-01 12:45:03 PM,1892.4,100,189240.0,121696671.70000006
2025-08-01 12:45:12 PM,1893.1,0,0.0,121696671.70000006
2025-08-01 12:45:13 PM,1893.1,1543,2921053.3,124617725.00000006
2025-08-01 12:45:13 PM,1892.8,1,1892.8,124619617.80000006
2025-08-01 12:45:22 PM,1892.6,0,0.0,124619617.80000006
2025-08-01 12:45:24 PM,1892.6,54,102200.4,124721818.20000006
2025-08-01 12:45:28 PM,1892.7,0,0.0,124721818.20000006
2025-08-01 12:45:29 PM,1892.7,2,3785.4,124725603.60000007
2025-08-01 12:47:25 PM,1892.0,1,1892.0,124727495.60000007
2025-08-01 12:49:24 PM,1892.7,0,0.0,124727495.60000007
2025-08-01 12:49:25 PM,1892.7,10,18927.0,124746422.60000007
2025-08-01 12:50:00 PM,1894.0,4,7576.0,124753998.60000007
2025-08-01 12:50:04 PM,1893.0,0,0.0,124753998.60000007
2025-08-01 12:50:05 PM,1893.0,1,1893.0,124755891.60000007
2025-08-01 12:50:28 PM,1892.2,0,0.0,124755891.60000007
2025-08-01 12:50:31 PM,1892.2,22,41628.4,124797520.00000007
2025-08-01 12:50:50 PM,1892.0,0,0.0,124797520.00000007
2025-08-01 12:50:52 PM,1892.0,1,1892.0,124799412.00000007
2025-08-01 12:51:28 PM,1893.6,3,5680.799999999999,124805092.80000007
2025-08-01 12:51:42 PM,1890.2,0,0.0,124805092.80000007
2025-08-01 12:51:43 PM,1890.2,33,62376.6,124867469.40000007
2025-08-01 12:52:04 PM,1889.3,0,0.0,124867469.40000007
2025-08-01 12:52:04 PM,1889.3,518,978657.4,125846126.80000007
2025-08-01 12:53:34 PM,1888.3,0,0.0,125846126.80000007
2025-08-01 12:53:36 PM,1889.8,0,0.0,125846126.80000007
2025-08-01 12:53:37 PM,1889.8,7,13228.6,125859355.40000007
2025-08-01 12:54:58 PM,1888.2,0,0.0,125859355.40000007
2025-08-01 12:54:59 PM,1888.2,13,24546.600000000002,125883902.00000006
2025-08-01 12:55:42 PM,1888.3,0,0.0,125883902.00000006
2025-08-01 12:55:45 PM,1888.3,7,13218.1,125897120.10000005
2025-08-01 12:56:56 PM,1889.9,0,0.0,125897120.10000005
2025-08-01 12:56:56 PM,1889.9,6,11339.400000000001,125908459.50000006
2025-08-01 12:57:46 PM,1890.0,7,13230.0,125921689.50000006
2025-08-01 12:57:50 PM,1889.1,0,0.0,125921689.50000006
2025-08-01 12:57:51 PM,1889.1,6,11334.599999999999,125933024.10000005
2025-08-01 12:58:40 PM,1890.0,0,0.0,125933024.10000005
2025-08-01 12:58:41 PM,1890.0,5,9450.0,125942474.10000005
2025-08-01 12:59:21 PM,1890.0,7,13230.0,125955704.10000005
2025-08-01 01:00:24 PM,1890.0,6,11340.0,125967044.10000005
2025-08-01 01:01:38 PM,1890.0,10,18900.0,125985944.10000005
2025-08-01 01:02:05 PM,1888.6,0,0.0,125985944.10000005
2025-08-01 01:02:06 PM,1888.6,10,18886.0,126004830.10000005
2025-08-01 01:02:51 PM,1890.0,0,0.0,126004830.10000005
2025-08-01 01:02:52 PM,1890.0,5,9450.0,126014280.10000005
2025-08-01 01:03:11 PM,1888.4,0,0.0,126014280.10000005
2025-08-01 01:03:12 PM,1888.4,28,52875.200000000004,126067155.30000006
2025-08-01 01:03:17 PM,1890.0,0,0.0,126067155.30000006
2025-08-01 01:03:17 PM,1890.0,1,1890.0,126069045.30000006
2025-08-01 01:05:40 PM,1890.0,5,9450.0,126078495.30000006
2025-08-01 01:07:20 PM,1890.6,0,0.0,126078495.30000006
2025-08-01 01:07:23 PM,1890.6,5,9453.0,126087948.30000006
2025-08-01 01:08:58 PM,1892.0,100,189200.0,126277148.30000006
2025-08-01 01:09:46 PM,1889.6,0,0.0,126277148.30000006
2025-08-01 01:09:46 PM,1889.6,13,24564.8,126301713.10000005
2025-08-01 01:11:48 PM,1891.1,0,0.0,126301713.10000005
2025-08-01 01:11:49 PM,1891.1,1,1891.1,126303604.20000005
2025-08-01 01:12:15 PM,1890.0,0,0.0,126303604.20000005
2025-08-01 01:12:16 PM,1890.0,10,18900.0,126322504.20000005
2025-08-01 01:12:19 PM,1890.0,2,3780.0,126326284.20000005
2025-08-01 01:13:05 PM,1890.0,25,47250.0,126373534.20000005
2025-08-01 01:13:51 PM,1891.1,5,9455.5,126382989.70000005
2025-08-01 01:14:00 PM,1891.6,0,0.0,126382989.70000005
2025-08-01 01:14:01 PM,1891.6,1,1891.6,126384881.30000004
2025-08-01 01:14:18 PM,1893.8,0,0.0,126384881.30000004
2025-08-01 01:14:19 PM,1893.8,97,183698.6,126568579.90000004
2025-08-01 01:15:00 PM,1895.8,0,0.0,126568579.90000004
2025-08-01 01:15:01 PM,1895.8,388,735570.4,127304150.30000004
2025-08-01 01:15:12 PM,1895.3,0,0.0,127304150.30000004
2025-08-01 01:15:13 PM,1895.3,11,20848.3,127324998.60000004
2025-08-01 01:15:32 PM,1894.2,0,0.0,127324998.60000004
2025-08-01 01:15:33 PM,1894.2,18,34095.6,127359094.20000003
2025-08-01 01:15:36 PM,1895.3,518,981765.4,128340859.60000004
2025-08-01 01:15:50 PM,1896.3,0,0.0,128340859.60000004
2025-08-01 01:15:51 PM,1896.3,9,17066.7,128357926.30000004
2025-08-01 01:17:28 PM,1892.7,0,0.0,128357926.30000004
2025-08-01 01:17:28 PM,1892.7,329,622698.3,128980624.60000004
2025-08-01 01:19:24 PM,1893.0,0,0.0,128980624.60000004
2025-08-01 01:19:28 PM,1893.0,9,17037.0,128997661.60000004
2025-08-01 01:21:07 PM,1892.7,7,13248.9,129010910.50000004
2025-08-01 01:21:08 PM,1892.1,0,0.0,129010910.50000004
2025-08-01 01:21:12 PM,1892.1,1,1892.1,129012802.60000004
2025-08-01 01:24:52 PM,1891.3,0,0.0,129012802.60000004
2025-08-01 01:24:55 PM,1891.3,1,1891.3,129014693.90000004
2025-08-01 01:25:35 PM,1891.2,0,0.0,129014693.90000004
2025-08-01 01:25:35 PM,1891.2,1,1891.2,129016585.10000004
2025-08-01 01:26:17 PM,1890.0,0,0.0,129016585.10000004
2025-08-01 01:26:20 PM,1890.0,10,18900.0,129035485.10000004
2025-08-01 01:27:07 PM,1891.2,0,0.0,129035485.10000004
2025-08-01 01:27:09 PM,1891.2,1,1891.2,129037376.30000004
2025-08-01 01:27:54 PM,1890.0,0,0.0,129037376.30000004
2025-08-01 01:27:57 PM,1890.0,20,37800.0,129075176.30000004
2025-08-01 01:29:04 PM,1893.6,74,140126.4,129215302.70000005
2025-08-01 01:29:50 PM,1896.0,0,0.0,129215302.70000005
2025-08-01 01:29:52 PM,1896.0,446,845616.0,130060918.70000005
2025-08-01 01:30:00 PM,1896.3,0,0.0,130060918.70000005
2025-08-01 01:30:01 PM,1895.7,252,477716.4,130538635.10000005
2025-08-01 01:30:08 PM,1897.8,19,36058.2,130574693.30000006
2025-08-01 01:30:24 PM,1898.0,0,0.0,130574693.30000006
2025-08-01 01:30:27 PM,1898.0,200,379600.0,130954293.30000006
2025-08-01 01:30:32 PM,1897.6,1,1897.6,130956190.90000005
2025-08-01 01:34:02 PM,1898.4,0,0.0,130956190.90000005
2025-08-01 01:34:03 PM,1898.4,50,94920.0,131051110.90000005
2025-08-01 01:34:56 PM,1896.2,51,96706.2,131147817.10000005
2025-08-01 01:38:24 PM,1893.5,0,0.0,131147817.10000005
2025-08-01 01:38:27 PM,1893.5,9,17041.5,131164858.60000005
2025-08-01 01:40:44 PM,1892.9,0,0.0,131164858.60000005
2025-08-01 01:40:48 PM,1892.9,1,1892.9,131166751.50000006
2025-08-01 01:44:18 PM,1893.5,0,0.0,131166751.50000006
2025-08-01 01:44:19 PM,1893.5,5,9467.5,131176219.00000006
2025-08-01 01:44:40 PM,1894.0,0,0.0,131176219.00000006
2025-08-01 01:44:40 PM,1894.0,2,3788.0,131180007.00000006
2025-08-01 01:47:58 PM,1893.8,0,0.0,131180007.00000006
2025-08-01 01:47:59 PM,1893.8,2,3787.6,131183794.60000005
2025-08-01 01:49:14 PM,1892.2,0,0.0,131183794.60000005
2025-08-01 01:49:17 PM,1892.2,1,1892.2,131185686.80000006
2025-08-01 01:51:00 PM,1890.7,0,0.0,131185686.80000006
2025-08-01 01:51:05 PM,1890.7,25,47267.5,131232954.30000006
2025-08-01 01:52:22 PM,1890.1,0,0.0,131232954.30000006
2025-08-01 01:52:22 PM,1890.1,1,1890.1,131234844.40000005
2025-08-01 01:52:27 PM,1890.1,2,3780.2,131238624.60000005
2025-08-01 01:54:31 PM,1890.1,2,3780.2,131242404.80000006
2025-08-01 01:55:02 PM,1890.0,0,0.0,131242404.80000006
2025-08-01 01:55:06 PM,1890.0,2,3780.0,131246184.80000006
2025-08-01 01:55:28 PM,1890.1,0,0.0,131246184.80000006
2025-08-01 01:55:31 PM,1890.1,5,9450.5,131255635.30000006
2025-08-01 01:56:10 PM,1890.0,0,0.0,131255635.30000006
2025-08-01 01:56:10 PM,1890.0,13,24570.0,131280205.30000006
2025-08-01 01:56:24 PM,1888.0,0,0.0,131280205.30000006
2025-08-01 01:56:25 PM,1888.0,9,16992.0,131297197.30000006
2025-08-01 01:56:55 PM,1888.0,2,3776.0,131300973.30000006
2025-08-01 01:57:53 PM,1888.0,2,3776.0,131304749.30000006
2025-08-01 01:58:26 PM,1889.1,0,0.0,131304749.30000006
2025-08-01 01:58:28 PM,1889.1,5,9445.5,131314194.80000006
2025-08-01 01:59:09 PM,1888.0,2,3776.0,131317970.80000006
2025-08-01 01:59:59 PM,1888.0,13,24544.0,131342514.80000006
2025-08-01 02:00:04 PM,1888.0,15,28320.0,131370834.80000006
2025-08-01 02:00:20 PM,1888.0,1,1888.0,131372722.80000006
2025-08-01 02:01:32 PM,1888.0,20,37760.0,131410482.80000006
2025-08-01 02:01:56 PM,1888.9,0,0.0,131410482.80000006
2025-08-01 02:01:57 PM,1888.9,1,1888.9,131412371.70000006
2025-08-01 02:02:06 PM,1889.0,3,5667.0,131418038.70000006
2025-08-01 02:02:28 PM,1888.1,0,0.0,131418038.70000006
2025-08-01 02:02:30 PM,1888.1,27,50978.7,131469017.40000007
2025-08-01 02:02:48 PM,1887.0,0,0.0,131469017.40000007
2025-08-01 02:02:51 PM,1887.0,99,186813.0,131655830.40000007
2025-08-01 02:03:11 PM,1887.0,449,847263.0,132503093.40000007
2025-08-01 02:03:20 PM,1887.8,0,0.0,132503093.40000007
2025-08-01 02:03:21 PM,1887.8,120,226536.0,132729629.40000007
2025-08-01 02:05:02 PM,1885.6,29,54682.399999999994,132784311.80000007
2025-08-01 02:05:37 PM,1885.6,1,1885.6,132786197.40000007
2025-08-01 02:05:59 PM,1884.9,0,0.0,132786197.40000007
2025-08-01 02:06:01 PM,1884.9,340,640866.0,133427063.40000007
2025-08-01 02:06:03 PM,1883.0,0,0.0,133427063.40000007
2025-08-01 02:06:06 PM,1883.0,7,13181.0,133440244.40000007
2025-08-01 02:06:27 PM,1883.0,25,47075.0,133487319.40000007
2025-08-01 02:06:32 PM,1883.0,23,43309.0,133530628.40000007
2025-08-01 02:06:47 PM,1881.9,0,0.0,133530628.40000007
2025-08-01 02:06:48 PM,1881.9,23,43283.700000000004,133573912.10000007
2025-08-01 02:06:53 PM,1881.9,25,47047.5,133620959.60000007
2025-08-01 02:06:58 PM,1882.1,0,0.0,133620959.60000007
2025-08-01 02:06:58 PM,1882.1,54,101633.4,133722593.00000007
2025-08-01 02:07:05 PM,1883.8,0,0.0,133722593.00000007
2025-08-01 02:07:09 PM,1883.8,104,195915.19999999998,133918508.20000008
2025-08-01 02:08:00 PM,1885.8,0,0.0,133918508.20000008
2025-08-01 02:08:00 PM,1885.8,255,480879.0,134399387.20000008
2025-08-01 02:08:04 PM,1886.4,0,0.0,134399387.20000008
2025-08-01 02:08:05 PM,1886.4,3,5659.200000000001,134405046.40000007
2025-08-01 02:08:15 PM,1886.4,23,43387.200000000004,134448433.60000005
2025-08-01 02:08:20 PM,1894.4,0,0.0,134448433.60000005
2025-08-01 02:08:20 PM,1894.4,582,1102540.8,135550974.40000007
2025-08-01 02:08:22 PM,1895.8,0,0.0,135550974.40000007
2025-08-01 02:08:25 PM,1895.8,56,106164.8,135657139.20000008
2025-08-01 02:08:33 PM,1895.7,0,0.0,135657139.20000008
2025-08-01 02:08:35 PM,1895.7,33,62558.1,135719697.30000007
2025-08-01 02:08:41 PM,1894.0,50,94700.0,135814397.30000007
2025-08-01 02:09:44 PM,1892.6,0,0.0,135814397.30000007
2025-08-01 02:09:47 PM,1892.6,33,62455.799999999996,135876853.10000008
2025-08-01 02:10:00 PM,1890.9,0,0.0,135876853.10000008
2025-08-01 02:10:01 PM,1890.9,148,279853.2,136156706.30000007
2025-08-01 02:10:30 PM,1891.0,0,0.0,136156706.30000007
2025-08-01 02:10:32 PM,1891.0,50,94550.0,136251256.30000007
2025-08-01 02:11:02 PM,1891.9,6,11351.400000000001,136262607.70000008
2025-08-01 02:11:04 PM,1890.7,0,0.0,136262607.70000008
2025-08-01 02:11:08 PM,1890.7,39,73737.3,136336345.0000001
2025-08-01 02:11:10 PM,1891.9,0,0.0,136336345.0000001
2025-08-01 02:11:13 PM,1891.9,20,37838.0,136374183.0000001
2025-08-01 02:11:55 PM,1891.0,1,1891.0,136376074.0000001
2025-08-01 02:12:15 PM,1891.0,20,37820.0,136413894.0000001
2025-08-01 02:12:20 PM,1891.0,8,15128.0,136429022.0000001
2025-08-01 02:13:16 PM,1894.2,0,0.0,136429022.0000001
2025-08-01 02:13:16 PM,1894.2,99,187525.80000000002,136616547.8000001
2025-08-01 02:13:36 PM,1895.3,0,0.0,136616547.8000001
2025-08-01 02:13:37 PM,1895.3,89,168681.69999999998,136785229.5000001
2025-08-01 02:14:50 PM,1894.4,0,0.0,136785229.5000001
2025-08-01 02:14:50 PM,1894.4,4,7577.6,136792807.10000008
2025-08-01 02:15:34 PM,1895.0,0,0.0,136792807.10000008
2025-08-01 02:15:34 PM,1895.0,1,1895.0,136794702.10000008
2025-08-01 02:15:50 PM,1893.1,0,0.0,136794702.10000008
2025-08-01 02:15:50 PM,1893.1,67,126837.7,136921539.80000007
2025-08-01 02:16:37 PM,1893.1,1,1893.1,136923432.90000007
2025-08-01 02:16:41 PM,1893.3,44,83305.2,137006738.10000005
2025-08-01 02:17:00 PM,1893.0,0,0.0,137006738.10000005
2025-08-01 02:17:00 PM,1893.0,220,416460.0,137423198.10000005
2025-08-01 02:17:21 PM,1892.8,1,1892.8,137425090.90000007
2025-08-01 02:17:42 PM,1893.1,5,9465.5,137434556.40000007
2025-08-01 02:18:22 PM,1890.9,0,0.0,137434556.40000007
2025-08-01 02:18:23 PM,1890.9,3,5672.700000000001,137440229.10000005
2025-08-01 02:18:48 PM,1888.1,0,0.0,137440229.10000005
2025-08-01 02:18:48 PM,1888.1,2738,5169617.8,142609846.90000007
2025-08-01 02:19:04 PM,1886.1,0,0.0,142609846.90000007
2025-08-01 02:19:04 PM,1886.9,0,0.0,142609846.90000007
2025-08-01 02:19:08 PM,1886.9,50,94345.0,142704191.90000007
2025-08-01 02:19:29 PM,1887.8,301,568227.7999999999,143272419.70000008
2025-08-01 02:20:36 PM,1885.8,35,66003.0,143338422.70000008
2025-08-01 02:20:41 PM,1885.5,12,22626.0,143361048.70000008
2025-08-01 02:21:58 PM,1880.6,0,0.0,143361048.70000008
2025-08-01 02:22:00 PM,1880.6,389,731553.3999999999,144092602.10000008
2025-08-01 02:22:10 PM,1880.6,26,48895.6,144141497.70000008
2025-08-01 02:22:21 PM,1880.6,15,28209.0,144169706.70000008
2025-08-01 02:22:27 PM,1880.6,124,233194.4,144402901.10000008
2025-08-01 02:22:32 PM,1880.2,177,332795.4,144735696.5000001
2025-08-01 02:22:36 PM,1880.0,0,0.0,144735696.5000001
2025-08-01 02:22:37 PM,1880.0,253,475640.0,145211336.5000001
2025-08-01 02:22:42 PM,1880.0,1,1880.0,145213216.5000001
2025-08-01 02:22:48 PM,1880.0,3,5640.0,145218856.5000001
2025-08-01 02:23:53 PM,1880.4,0,0.0,145218856.5000001
2025-08-01 02:23:57 PM,1880.4,35,65814.0,145284670.5000001
2025-08-01 02:25:20 PM,1880.0,0,0.0,145284670.5000001
2025-08-01 02:25:22 PM,1880.0,265,498200.0,145782870.5000001
2025-08-01 02:25:47 PM,1878.0,0,0.0,145782870.5000001
2025-08-01 02:25:49 PM,1878.0,250,469500.0,146252370.5000001
2025-08-01 02:26:10 PM,1878.0,2,3756.0,146256126.5000001
2025-08-01 02:26:16 PM,1878.0,128,240384.0,146496510.5000001
2025-08-01 02:26:26 PM,1878.0,52,97656.0,146594166.5000001
2025-08-01 02:26:41 PM,1878.0,394,739932.0,147334098.5000001
2025-08-01 02:26:50 PM,1873.0,0,0.0,147334098.5000001
2025-08-01 02:26:52 PM,1873.0,423,792279.0,148126377.5000001
2025-08-01 02:27:03 PM,1873.0,1,1873.0,148128250.5000001
2025-08-01 02:27:17 PM,1876.5,0,0.0,148128250.5000001
2025-08-01 02:27:20 PM,1876.5,250,469125.0,148597375.5000001
2025-08-01 02:27:35 PM,1874.4,0,0.0,148597375.5000001
2025-08-01 02:27:36 PM,1874.4,101,189314.40000000002,148786689.9000001
2025-08-01 02:27:46 PM,1874.1,81,151802.1,148938492.0000001
2025-08-01 02:28:02 PM,1875.0,4,7500.0,148945992.0000001
2025-08-01 02:28:07 PM,1876.0,0,0.0,148945992.0000001
2025-08-01 02:28:08 PM,1876.0,79,148204.0,149094196.0000001
2025-08-01 02:28:28 PM,1876.5,0,0.0,149094196.0000001
2025-08-01 02:28:30 PM,1876.5,5,9382.5,149103578.5000001
2025-08-01 02:28:46 PM,1876.5,13,24394.5,149127973.0000001
2025-08-01 02:29:53 PM,1876.5,2,3753.0,149131726.0000001
2025-08-01 02:30:14 PM,1877.5,0,0.0,149131726.0000001
2025-08-01 02:30:16 PM,1877.5,1,1877.5,149133603.5000001
2025-08-01 02:30:34 PM,1876.5,0,0.0,149133603.5000001
2025-08-01 02:30:37 PM,1876.5,87,163255.5,149296859.0000001
2025-08-01 02:31:03 PM,1876.5,8,15012.0,149311871.0000001
2025-08-01 02:32:41 PM,1878.0,200,375600.0,149687471.0000001
2025-08-01 02:33:37 PM,1880.0,0,0.0,149687471.0000001
2025-08-01 02:33:38 PM,1880.0,4031,7578280.0,157265751.0000001
2025-08-01 02:34:16 PM,1879.9,0,0.0,157265751.0000001
2025-08-01 02:34:18 PM,1879.9,2,3759.8,157269510.8000001
2025-08-01 02:34:49 PM,1879.3,0,0.0,157269510.8000001
2025-08-01 02:34:50 PM,1879.3,4,7517.2,157277028.0000001
2025-08-01 02:35:01 PM,1879.3,7,13155.1,157290183.10000008
2025-08-01 02:35:42 PM,1879.3,5,9396.5,157299579.60000008
2025-08-01 02:36:27 PM,1881.2,0,0.0,157299579.60000008
2025-08-01 02:36:28 PM,1881.2,10,18812.0,157318391.60000008
2025-08-01 02:36:47 PM,1880.0,5,9400.0,157327791.60000008
2025-08-01 02:36:51 PM,1879.0,0,0.0,157327791.60000008
2025-08-01 02:36:52 PM,1879.0,114,214206.0,157541997.60000008
2025-08-01 02:38:00 PM,1879.6,0,0.0,157541997.60000008
2025-08-01 02:38:02 PM,1879.6,17,31953.199999999997,157573950.80000007
2025-08-01 02:38:31 PM,1878.9,0,0.0,157573950.80000007
2025-08-01 02:38:31 PM,1878.9,3,5636.700000000001,157579587.50000006
2025-08-01 02:39:01 PM,1876.3,0,0.0,157579587.50000006
2025-08-01 02:39:03 PM,1878.2,0,0.0,157579587.50000006
2025-08-01 02:39:05 PM,1878.2,14,26294.8,157605882.30000007
2025-08-01 02:39:51 PM,1885.0,0,0.0,157605882.30000007
2025-08-01 02:39:51 PM,1885.0,215,405275.0,158011157.30000007
2025-08-01 02:40:08 PM,1882.8,129,242881.19999999998,158254038.50000006
2025-08-01 02:41:50 PM,1884.0,0,0.0,158254038.50000006
2025-08-01 02:41:51 PM,1884.0,1,1884.0,158255922.50000006
2025-08-01 02:42:49 PM,1882.0,50,94100.0,158350022.50000006
2025-08-01 02:43:47 PM,1882.5,0,0.0,158350022.50000006
2025-08-01 02:43:49 PM,1882.5,112,210840.0,158560862.50000006
2025-08-01 02:44:45 PM,1884.0,114,214776.0,158775638.50000006
2025-08-01 02:44:49 PM,1885.0,0,0.0,158775638.50000006
2025-08-01 02:44:51 PM,1885.0,3,5655.0,158781293.50000006
2025-08-01 02:45:07 PM,1883.9,0,0.0,158781293.50000006
2025-08-01 02:45:08 PM,1883.9,6,11303.400000000001,158792596.90000007
2025-08-01 02:45:41 PM,1883.9,2,3767.8,158796364.70000008
2025-08-01 02:46:19 PM,1885.0,0,0.0,158796364.70000008
2025-08-01 02:46:20 PM,1885.0,2,3770.0,158800134.70000008
2025-08-01 02:46:23 PM,1883.9,0,0.0,158800134.70000008
2025-08-01 02:46:26 PM,1883.9,4,7535.6,158807670.30000007
2025-08-01 02:47:23 PM,1885.0,0,0.0,158807670.30000007
2025-08-01 02:47:27 PM,1885.0,3,5655.0,158813325.30000007
2025-08-01 02:47:47 PM,1883.9,0,0.0,158813325.30000007
2025-08-01 02:47:50 PM,1883.9,4,7535.6,158820860.90000007
2025-08-01 02:48:41 PM,1885.0,0,0.0,158820860.90000007
2025-08-01 02:48:41 PM,1885.0,5,9425.0,158830285.90000007
2025-08-01 02:49:09 PM,1886.5,0,0.0,158830285.90000007
2025-08-01 02:49:09 PM,1886.5,47,88665.5,158918951.40000007
2025-08-01 02:49:39 PM,1885.6,0,0.0,158918951.40000007
2025-08-01 02:49:42 PM,1885.6,2,3771.2,158922722.60000005
2025-08-01 02:49:53 PM,1887.6,1,1887.6,158924610.20000005
2025-08-01 02:50:09 PM,1883.0,0,0.0,158924610.20000005
2025-08-01 02:50:10 PM,1883.0,369,694827.0,159619437.20000005
2025-08-01 02:50:16 PM,1884.0,64,120576.0,159740013.20000005
2025-08-01 02:50:20 PM,1885.0,0,0.0,159740013.20000005
2025-08-01 02:50:21 PM,1885.0,121,228085.0,159968098.20000005
2025-08-01 02:50:58 PM,1884.5,0,0.0,159968098.20000005
2025-08-01 02:50:59 PM,1884.5,1,1884.5,159969982.70000005
2025-08-01 02:52:41 PM,1884.2,0,0.0,159969982.70000005
2025-08-01 02:52:41 PM,1884.2,1,1884.2,159971866.90000004
2025-08-01 02:54:51 PM,1882.1,0,0.0,159971866.90000004
2025-08-01 02:54:52 PM,1882.1,4,7528.4,159979395.30000004
2025-08-01 02:55:14 PM,1882.1,20,37642.0,160017037.30000004
2025-08-01 02:55:53 PM,1883.0,0,0.0,160017037.30000004
2025-08-01 02:55:55 PM,1883.0,25,47075.0,160064112.30000004
2025-08-01 02:56:35 PM,1882.1,117,220205.69999999998,160284318.00000003
2025-08-01 02:56:38 PM,1881.6,0,0.0,160284318.00000003
2025-08-01 02:56:41 PM,1881.6,1885,3546816.0,163831134.00000003
2025-08-01 02:58:20 PM,1883.3,0,0.0,163831134.00000003
2025-08-01 02:58:20 PM,1883.3,3,5649.9,163836783.90000004
2025-08-01 02:59:07 PM,1883.7,2,3767.4,163840551.30000004
2025-08-01 02:59:09 PM,1884.1,0,0.0,163840551.30000004
2025-08-01 02:59:12 PM,1884.1,3,5652.299999999999,163846203.60000005
2025-08-01 02:59:41 PM,1882.6,5,9413.0,163855616.60000005
2025-08-01 03:00:03 PM,1882.5,1,1882.5,163857499.10000005
2025-08-01 03:00:28 PM,1879.9,21,39477.9,163896977.00000006
2025-08-01 03:00:29 PM,1888.3,0,0.0,163896977.00000006
2025-08-01 03:00:32 PM,1888.3,1243,2347156.9,166244133.90000007
2025-08-01 03:00:37 PM,1890.0,0,0.0,166244133.90000007
2025-08-01 03:00:38 PM,1890.0,1,1890.0,166246023.90000007
2025-08-01 03:00:41 PM,1890.9,0,0.0,166246023.90000007
2025-08-01 03:00:43 PM,1890.9,82,155053.80000000002,166401077.70000008
2025-08-01 03:00:57 PM,1890.8,0,0.0,166401077.70000008
2025-08-01 03:00:58 PM,1890.8,10,18908.0,166419985.70000008
2025-08-01 03:00:59 PM,1891.5,0,0.0,166419985.70000008
2025-08-01 03:01:01 PM,1889.2,127,239928.4,166659914.10000008
2025-08-01 03:01:14 PM,1889.0,72,136008.0,166795922.10000008
2025-08-01 03:01:35 PM,1888.9,4,7555.6,166803477.70000008
2025-08-01 03:01:56 PM,1889.0,200,377800.0,167181277.70000008
2025-08-01 03:01:58 PM,1887.0,0,0.0,167181277.70000008
2025-08-01 03:01:59 PM,1887.0,1,1887.0,167183164.70000008
2025-08-01 03:02:22 PM,1886.1,0,0.0,167183164.70000008
2025-08-01 03:02:24 PM,1886.1,148,279142.8,167462307.5000001
2025-08-01 03:03:22 PM,1884.0,0,0.0,167462307.5000001
2025-08-01 03:03:22 PM,1884.0,844,1590096.0,169052403.5000001
2025-08-01 03:03:28 PM,1884.0,4,7536.0,169059939.5000001
2025-08-01 03:03:43 PM,1884.0,3,5652.0,169065591.5000001
2025-08-01 03:03:52 PM,1885.0,0,0.0,169065591.5000001
2025-08-01 03:03:52 PM,1885.0,1011,1905735.0,170971326.5000001
2025-08-01 03:04:01 PM,1884.0,352,663168.0,171634494.5000001
2025-08-01 03:04:11 PM,1880.1,0,0.0,171634494.5000001
2025-08-01 03:04:11 PM,1880.1,157,295175.7,171929670.20000008
2025-08-01 03:04:23 PM,1885.0,0,0.0,171929670.20000008
2025-08-01 03:04:23 PM,1885.0,189,356265.0,172285935.20000008
2025-08-01 03:04:26 PM,1885.0,669,1261065.0,173547000.20000008
2025-08-01 03:04:32 PM,1885.0,33,62205.0,173609205.20000008
2025-08-01 03:04:53 PM,1885.0,653,1230905.0,174840110.20000008
2025-08-01 03:05:02 PM,1884.4,0,0.0,174840110.20000008
2025-08-01 03:05:02 PM,1884.4,315,593586.0,175433696.20000008
2025-08-01 03:05:05 PM,1885.7,52,98056.40000000001,175531752.60000008
2025-08-01 03:05:07 PM,1885.8,0,0.0,175531752.60000008
2025-08-01 03:05:09 PM,1886.5,12,22638.0,175554390.60000008
2025-08-01 03:05:10 PM,1887.4,0,0.0,175554390.60000008
2025-08-01 03:05:12 PM,1888.2,3,5664.6,175560055.20000008
2025-08-01 03:05:14 PM,1888.9,0,0.0,175560055.20000008
2025-08-01 03:05:16 PM,1888.9,3,5666.700000000001,175565721.90000007
2025-08-01 03:05:17 PM,1889.0,0,0.0,175565721.90000007
2025-08-01 03:05:19 PM,1886.7,71,133955.7,175699677.60000005
2025-08-01 03:05:58 PM,1887.0,0,0.0,175699677.60000005
2025-08-01 03:05:59 PM,1887.0,100,188700.0,175888377.60000005
2025-08-01 03:06:01 PM,1884.0,0,0.0,175888377.60000005
2025-08-01 03:06:02 PM,1884.0,160,301440.0,176189817.60000005
2025-08-01 03:06:12 PM,1885.0,0,0.0,176189817.60000005
2025-08-01 03:06:12 PM,1885.0,347,654095.0,176843912.60000005
2025-08-01 03:06:15 PM,1885.1,248,467504.8,177311417.40000007
2025-08-01 03:06:18 PM,1887.0,15,28305.0,177339722.40000007
2025-08-01 03:06:49 PM,1886.8,0,0.0,177339722.40000007
2025-08-01 03:06:49 PM,1886.8,1,1886.8,177341609.20000008
2025-08-01 03:08:09 PM,1886.4,793,1495915.2000000002,178837524.40000007
2025-08-01 03:08:37 PM,1883.6,2,3767.2,178841291.60000005
2025-08-01 03:08:43 PM,1885.9,2,3771.8,178845063.40000007
2025-08-01 03:09:52 PM,1883.5,101,190233.5,179035296.90000007
2025-08-01 03:09:54 PM,1882.4,2,3764.8,179039061.70000008
2025-08-01 03:09:57 PM,1885.0,0,0.0,179039061.70000008
2025-08-01 03:09:59 PM,1885.0,413,778505.0,179817566.70000008
2025-08-01 03:10:34 PM,1881.2,513,965055.6,180782622.30000007
2025-08-01 03:10:42 PM,1885.0,618,1164930.0,181947552.30000007
2025-08-01 03:10:47 PM,1883.5,434,817439.0,182764991.30000007
2025-08-01 03:10:59 PM,1885.0,8,15080.0,182780071.30000007
2025-08-01 03:12:02 PM,1883.2,0,0.0,182780071.30000007
2025-08-01 03:12:04 PM,1883.2,4,7532.8,182787604.10000008
2025-08-01 03:12:09 PM,1885.5,0,0.0,182787604.10000008
2025-08-01 03:12:10 PM,1885.5,1,1885.5,182789489.60000008
2025-08-01 03:12:59 PM,1884.0,85,160140.0,182949629.60000008
2025-08-01 03:13:01 PM,1882.0,0,0.0,182949629.60000008
2025-08-01 03:13:02 PM,1884.9,157,295929.3,183245558.9000001
2025-08-01 03:13:03 PM,1885.0,0,0.0,183245558.9000001
2025-08-01 03:13:05 PM,1885.0,280,527800.0,183773358.9000001
2025-08-01 03:13:12 PM,1887.1,121,228339.09999999998,184001698.0000001
2025-08-01 03:13:50 PM,1887.3,0,0.0,184001698.0000001
2025-08-01 03:13:51 PM,1887.3,232,437853.6,184439551.60000008
2025-08-01 03:15:05 PM,1887.4,0,0.0,184439551.60000008
2025-08-01 03:15:09 PM,1887.4,10,18874.0,184458425.60000008
2025-08-01 03:15:14 PM,1887.5,0,0.0,184458425.60000008
2025-08-01 03:15:17 PM,1887.5,254,479425.0,184937850.60000008
2025-08-01 03:16:01 PM,1886.0,1060,1999160.0,186937010.60000008
2025-08-01 03:16:12 PM,1883.5,0,0.0,186937010.60000008
2025-08-01 03:16:15 PM,1883.5,50,94175.0,187031185.60000008
2025-08-01 03:16:42 PM,1885.9,101,190475.90000000002,187221661.5000001
2025-08-01 03:17:08 PM,1886.0,0,0.0,187221661.5000001
2025-08-01 03:17:09 PM,1885.7,22,41485.4,187263146.9000001
2025-08-01 03:17:16 PM,1890.4,100,189040.0,187452186.9000001
2025-08-01 03:17:26 PM,1886.4,0,0.0,187452186.9000001
2025-08-01 03:17:29 PM,1886.4,30,56592.0,187508778.9000001
2025-08-01 03:17:40 PM,1885.8,0,0.0,187508778.9000001
2025-08-01 03:17:42 PM,1885.9,166,313059.4,187821838.3000001
2025-08-01 03:17:55 PM,1884.6,20,37692.0,187859530.3000001
2025-08-01 03:18:09 PM,1885.9,0,0.0,187859530.3000001
2025-08-01 03:18:10 PM,1885.9,18,33946.200000000004,187893476.5000001
2025-08-01 03:18:18 PM,1885.0,0,0.0,187893476.5000001
2025-08-01 03:18:22 PM,1885.0,2,3770.0,187897246.5000001
2025-08-01 03:18:35 PM,1885.0,600,1131000.0,189028246.5000001
2025-08-01 03:18:47 PM,1885.0,175,329875.0,189358121.5000001
2025-08-01 03:19:00 PM,1888.3,5543,10466846.9,199824968.4000001
2025-08-01 03:19:07 PM,1889.9,1095,2069440.5,201894408.9000001
2025-08-01 03:19:14 PM,1891.8,2105,3982239.0,205876647.9000001
2025-08-01 03:19:16 PM,1891.7,0,0.0,205876647.9000001
2025-08-01 03:19:16 PM,1891.7,31,58642.700000000004,205935290.60000008
2025-08-01 03:19:20 PM,1888.8,0,0.0,205935290.60000008
2025-08-01 03:19:21 PM,1888.8,238,449534.39999999997,206384825.0000001
2025-08-01 03:19:29 PM,1895.0,4161,7885095.0,214269920.0000001
2025-08-01 03:19:40 PM,1892.7,36,68137.2,214338057.20000008
2025-08-01 03:19:53 PM,1892.6,92,174119.19999999998,214512176.40000007
2025-08-01 03:20:10 PM,1889.8,100,188980.0,214701156.40000007
2025-08-01 03:20:15 PM,1889.8,3,5669.4,214706825.80000007
2025-08-01 03:20:24 PM,1888.7,19,35885.3,214742711.10000008
2025-08-01 03:20:54 PM,1884.9,0,0.0,214742711.10000008
2025-08-01 03:20:56 PM,1884.9,833,1570121.7000000002,216312832.80000007
2025-08-01 03:21:03 PM,1883.0,0,0.0,216312832.80000007
2025-08-01 03:21:03 PM,1883.0,100,188300.0,216501132.80000007
2025-08-01 03:21:10 PM,1884.2,8,15073.6,216516206.40000007
2025-08-01 03:21:22 PM,1884.0,0,0.0,216516206.40000007
2025-08-01 03:21:24 PM,1884.0,83,156372.0,216672578.40000007
2025-08-01 03:22:06 PM,1883.0,20,37660.0,216710238.40000007
2025-08-01 03:22:25 PM,1883.0,1,1883.0,216712121.40000007
2025-08-01 03:22:32 PM,1883.0,2,3766.0,216715887.40000007
2025-08-01 03:22:45 PM,1883.0,2,3766.0,216719653.40000007
2025-08-01 03:22:52 PM,1883.0,2,3766.0,216723419.40000007
2025-08-01 03:23:07 PM,1883.0,3,5649.0,216729068.40000007
2025-08-01 03:23:12 PM,1882.0,0,0.0,216729068.40000007
2025-08-01 03:23:14 PM,1882.0,185,348170.0,217077238.40000007
2025-08-01 03:23:51 PM,1883.5,23,43320.5,217120558.90000007
2025-08-01 03:24:11 PM,1884.7,1,1884.7,217122443.60000005
2025-08-01 03:24:21 PM,1884.5,0,0.0,217122443.60000005
2025-08-01 03:24:25 PM,1884.5,785,1479332.5,218601776.10000005
2025-08-01 03:24:31 PM,1883.9,0,0.0,218601776.10000005
2025-08-01 03:24:31 PM,1883.9,2,3767.8,218605543.90000007
2025-08-01 03:25:05 PM,1883.9,137,258094.30000000002,218863638.20000008
2025-08-01 03:25:11 PM,1884.7,0,0.0,218863638.20000008
2025-08-01 03:25:11 PM,1884.7,182,343015.4,219206653.60000008
2025-08-01 03:25:26 PM,1884.6,2,3769.2,219210422.80000007
2025-08-01 03:25:31 PM,1884.6,13,24499.8,219234922.60000008
2025-08-01 03:25:37 PM,1884.6,9,16961.399999999998,219251884.0000001
2025-08-01 03:25:50 PM,1884.6,153,288343.8,219540227.8000001
2025-08-01 03:25:58 PM,1884.6,44,82922.4,219623150.2000001
2025-08-01 03:26:01 PM,1884.7,0,0.0,219623150.2000001
2025-08-01 03:26:03 PM,1884.7,159,299667.3,219922817.50000012
2025-08-01 03:26:10 PM,1884.6,25,47115.0,219969932.50000012
2025-08-01 03:26:12 PM,1884.6,26,48999.6,220018932.1000001
2025-08-01 03:26:30 PM,1884.7,77,145121.9,220164054.00000012
2025-08-01 03:26:37 PM,1884.7,156,294013.2,220458067.2000001
2025-08-01 03:26:39 PM,1884.7,100,188470.0,220646537.2000001
2025-08-01 03:26:50 PM,1884.7,200,376940.0,221023477.2000001
2025-08-01 03:26:55 PM,1884.6,0,0.0,221023477.2000001
2025-08-01 03:26:57 PM,1884.6,217,408958.19999999995,221432435.4000001
2025-08-01 03:27:03 PM,1884.6,370,697302.0,222129737.4000001
2025-08-01 03:27:10 PM,1884.6,17,32038.199999999997,222161775.60000008
2025-08-01 03:27:12 PM,1884.6,119,224267.4,222386043.0000001
2025-08-01 03:27:16 PM,1883.5,0,0.0,222386043.0000001
2025-08-01 03:27:17 PM,1883.5,1,1883.5,222387926.5000001
2025-08-01 03:27:31 PM,1884.6,242,456073.19999999995,222843999.70000008
2025-08-01 03:27:46 PM,1882.5,210,395325.0,223239324.70000008
2025-08-01 03:27:48 PM,1882.8,1,1882.8,223241207.5000001
2025-08-01 03:27:53 PM,1882.8,6,11296.8,223252504.3000001
2025-08-01 03:28:01 PM,1882.8,19,35773.2,223288277.5000001
2025-08-01 03:28:03 PM,1881.1,0,0.0,223288277.5000001
2025-08-01 03:28:06 PM,1882.8,50,94140.0,223382417.5000001
2025-08-01 03:28:08 PM,1881.1,12,22573.199999999997,223404990.70000008
2025-08-01 03:28:13 PM,1882.7,0,0.0,223404990.70000008
2025-08-01 03:28:13 PM,1882.7,12,22592.4,223427583.10000008
2025-08-01 03:28:17 PM,1881.0,0,0.0,223427583.10000008
2025-08-01 03:28:20 PM,1881.0,9,16929.0,223444512.10000008
2025-08-01 03:28:22 PM,1882.9,26,48955.4,223493467.5000001
2025-08-01 03:28:26 PM,1883.6,0,0.0,223493467.5000001
2025-08-01 03:28:27 PM,1882.2,90,169398.0,223662865.5000001
2025-08-01 03:28:33 PM,1882.0,0,0.0,223662865.5000001
2025-08-01 03:28:34 PM,1882.0,50,94100.0,223756965.5000001
2025-08-01 03:28:36 PM,1882.0,4,7528.0,223764493.5000001
2025-08-01 03:28:43 PM,1882.0,3,5646.0,223770139.5000001
2025-08-01 03:28:48 PM,1881.7,4,7526.8,223777666.3000001
2025-08-01 03:28:52 PM,1880.6,0,0.0,223777666.3000001
2025-08-01 03:28:54 PM,1881.3,0,0.0,223777666.3000001
2025-08-01 03:28:55 PM,1881.3,50,94065.0,223871731.3000001
2025-08-01 03:29:01 PM,1880.6,65,122239.0,223993970.3000001
2025-08-01 03:29:09 PM,1881.0,3,5643.0,223999613.3000001
2025-08-01 03:29:11 PM,1880.0,51,95880.0,224095493.3000001
2025-08-01 03:29:12 PM,1875.8,0,0.0,224095493.3000001
2025-08-01 03:29:18 PM,1873.4,45,84303.0,224179796.3000001
2025-08-01 03:29:25 PM,1884.0,0,0.0,224179796.3000001
2025-08-01 03:29:25 PM,1884.0,100,188400.0,224368196.3000001
2025-08-01 03:29:33 PM,1874.6,3,5623.799999999999,224373820.1000001
2025-08-01 03:29:40 PM,1883.7,6,11302.2,224385122.3000001
2025-08-01 03:29:42 PM,1874.0,49,91826.0,224476948.3000001
2025-08-01 03:29:47 PM,1880.0,0,0.0,224476948.3000001
2025-08-01 03:29:47 PM,1880.0,23,43240.0,224520188.3000001
