date,price,qty,trnvr,cum_trnvr
2025-08-01 09:15:05 AM,146.95,6384,938128.7999999999,938128.7999999999
2025-08-01 09:15:14 AM,146.94,0,0.0,938128.7999999999
2025-08-01 09:15:17 AM,146.6,1091,159940.6,1098069.4
2025-08-01 09:15:22 AM,147.13,0,0.0,1098069.4
2025-08-01 09:15:24 AM,147.17,0,0.0,1098069.4
2025-08-01 09:15:26 AM,147.39,7954,1172340.0599999998,2270409.46
2025-08-01 09:15:34 AM,147.2,0,0.0,2270409.46
2025-08-01 09:15:35 AM,147.2,281,41363.2,2311772.66
2025-08-01 09:15:36 AM,147.2,50,7359.999999999999,2319132.66
2025-08-01 09:15:38 AM,147.03,0,0.0,2319132.66
2025-08-01 09:15:42 AM,147.02,0,0.0,2319132.66
2025-08-01 09:15:43 AM,147.02,1011,148637.22,2467769.8800000004
2025-08-01 09:15:47 AM,147.2,0,0.0,2467769.8800000004
2025-08-01 09:15:50 AM,147.21,0,0.0,2467769.8800000004
2025-08-01 09:15:51 AM,147.21,269,39599.490000000005,2507369.3700000006
2025-08-01 09:15:53 AM,147.21,177,26056.170000000002,2533425.5400000005
2025-08-01 09:15:56 AM,147.25,0,0.0,2533425.5400000005
2025-08-01 09:15:58 AM,147.28,0,0.0,2533425.5400000005
2025-08-01 09:15:59 AM,147.28,595,87631.6,2621057.1400000006
2025-08-01 09:16:01 AM,146.93,2665,391568.45,3012625.590000001
2025-08-01 09:16:04 AM,146.58,0,0.0,3012625.590000001
2025-08-01 09:16:08 AM,146.58,1447,212101.26,3224726.8500000006
2025-08-01 09:16:09 AM,147.06,20,2941.2,3227668.0500000007
2025-08-01 09:16:16 AM,146.8,801,117586.8,3345254.8500000006
2025-08-01 09:16:19 AM,147.13,0,0.0,3345254.8500000006
2025-08-01 09:16:21 AM,147.12,0,0.0,3345254.8500000006
2025-08-01 09:16:24 AM,147.12,1902,279822.24,3625077.090000001
2025-08-01 09:16:26 AM,147.12,54,7944.4800000000005,3633021.5700000008
2025-08-01 09:16:29 AM,147.25,0,0.0,3633021.5700000008
2025-08-01 09:16:32 AM,147.24,57,8392.68,3641414.250000001
2025-08-01 09:16:34 AM,147.25,100,14725.0,3656139.250000001
2025-08-01 09:16:39 AM,147.26,0,0.0,3656139.250000001
2025-08-01 09:16:41 AM,147.28,492,72461.76,3728601.0100000007
2025-08-01 09:16:49 AM,147.29,102,15023.58,3743624.590000001
2025-08-01 09:16:50 AM,147.3,880,129624.00000000001,3873248.590000001
2025-08-01 09:16:57 AM,147.41,382,56310.619999999995,3929559.210000001
2025-08-01 09:16:59 AM,147.4,25,3685.0,3933244.210000001
2025-08-01 09:17:01 AM,147.49,0,0.0,3933244.210000001
2025-08-01 09:17:05 AM,147.55,1541,227374.55000000002,4160618.7600000007
2025-08-01 09:17:14 AM,147.55,501,73922.55,4234541.3100000005
2025-08-01 09:17:15 AM,147.67,60,8860.199999999999,4243401.510000001
2025-08-01 09:17:25 AM,147.77,0,0.0,4243401.510000001
2025-08-01 09:17:27 AM,147.8,0,0.0,4243401.510000001
2025-08-01 09:17:30 AM,147.88,557,82369.16,4325770.670000001
2025-08-01 09:17:31 AM,147.77,1,147.77,4325918.44
2025-08-01 09:17:38 AM,147.7,6193,914706.1,5240624.54
2025-08-01 09:17:39 AM,147.65,2,295.3,5240919.84
2025-08-01 09:17:43 AM,147.46,0,0.0,5240919.84
2025-08-01 09:17:47 AM,147.49,695,102505.55,5343425.39
2025-08-01 09:17:48 AM,147.43,50,7371.5,5350796.89
2025-08-01 09:17:53 AM,147.42,0,0.0,5350796.89
2025-08-01 09:17:55 AM,147.32,190,27990.8,5378787.6899999995
2025-08-01 09:18:01 AM,147.31,0,0.0,5378787.6899999995
2025-08-01 09:18:03 AM,147.44,918,135349.91999999998,5514137.609999999
2025-08-01 09:18:04 AM,147.48,66,9733.679999999998,5523871.289999999
2025-08-01 09:18:07 AM,147.72,0,0.0,5523871.289999999
2025-08-01 09:18:12 AM,147.72,4645,686159.4,6210030.6899999995
2025-08-01 09:18:15 AM,147.88,0,0.0,6210030.6899999995
2025-08-01 09:18:20 AM,147.92,1406,207975.52,6418006.209999999
2025-08-01 09:18:23 AM,148.02,0,0.0,6418006.209999999
2025-08-01 09:18:28 AM,148.02,156,23091.120000000003,6441097.329999999
2025-08-01 09:18:33 AM,147.81,0,0.0,6441097.329999999
2025-08-01 09:18:36 AM,147.81,400,59124.0,6500221.329999999
2025-08-01 09:18:41 AM,148.05,0,0.0,6500221.329999999
2025-08-01 09:18:45 AM,148.02,1068,158085.36000000002,6658306.6899999995
2025-08-01 09:18:46 AM,148.01,10,1480.1,6659786.789999999
2025-08-01 09:18:47 AM,148.02,0,0.0,6659786.789999999
2025-08-01 09:18:49 AM,148.05,0,0.0,6659786.789999999
2025-08-01 09:18:53 AM,148.2,563,83436.59999999999,6743223.389999999
2025-08-01 09:18:54 AM,148.14,69,10221.66,6753445.049999999
2025-08-01 09:18:56 AM,148.2,0,0.0,6753445.049999999
2025-08-01 09:19:01 AM,147.97,554,81975.38,6835420.429999999
2025-08-01 09:19:02 AM,148.1,100,14810.0,6850230.429999999
2025-08-01 09:19:03 AM,148.04,0,0.0,6850230.429999999
2025-08-01 09:19:09 AM,148.1,3511,519979.1,7370209.529999998
2025-08-01 09:19:10 AM,148.2,28,4149.599999999999,7374359.129999998
2025-08-01 09:19:17 AM,148.2,13,1926.6,7376285.729999998
2025-08-01 09:19:25 AM,148.22,713,105680.86,7481966.589999998
2025-08-01 09:19:26 AM,148.21,50,7410.5,7489377.089999998
2025-08-01 09:19:27 AM,148.36,0,0.0,7489377.089999998
2025-08-01 09:19:32 AM,148.1,0,0.0,7489377.089999998
2025-08-01 09:19:33 AM,148.1,1685,249548.5,7738925.589999998
2025-08-01 09:19:35 AM,148.13,600,88878.0,7827803.589999998
2025-08-01 09:19:41 AM,148.2,50,7409.999999999999,7835213.589999998
2025-08-01 09:19:41 AM,148.06,0,0.0,7835213.589999998
2025-08-01 09:19:43 AM,148.25,260,38545.0,7873758.589999998
2025-08-01 09:19:48 AM,148.1,0,0.0,7873758.589999998
2025-08-01 09:19:49 AM,148.1,92,13625.199999999999,7887383.789999998
2025-08-01 09:19:56 AM,148.19,0,0.0,7887383.789999998
2025-08-01 09:19:57 AM,148.19,904,133963.76,8021347.549999998
2025-08-01 09:19:59 AM,148.2,31,4594.2,8025941.749999998
2025-08-01 09:20:04 AM,147.97,0,0.0,8025941.749999998
2025-08-01 09:20:05 AM,147.97,457,67622.29,8093564.039999998
2025-08-01 09:20:11 AM,148.02,0,0.0,8093564.039999998
2025-08-01 09:20:13 AM,148.02,1502,222326.04,8315890.079999998
2025-08-01 09:20:18 AM,148.19,0,0.0,8315890.079999998
2025-08-01 09:20:21 AM,148.19,3288,487248.72,8803138.799999999
2025-08-01 09:20:29 AM,148.21,20,2964.2000000000003,8806102.999999998
2025-08-01 09:20:30 AM,148.21,14,2074.94,8808177.939999998
2025-08-01 09:20:32 AM,148.2,0,0.0,8808177.939999998
2025-08-01 09:20:36 AM,148.25,0,0.0,8808177.939999998
2025-08-01 09:20:37 AM,148.25,1171,173600.75,8981778.689999998
2025-08-01 09:20:38 AM,148.25,3,444.75,8982223.439999998
2025-08-01 09:20:43 AM,148.45,0,0.0,8982223.439999998
2025-08-01 09:20:45 AM,148.45,374,55520.299999999996,9037743.739999998
2025-08-01 09:20:50 AM,148.3,0,0.0,9037743.739999998
2025-08-01 09:20:52 AM,148.3,30,4449.0,9042192.739999998
2025-08-01 09:21:06 AM,148.42,0,0.0,9042192.739999998
2025-08-01 09:21:08 AM,148.42,51,7569.419999999999,9049762.159999998
2025-08-01 09:21:13 AM,148.46,0,0.0,9049762.159999998
2025-08-01 09:21:16 AM,148.46,150,22269.0,9072031.159999998
2025-08-01 09:21:18 AM,148.45,0,0.0,9072031.159999998
2025-08-01 09:21:24 AM,148.37,116,17210.920000000002,9089242.079999998
2025-08-01 09:21:27 AM,148.44,0,0.0,9089242.079999998
2025-08-01 09:21:31 AM,148.51,2150,319296.5,9408538.579999998
2025-08-01 09:21:32 AM,148.46,0,0.0,9408538.579999998
2025-08-01 09:21:39 AM,148.5,602,89397.0,9497935.579999998
2025-08-01 09:21:41 AM,148.51,0,0.0,9497935.579999998
2025-08-01 09:21:43 AM,148.55,0,0.0,9497935.579999998
2025-08-01 09:21:47 AM,148.55,103,15300.650000000001,9513236.229999999
2025-08-01 09:21:50 AM,148.49,0,0.0,9513236.229999999
2025-08-01 09:21:54 AM,148.49,146,21679.54,9534915.769999998
2025-08-01 09:21:57 AM,148.55,0,0.0,9534915.769999998
2025-08-01 09:22:02 AM,148.55,500,74275.0,9609190.769999998
2025-08-01 09:22:07 AM,148.49,0,0.0,9609190.769999998
2025-08-01 09:22:09 AM,148.49,306,45437.94,9654628.709999997
2025-08-01 09:22:14 AM,148.42,0,0.0,9654628.709999997
2025-08-01 09:22:17 AM,148.42,40,5936.799999999999,9660565.509999998
2025-08-01 09:22:19 AM,148.34,71,10532.14,9671097.649999999
2025-08-01 09:22:21 AM,148.48,0,0.0,9671097.649999999
2025-08-01 09:22:25 AM,148.3,233,34553.9,9705651.549999999
2025-08-01 09:22:25 AM,148.2,0,0.0,9705651.549999999
2025-08-01 09:22:26 AM,148.2,147,21785.399999999998,9727436.95
2025-08-01 09:22:28 AM,148.22,0,0.0,9727436.95
2025-08-01 09:22:32 AM,148.26,310,45960.6,9773397.549999999
2025-08-01 09:22:33 AM,148.3,0,0.0,9773397.549999999
2025-08-01 09:22:34 AM,148.3,2000,296600.0,10069997.549999999
2025-08-01 09:22:40 AM,148.29,7,1038.03,10071035.579999998
2025-08-01 09:22:42 AM,148.32,0,0.0,10071035.579999998
2025-08-01 09:22:47 AM,148.19,0,0.0,10071035.579999998
2025-08-01 09:22:48 AM,148.19,301,44605.19,10115640.769999998
2025-08-01 09:22:49 AM,148.24,271,40173.04,10155813.809999997
2025-08-01 09:22:53 AM,148.35,0,0.0,10155813.809999997
2025-08-01 09:22:54 AM,148.32,0,0.0,10155813.809999997
2025-08-01 09:22:55 AM,148.32,75,11124.0,10166937.809999997
2025-08-01 09:22:59 AM,148.19,0,0.0,10166937.809999997
2025-08-01 09:23:03 AM,148.24,262,38838.880000000005,10205776.689999998
2025-08-01 09:23:10 AM,148.24,131,19419.440000000002,10225196.129999997
2025-08-01 09:23:20 AM,148.23,60,8893.8,10234089.929999998
2025-08-01 09:23:26 AM,148.0,2911,430828.0,10664917.929999998
2025-08-01 09:23:27 AM,147.96,0,0.0,10664917.929999998
2025-08-01 09:23:27 AM,147.96,629,93066.84000000001,10757984.769999998
2025-08-01 09:23:35 AM,147.96,69,10209.24,10768194.009999998
2025-08-01 09:23:46 AM,147.98,0,0.0,10768194.009999998
2025-08-01 09:23:47 AM,148.0,0,0.0,10768194.009999998
2025-08-01 09:23:48 AM,148.0,270,39960.0,10808154.009999998
2025-08-01 09:23:50 AM,148.0,3,444.0,10808598.009999998
2025-08-01 09:24:04 AM,147.88,101,14935.88,10823533.889999999
2025-08-01 09:24:05 AM,148.0,100,14800.0,10838333.889999999
2025-08-01 09:24:19 AM,147.99,33,4883.67,10843217.559999999
2025-08-01 09:24:25 AM,147.85,0,0.0,10843217.559999999
2025-08-01 09:24:27 AM,147.85,283,41841.549999999996,10885059.11
2025-08-01 09:24:34 AM,147.72,66,9749.52,10894808.629999999
2025-08-01 09:24:37 AM,147.84,0,0.0,10894808.629999999
2025-08-01 09:24:42 AM,148.02,14868,2200761.3600000003,13095569.989999998
2025-08-01 09:24:49 AM,148.13,124,18368.12,13113938.109999998
2025-08-01 09:24:50 AM,148.07,0,0.0,13113938.109999998
2025-08-01 09:24:51 AM,148.07,10029,1484994.03,14598932.139999997
2025-08-01 09:25:03 AM,147.89,0,0.0,14598932.139999997
2025-08-01 09:25:04 AM,147.89,613,90656.56999999999,14689588.709999997
2025-08-01 09:25:10 AM,147.97,0,0.0,14689588.709999997
2025-08-01 09:25:12 AM,147.97,1,147.97,14689736.679999998
2025-08-01 09:25:19 AM,147.97,5,739.85,14690476.529999997
2025-08-01 09:25:21 AM,147.74,2566,379100.84,15069577.369999997
2025-08-01 09:25:27 AM,147.78,4,591.12,15070168.489999996
2025-08-01 09:25:29 AM,147.63,0,0.0,15070168.489999996
2025-08-01 09:25:34 AM,147.7,86,12702.199999999999,15082870.689999996
2025-08-01 09:25:40 AM,147.78,0,0.0,15082870.689999996
2025-08-01 09:25:42 AM,147.78,1000,147780.0,15230650.689999996
2025-08-01 09:25:44 AM,147.78,39,5763.42,15236414.109999996
2025-08-01 09:25:49 AM,147.72,40,5908.8,15242322.909999996
2025-08-01 09:25:57 AM,147.79,93,13744.47,15256067.379999997
2025-08-01 09:25:58 AM,147.85,0,0.0,15256067.379999997
2025-08-01 09:25:59 AM,147.85,1,147.85,15256215.229999997
2025-08-01 09:26:04 AM,147.76,26,3841.7599999999998,15260056.989999996
2025-08-01 09:26:11 AM,147.85,0,0.0,15260056.989999996
2025-08-01 09:26:12 AM,147.85,10,1478.5,15261535.489999996
2025-08-01 09:26:14 AM,147.85,30,4435.5,15265970.989999996
2025-08-01 09:26:17 AM,147.74,0,0.0,15265970.989999996
2025-08-01 09:26:20 AM,147.76,131,19356.559999999998,15285327.549999997
2025-08-01 09:26:22 AM,147.76,15,2216.3999999999996,15287543.949999997
2025-08-01 09:26:27 AM,147.76,82,12116.32,15299660.269999998
2025-08-01 09:26:35 AM,147.76,68,10047.68,15309707.949999997
2025-08-01 09:26:43 AM,147.76,41,6058.16,15315766.109999998
2025-08-01 09:26:47 AM,147.71,0,0.0,15315766.109999998
2025-08-01 09:26:50 AM,147.71,46,6794.660000000001,15322560.769999998
2025-08-01 09:26:54 AM,147.8,0,0.0,15322560.769999998
2025-08-01 09:26:58 AM,147.8,263,38871.4,15361432.169999998
2025-08-01 09:27:01 AM,147.78,0,0.0,15361432.169999998
2025-08-01 09:27:05 AM,147.78,16,2364.48,15363796.649999999
2025-08-01 09:27:08 AM,147.86,0,0.0,15363796.649999999
2025-08-01 09:27:13 AM,147.81,100,14781.0,15378577.649999999
2025-08-01 09:27:23 AM,147.89,0,0.0,15378577.649999999
2025-08-01 09:27:27 AM,147.89,10,1478.8999999999999,15380056.549999999
2025-08-01 09:27:33 AM,147.9,0,0.0,15380056.549999999
2025-08-01 09:27:35 AM,147.9,192,28396.800000000003,15408453.35
2025-08-01 09:27:42 AM,147.97,20,2959.4,15411412.75
2025-08-01 09:27:48 AM,147.87,0,0.0,15411412.75
2025-08-01 09:27:50 AM,147.87,261,38594.07,15450006.82
2025-08-01 09:27:58 AM,147.89,50,7394.499999999999,15457401.32
2025-08-01 09:28:03 AM,147.76,0,0.0,15457401.32
2025-08-01 09:28:06 AM,147.76,51,7535.759999999999,15464937.08
2025-08-01 09:28:13 AM,147.7,573,84632.09999999999,15549569.18
2025-08-01 09:28:17 AM,147.6,0,0.0,15549569.18
2025-08-01 09:28:17 AM,147.69,0,0.0,15549569.18
2025-08-01 09:28:21 AM,147.69,301,44454.69,15594023.87
2025-08-01 09:28:22 AM,147.69,310,45783.9,15639807.77
2025-08-01 09:28:23 AM,147.7,0,0.0,15639807.77
2025-08-01 09:28:28 AM,147.55,0,0.0,15639807.77
2025-08-01 09:28:29 AM,147.55,1472,217193.6,15857001.37
2025-08-01 09:28:37 AM,147.55,1,147.55,15857148.92
2025-08-01 09:28:39 AM,147.63,0,0.0,15857148.92
2025-08-01 09:28:44 AM,147.63,23,3395.49,15860544.41
2025-08-01 09:28:49 AM,147.55,0,0.0,15860544.41
2025-08-01 09:28:50 AM,147.63,0,0.0,15860544.41
2025-08-01 09:28:51 AM,147.63,105,15501.15,15876045.56
2025-08-01 09:28:59 AM,147.65,40,5906.0,15881951.56
2025-08-01 09:29:00 AM,147.65,8,1181.2,15883132.76
2025-08-01 09:29:06 AM,147.63,0,0.0,15883132.76
2025-08-01 09:29:07 AM,147.51,569,83933.18999999999,15967065.95
2025-08-01 09:29:12 AM,147.38,0,0.0,15967065.95
2025-08-01 09:29:14 AM,147.34,7896,1163396.6400000001,17130462.59
2025-08-01 09:29:22 AM,147.17,1227,180577.59,17311040.18
2025-08-01 09:29:37 AM,147.07,160,23531.199999999997,17334571.38
2025-08-01 09:29:38 AM,147.01,333,48954.329999999994,17383525.709999997
2025-08-01 09:29:42 AM,147.14,0,0.0,17383525.709999997
2025-08-01 09:29:44 AM,147.14,96,14125.439999999999,17397651.15
2025-08-01 09:29:45 AM,147.11,46,6767.06,17404418.209999997
2025-08-01 09:30:00 AM,147.19,166,24433.54,17428851.749999996
2025-08-01 09:30:05 AM,147.11,0,0.0,17428851.749999996
2025-08-01 09:30:07 AM,147.11,16,2353.76,17431205.509999998
2025-08-01 09:30:12 AM,147.19,0,0.0,17431205.509999998
2025-08-01 09:30:15 AM,147.19,10,1471.9,17432677.409999996
2025-08-01 09:30:22 AM,147.18,75,11038.5,17443715.909999996
2025-08-01 09:30:26 AM,147.05,0,0.0,17443715.909999996
2025-08-01 09:30:30 AM,147.01,2782,408981.81999999995,17852697.729999997
2025-08-01 09:30:33 AM,147.08,0,0.0,17852697.729999997
2025-08-01 09:30:37 AM,147.17,644,94777.48,17947475.209999997
2025-08-01 09:30:51 AM,147.17,4,588.68,17948063.889999997
2025-08-01 09:31:06 AM,147.17,764,112437.87999999999,18060501.769999996
2025-08-01 09:31:09 AM,147.18,0,0.0,18060501.769999996
2025-08-01 09:31:14 AM,147.19,0,0.0,18060501.769999996
2025-08-01 09:31:14 AM,147.19,2007,295410.33,18355912.099999994
2025-08-01 09:31:21 AM,147.21,3,441.63,18356353.729999993
2025-08-01 09:31:22 AM,147.24,5,736.2,18357089.929999992
2025-08-01 09:31:26 AM,147.27,0,0.0,18357089.929999992
2025-08-01 09:31:28 AM,147.27,154,22679.58,18379769.50999999
2025-08-01 09:31:32 AM,147.25,0,0.0,18379769.50999999
2025-08-01 09:31:36 AM,147.25,91,13399.75,18393169.25999999
2025-08-01 09:31:38 AM,147.26,0,0.0,18393169.25999999
2025-08-01 09:31:43 AM,147.28,559,82329.52,18475498.77999999
2025-08-01 09:31:49 AM,147.28,76,11193.28,18486692.05999999
2025-08-01 09:31:55 AM,147.32,0,0.0,18486692.05999999
2025-08-01 09:31:56 AM,147.32,100,14732.0,18501424.05999999
2025-08-01 09:32:03 AM,147.32,27,3977.64,18505401.69999999
2025-08-01 09:32:10 AM,147.32,30,4419.599999999999,18509821.299999993
2025-08-01 09:32:12 AM,147.42,0,0.0,18509821.299999993
2025-08-01 09:32:18 AM,147.5,0,0.0,18509821.299999993
2025-08-01 09:32:18 AM,147.5,187,27582.5,18537403.799999993
2025-08-01 09:32:24 AM,147.45,0,0.0,18537403.799999993
2025-08-01 09:32:25 AM,147.45,700,103214.99999999999,18640618.799999993
2025-08-01 09:32:30 AM,147.68,0,0.0,18640618.799999993
2025-08-01 09:32:31 AM,147.68,4775,705172.0,19345790.799999993
2025-08-01 09:32:36 AM,147.52,0,0.0,19345790.799999993
2025-08-01 09:32:38 AM,147.52,1,147.52,19345938.319999993
2025-08-01 09:32:42 AM,147.5,0,0.0,19345938.319999993
2025-08-01 09:32:45 AM,147.62,2435,359454.7,19705393.019999992
2025-08-01 09:32:52 AM,147.61,300,44283.00000000001,19749676.019999992
2025-08-01 09:32:59 AM,147.61,5,738.0500000000001,19750414.069999993
2025-08-01 09:33:06 AM,147.7,0,0.0,19750414.069999993
2025-08-01 09:33:06 AM,147.7,1,147.7,19750561.769999992
2025-08-01 09:33:13 AM,147.7,5,738.5,19751300.269999992
2025-08-01 09:33:32 AM,147.78,0,0.0,19751300.269999992
2025-08-01 09:33:34 AM,147.78,516,76254.48,19827554.749999993
2025-08-01 09:33:42 AM,147.93,0,0.0,19827554.749999993
2025-08-01 09:33:48 AM,147.93,10,1479.3000000000002,19829034.049999993
2025-08-01 09:34:02 AM,148.06,0,0.0,19829034.049999993
2025-08-01 09:34:02 AM,148.06,3211,475420.66000000003,20304454.709999993
2025-08-01 09:34:02 AM,148.08,414,61305.12,20365759.829999994
2025-08-01 09:34:07 AM,148.14,0,0.0,20365759.829999994
2025-08-01 09:34:09 AM,148.14,1,148.14,20365907.969999995
2025-08-01 09:34:12 AM,148.32,0,0.0,20365907.969999995
2025-08-01 09:34:16 AM,148.32,500,74160.0,20440067.969999995
2025-08-01 09:34:20 AM,148.31,0,0.0,20440067.969999995
2025-08-01 09:34:22 AM,148.3,0,0.0,20440067.969999995
2025-08-01 09:34:23 AM,148.3,1176,174400.80000000002,20614468.769999996
2025-08-01 09:34:27 AM,148.16,0,0.0,20614468.769999996
2025-08-01 09:34:30 AM,148.16,501,74228.16,20688696.929999996
2025-08-01 09:34:35 AM,148.23,0,0.0,20688696.929999996
2025-08-01 09:34:37 AM,148.23,10,1482.3,20690179.229999997
2025-08-01 09:34:57 AM,148.26,40,5930.4,20696109.629999995
2025-08-01 09:35:04 AM,148.16,938,138974.08,20835083.709999993
2025-08-01 09:35:11 AM,148.2,123,18228.6,20853312.309999995
2025-08-01 09:35:17 AM,148.1,0,0.0,20853312.309999995
2025-08-01 09:35:18 AM,148.1,91,13477.1,20866789.409999996
2025-08-01 09:35:22 AM,148.07,0,0.0,20866789.409999996
2025-08-01 09:35:26 AM,148.09,74,10958.66,20877748.069999997
2025-08-01 09:35:32 AM,148.0,0,0.0,20877748.069999997
2025-08-01 09:35:32 AM,148.0,305,45140.0,20922888.069999997
2025-08-01 09:35:36 AM,147.91,0,0.0,20922888.069999997
2025-08-01 09:35:37 AM,147.99,0,0.0,20922888.069999997
2025-08-01 09:35:39 AM,147.99,35,5179.650000000001,20928067.719999995
2025-08-01 09:35:46 AM,147.99,2677,396169.23000000004,21324236.949999996
2025-08-01 09:35:56 AM,147.96,0,0.0,21324236.949999996
2025-08-01 09:35:59 AM,147.96,50,7398.0,21331634.949999996
2025-08-01 09:36:17 AM,148.0,0,0.0,21331634.949999996
2025-08-01 09:36:19 AM,148.0,480,71040.0,21402674.949999996
2025-08-01 09:36:26 AM,148.09,250,37022.5,21439697.449999996
2025-08-01 09:36:29 AM,148.0,0,0.0,21439697.449999996
2025-08-01 09:36:32 AM,148.08,112,16584.960000000003,21456282.409999996
2025-08-01 09:36:45 AM,148.09,0,0.0,21456282.409999996
2025-08-01 09:36:45 AM,148.09,1,148.09,21456430.499999996
2025-08-01 09:36:52 AM,148.09,1,148.09,21456578.589999996
2025-08-01 09:37:11 AM,148.0,0,0.0,21456578.589999996
2025-08-01 09:37:13 AM,148.09,1401,207474.09,21664052.679999996
2025-08-01 09:37:15 AM,148.0,0,0.0,21664052.679999996
2025-08-01 09:37:16 AM,148.05,0,0.0,21664052.679999996
2025-08-01 09:37:20 AM,148.0,0,0.0,21664052.679999996
2025-08-01 09:37:20 AM,148.0,840,124320.0,21788372.679999996
2025-08-01 09:37:26 AM,147.91,0,0.0,21788372.679999996
2025-08-01 09:37:27 AM,147.91,3574,528630.34,22317003.019999996
2025-08-01 09:37:27 AM,147.95,600,88770.0,22405773.019999996
2025-08-01 09:37:30 AM,147.89,0,0.0,22405773.019999996
2025-08-01 09:37:33 AM,147.89,119,17598.91,22423371.929999996
2025-08-01 09:37:35 AM,147.87,0,0.0,22423371.929999996
2025-08-01 09:37:40 AM,147.87,29,4288.2300000000005,22427660.159999996
2025-08-01 09:37:43 AM,147.78,0,0.0,22427660.159999996
2025-08-01 09:37:47 AM,147.78,3,443.34000000000003,22428103.499999996
2025-08-01 09:37:51 AM,147.8,0,0.0,22428103.499999996
2025-08-01 09:37:53 AM,147.8,554,81881.20000000001,22509984.699999996
2025-08-01 09:38:14 AM,147.8,24,3547.2000000000003,22513531.899999995
2025-08-01 09:38:21 AM,147.79,5221,771611.59,23285143.489999995
2025-08-01 09:38:45 AM,147.8,0,0.0,23285143.489999995
2025-08-01 09:38:47 AM,147.88,2,295.76,23285439.249999996
2025-08-01 09:38:53 AM,147.78,0,0.0,23285439.249999996
2025-08-01 09:38:54 AM,147.78,102,15073.56,23300512.809999995
2025-08-01 09:39:01 AM,147.89,0,0.0,23300512.809999995
2025-08-01 09:39:07 AM,147.94,0,0.0,23300512.809999995
2025-08-01 09:39:07 AM,147.94,296,43790.24,23344303.049999993
2025-08-01 09:39:12 AM,147.99,0,0.0,23344303.049999993
2025-08-01 09:39:14 AM,147.99,100,14799.0,23359102.049999993
2025-08-01 09:39:21 AM,147.86,34,5027.240000000001,23364129.28999999
2025-08-01 09:39:46 AM,147.83,0,0.0,23364129.28999999
2025-08-01 09:39:47 AM,147.85,28,4139.8,23368269.089999992
2025-08-01 09:39:50 AM,147.83,0,0.0,23368269.089999992
2025-08-01 09:39:54 AM,147.83,34,5026.22,23373295.30999999
2025-08-01 09:40:00 AM,147.83,12,1773.96,23375069.269999992
2025-08-01 09:40:06 AM,147.85,0,0.0,23375069.269999992
2025-08-01 09:40:07 AM,147.85,1,147.85,23375217.119999994
2025-08-01 09:40:14 AM,147.85,30,4435.5,23379652.619999994
2025-08-01 09:40:27 AM,147.85,3,443.54999999999995,23380096.169999994
2025-08-01 09:40:40 AM,147.85,109,16115.65,23396211.819999993
2025-08-01 09:40:41 AM,147.85,338,49973.299999999996,23446185.119999994
2025-08-01 09:40:41 AM,147.91,0,0.0,23446185.119999994
2025-08-01 09:40:45 AM,147.98,0,0.0,23446185.119999994
2025-08-01 09:40:46 AM,147.98,90,13318.199999999999,23459503.319999993
2025-08-01 09:40:59 AM,148.01,0,0.0,23459503.319999993
2025-08-01 09:41:00 AM,148.01,540,79925.4,23539428.71999999
2025-08-01 09:41:29 AM,148.03,0,0.0,23539428.71999999
2025-08-01 09:41:33 AM,148.03,83,12286.49,23551715.20999999
2025-08-01 09:41:40 AM,148.03,30,4440.9,23556156.10999999
2025-08-01 09:41:49 AM,148.09,0,0.0,23556156.10999999
2025-08-01 09:41:53 AM,148.09,192,28433.28,23584589.38999999
2025-08-01 09:41:59 AM,148.09,17,2517.53,23587106.91999999
2025-08-01 09:42:05 AM,148.0,97,14356.0,23601462.91999999
2025-08-01 09:42:13 AM,148.09,100,14809.0,23616271.91999999
2025-08-01 09:42:19 AM,148.09,145,21473.05,23637744.96999999
2025-08-01 09:42:20 AM,148.09,155,22953.95,23660698.91999999
2025-08-01 09:42:32 AM,148.13,0,0.0,23660698.91999999
2025-08-01 09:42:32 AM,148.13,83,12294.789999999999,23672993.70999999
2025-08-01 09:42:33 AM,148.29,1340,198708.59999999998,23871702.30999999
2025-08-01 09:42:44 AM,148.3,0,0.0,23871702.30999999
2025-08-01 09:42:45 AM,148.3,200,29660.000000000004,23901362.30999999
2025-08-01 09:42:48 AM,148.29,0,0.0,23901362.30999999
2025-08-01 09:42:51 AM,148.29,50,7414.5,23908776.80999999
2025-08-01 09:42:56 AM,148.24,0,0.0,23908776.80999999
2025-08-01 09:42:58 AM,148.24,1243,184262.32,24093039.12999999
2025-08-01 09:43:04 AM,148.16,0,0.0,24093039.12999999
2025-08-01 09:43:04 AM,148.16,10,1481.6,24094520.729999993
2025-08-01 09:43:11 AM,148.25,23,3409.75,24097930.479999993
2025-08-01 09:43:18 AM,148.07,1000,148070.0,24246000.479999993
2025-08-01 09:43:20 AM,148.22,0,0.0,24246000.479999993
2025-08-01 09:43:20 AM,148.09,0,0.0,24246000.479999993
2025-08-01 09:43:24 AM,148.09,148,21917.32,24267917.799999993
2025-08-01 09:43:44 AM,148.09,25,3702.25,24271620.049999993
2025-08-01 09:43:51 AM,148.13,2550,377731.5,24649351.549999993
2025-08-01 09:43:58 AM,148.14,9,1333.2599999999998,24650684.809999995
2025-08-01 09:44:00 AM,148.22,0,0.0,24650684.809999995
2025-08-01 09:44:00 AM,148.14,0,0.0,24650684.809999995
2025-08-01 09:44:03 AM,148.13,66,9776.58,24660461.389999993
2025-08-01 09:44:04 AM,148.09,0,0.0,24660461.389999993
2025-08-01 09:44:05 AM,148.09,174,25767.66,24686229.049999993
2025-08-01 09:44:11 AM,148.12,550,81466.0,24767695.049999993
2025-08-01 09:44:12 AM,148.01,1,148.01,24767843.059999995
2025-08-01 09:44:18 AM,148.0,0,0.0,24767843.059999995
2025-08-01 09:44:18 AM,148.0,100,14800.0,24782643.059999995
2025-08-01 09:44:20 AM,147.97,0,0.0,24782643.059999995
2025-08-01 09:44:24 AM,147.97,423,62591.31,24845234.369999994
2025-08-01 09:44:30 AM,147.95,0,0.0,24845234.369999994
2025-08-01 09:44:30 AM,147.95,25,3698.7499999999995,24848933.119999994
2025-08-01 09:44:37 AM,147.95,251,37135.45,24886068.569999993
2025-08-01 09:45:02 AM,147.85,0,0.0,24886068.569999993
2025-08-01 09:45:02 AM,147.85,55,8131.75,24894200.319999993
2025-08-01 09:45:04 AM,147.85,166,24543.1,24918743.419999994
2025-08-01 09:45:07 AM,147.91,0,0.0,24918743.419999994
2025-08-01 09:45:09 AM,147.8,1591,235149.80000000002,25153893.219999995
2025-08-01 09:45:30 AM,147.81,3,443.43,25154336.649999995
2025-08-01 09:45:35 AM,147.91,659,97472.69,25251809.339999996
2025-08-01 09:45:43 AM,148.0,10,1480.0,25253289.339999996
2025-08-01 09:46:01 AM,147.93,43,6360.990000000001,25259650.329999994
2025-08-01 09:46:06 AM,147.87,0,0.0,25259650.329999994
2025-08-01 09:46:07 AM,147.85,448,66236.8,25325887.129999995
2025-08-01 09:46:15 AM,147.78,19,2807.82,25328694.949999996
2025-08-01 09:46:21 AM,147.78,100,14778.0,25343472.949999996
2025-08-01 09:46:33 AM,147.84,0,0.0,25343472.949999996
2025-08-01 09:46:33 AM,147.84,80,11827.2,25355300.149999995
2025-08-01 09:46:39 AM,147.7,2570,379588.99999999994,25734889.149999995
2025-08-01 09:46:48 AM,147.7,26,3840.2,25738729.349999994
2025-08-01 09:46:52 AM,147.7,50,7384.999999999999,25746114.349999994
2025-08-01 09:47:02 AM,147.72,0,0.0,25746114.349999994
2025-08-01 09:47:04 AM,147.72,223,32941.56,25779055.909999993
2025-08-01 09:47:17 AM,147.67,0,0.0,25779055.909999993
2025-08-01 09:47:17 AM,147.67,25,3691.7499999999995,25782747.659999993
2025-08-01 09:47:21 AM,147.64,0,0.0,25782747.659999993
2025-08-01 09:47:23 AM,147.64,50,7381.999999999999,25790129.659999993
2025-08-01 09:47:35 AM,147.54,0,0.0,25790129.659999993
2025-08-01 09:47:36 AM,147.54,381,56212.74,25846342.39999999
2025-08-01 09:47:41 AM,147.62,0,0.0,25846342.39999999
2025-08-01 09:47:43 AM,147.62,10,1476.2,25847818.59999999
2025-08-01 09:47:49 AM,147.62,20,2952.4,25850770.99999999
2025-08-01 09:47:55 AM,147.63,0,0.0,25850770.99999999
2025-08-01 09:47:56 AM,147.63,70,10334.1,25861105.09999999
2025-08-01 09:48:03 AM,147.65,40,5906.0,25867011.09999999
2025-08-01 09:48:08 AM,147.64,0,0.0,25867011.09999999
2025-08-01 09:48:09 AM,147.64,311,45916.03999999999,25912927.13999999
2025-08-01 09:48:16 AM,147.63,0,0.0,25912927.13999999
2025-08-01 09:48:18 AM,147.63,2,295.26,25913222.39999999
2025-08-01 09:48:31 AM,147.63,14,2066.8199999999997,25915289.21999999
2025-08-01 09:48:35 AM,147.69,50,7384.5,25922673.71999999
2025-08-01 09:48:36 AM,147.65,0,0.0,25922673.71999999
2025-08-01 09:48:37 AM,147.65,12,1771.8000000000002,25924445.519999992
2025-08-01 09:48:50 AM,147.51,534,78770.34,26003215.859999992
2025-08-01 09:49:00 AM,147.62,0,0.0,26003215.859999992
2025-08-01 09:49:03 AM,147.62,13,1919.06,26005134.91999999
2025-08-01 09:49:07 AM,147.65,460,67919.0,26073053.91999999
2025-08-01 09:49:21 AM,147.65,200,29530.0,26102583.91999999
2025-08-01 09:49:49 AM,147.7,0,0.0,26102583.91999999
2025-08-01 09:49:50 AM,147.7,10,1477.0,26104060.91999999
2025-08-01 09:50:00 AM,147.72,0,0.0,26104060.91999999
2025-08-01 09:50:00 AM,147.72,216,31907.52,26135968.43999999
2025-08-01 09:50:25 AM,147.72,80,11817.6,26147786.03999999
2025-08-01 09:50:29 AM,147.72,220,32498.4,26180284.43999999
2025-08-01 09:50:50 AM,147.72,2,295.44,26180579.87999999
2025-08-01 09:50:54 AM,147.72,200,29544.0,26210123.87999999
2025-08-01 09:51:06 AM,147.75,10,1477.5,26211601.37999999
2025-08-01 09:51:10 AM,147.72,0,0.0,26211601.37999999
2025-08-01 09:51:13 AM,147.72,76,11226.72,26222828.09999999
2025-08-01 09:51:19 AM,147.79,1,147.79,26222975.88999999
2025-08-01 09:51:29 AM,147.77,0,0.0,26222975.88999999
2025-08-01 09:51:31 AM,147.77,6,886.6200000000001,26223862.50999999
2025-08-01 09:51:34 AM,147.77,25,3694.2500000000005,26227556.75999999
2025-08-01 09:51:37 AM,147.82,0,0.0,26227556.75999999
2025-08-01 09:51:38 AM,147.82,26,3843.3199999999997,26231400.07999999
2025-08-01 09:51:44 AM,147.82,22,3252.04,26234652.11999999
2025-08-01 09:51:47 AM,147.82,101,14929.82,26249581.93999999
2025-08-01 09:51:50 AM,147.82,807,119290.73999999999,26368872.67999999
2025-08-01 09:51:57 AM,147.77,0,0.0,26368872.67999999
2025-08-01 09:51:59 AM,147.77,10,1477.7,26370350.379999988
2025-08-01 09:52:11 AM,147.72,0,0.0,26370350.379999988
2025-08-01 09:52:14 AM,147.78,105,15516.9,26385867.279999986
2025-08-01 09:52:17 AM,147.72,100,14772.0,26400639.279999986
2025-08-01 09:52:20 AM,147.78,0,0.0,26400639.279999986
2025-08-01 09:52:21 AM,147.78,2,295.56,26400934.839999985
2025-08-01 09:52:23 AM,147.72,0,0.0,26400934.839999985
2025-08-01 09:52:24 AM,147.72,103,15215.16,26416149.999999985
2025-08-01 09:52:29 AM,147.78,0,0.0,26416149.999999985
2025-08-01 09:52:29 AM,147.72,0,0.0,26416149.999999985
2025-08-01 09:52:30 AM,147.72,424,62633.28,26478783.279999986
2025-08-01 09:53:16 AM,147.65,1409,208038.85,26686822.129999988
2025-08-01 09:53:18 AM,147.63,0,0.0,26686822.129999988
2025-08-01 09:53:18 AM,147.63,5,738.15,26687560.279999986
2025-08-01 09:53:22 AM,147.55,0,0.0,26687560.279999986
2025-08-01 09:53:22 AM,147.51,177,26109.269999999997,26713669.549999986
2025-08-01 09:53:24 AM,147.57,30,4427.099999999999,26718096.649999987
2025-08-01 09:53:27 AM,147.5,0,0.0,26718096.649999987
2025-08-01 09:53:28 AM,147.5,336,49560.0,26767656.649999987
2025-08-01 09:53:36 AM,147.51,25,3687.75,26771344.399999987
2025-08-01 09:53:47 AM,147.51,1005,148247.55,26919591.949999988
2025-08-01 09:53:48 AM,147.58,0,0.0,26919591.949999988
2025-08-01 09:53:49 AM,147.58,10,1475.8000000000002,26921067.74999999
2025-08-01 09:54:18 AM,147.58,50,7379.000000000001,26928446.74999999
2025-08-01 09:54:25 AM,147.58,1,147.58,26928594.329999987
2025-08-01 09:54:43 AM,147.52,0,0.0,26928594.329999987
2025-08-01 09:54:43 AM,147.52,230,33929.600000000006,26962523.92999999
2025-08-01 09:55:06 AM,147.52,150,22128.0,26984651.92999999
2025-08-01 09:55:18 AM,147.55,170,25083.500000000004,27009735.42999999
2025-08-01 09:55:24 AM,147.55,1,147.55,27009882.97999999
2025-08-01 09:55:30 AM,147.58,8,1180.64,27011063.61999999
2025-08-01 09:55:43 AM,147.58,129,19037.820000000003,27030101.43999999
2025-08-01 09:55:54 AM,147.63,10,1476.3,27031577.73999999
2025-08-01 09:56:00 AM,147.63,30,4428.9,27036006.63999999
2025-08-01 09:56:03 AM,147.6,0,0.0,27036006.63999999
2025-08-01 09:56:06 AM,147.6,223,32914.799999999996,27068921.43999999
2025-08-01 09:56:09 AM,147.58,0,0.0,27068921.43999999
2025-08-01 09:56:12 AM,147.58,14,2066.1200000000003,27070987.55999999
2025-08-01 09:56:17 AM,147.57,0,0.0,27070987.55999999
2025-08-01 09:56:18 AM,147.57,2,295.14,27071282.69999999
2025-08-01 09:56:40 AM,147.45,0,0.0,27071282.69999999
2025-08-01 09:56:42 AM,147.45,3793,559277.85,27630560.549999993
2025-08-01 09:56:55 AM,147.45,25,3686.2499999999995,27634246.799999993
2025-08-01 09:57:01 AM,147.45,141,20790.449999999997,27655037.249999993
2025-08-01 09:57:34 AM,147.4,0,0.0,27655037.249999993
2025-08-01 09:57:35 AM,147.4,11,1621.4,27656658.64999999
2025-08-01 09:57:37 AM,147.3,70,10311.0,27666969.64999999
2025-08-01 09:57:56 AM,147.3,200,29460.000000000004,27696429.64999999
2025-08-01 09:57:58 AM,147.25,0,0.0,27696429.64999999
2025-08-01 09:57:59 AM,147.25,1000,147250.0,27843679.64999999
2025-08-01 09:58:05 AM,147.31,210,30935.100000000002,27874614.749999993
2025-08-01 09:58:29 AM,147.31,89,13110.59,27887725.339999992
2025-08-01 09:58:42 AM,147.36,4,589.44,27888314.779999994
2025-08-01 09:58:51 AM,147.37,0,0.0,27888314.779999994
2025-08-01 09:58:51 AM,147.37,92,13558.04,27901872.819999993
2025-08-01 09:58:54 AM,147.38,1,147.38,27902020.19999999
2025-08-01 09:58:57 AM,147.38,29,4274.0199999999995,27906294.21999999
2025-08-01 09:58:59 AM,147.31,0,0.0,27906294.21999999
2025-08-01 09:59:00 AM,147.31,10,1473.1,27907767.319999993
2025-08-01 09:59:03 AM,147.13,0,0.0,27907767.319999993
2025-08-01 09:59:03 AM,147.13,4101,603380.13,28511147.44999999
2025-08-01 09:59:06 AM,147.12,1247,183458.64,28694606.089999992
2025-08-01 09:59:13 AM,147.14,0,0.0,28694606.089999992
2025-08-01 09:59:13 AM,147.14,200,29427.999999999996,28724034.089999992
2025-08-01 09:59:21 AM,147.05,0,0.0,28724034.089999992
2025-08-01 09:59:21 AM,147.14,39,5738.459999999999,28729772.549999993
2025-08-01 09:59:47 AM,147.2,6,883.1999999999999,28730655.749999993
2025-08-01 09:59:56 AM,147.14,100,14713.999999999998,28745369.749999993
2025-08-01 10:00:02 AM,147.2,0,0.0,28745369.749999993
2025-08-01 10:00:02 AM,147.2,5,736.0,28746105.749999993
2025-08-01 10:00:05 AM,147.2,5,736.0,28746841.749999993
2025-08-01 10:00:08 AM,147.2,600,88320.0,28835161.749999993
2025-08-01 10:00:18 AM,147.22,0,0.0,28835161.749999993
2025-08-01 10:00:18 AM,147.22,5,736.1,28835897.849999994
2025-08-01 10:00:24 AM,147.2,140,20608.0,28856505.849999994
2025-08-01 10:00:28 AM,147.24,0,0.0,28856505.849999994
2025-08-01 10:00:28 AM,147.24,1,147.24,28856653.089999992
2025-08-01 10:00:34 AM,147.2,0,0.0,28856653.089999992
2025-08-01 10:00:34 AM,147.2,1270,186944.0,29043597.089999992
2025-08-01 10:00:58 AM,147.16,0,0.0,29043597.089999992
2025-08-01 10:00:59 AM,147.16,27,3973.3199999999997,29047570.409999993
2025-08-01 10:01:02 AM,147.1,25,3677.5,29051247.909999993
2025-08-01 10:01:09 AM,147.16,0,0.0,29051247.909999993
2025-08-01 10:01:09 AM,147.16,1,147.16,29051395.069999993
2025-08-01 10:01:11 AM,147.1,0,0.0,29051395.069999993
2025-08-01 10:01:12 AM,147.1,9,1323.8999999999999,29052718.96999999
2025-08-01 10:01:18 AM,147.16,10,1471.6,29054190.569999993
2025-08-01 10:01:30 AM,147.16,5035,740950.6,29795141.169999994
2025-08-01 10:01:39 AM,147.17,0,0.0,29795141.169999994
2025-08-01 10:01:40 AM,147.17,500,73585.0,29868726.169999994
2025-08-01 10:01:46 AM,147.27,15,2209.05,29870935.219999995
2025-08-01 10:01:48 AM,147.16,0,0.0,29870935.219999995
2025-08-01 10:01:48 AM,147.16,21,3090.36,29874025.579999994
2025-08-01 10:01:56 AM,147.27,0,0.0,29874025.579999994
2025-08-01 10:01:59 AM,147.17,30,4415.099999999999,29878440.679999996
2025-08-01 10:02:04 AM,147.27,0,0.0,29878440.679999996
2025-08-01 10:02:05 AM,147.27,37,5448.990000000001,29883889.669999994
2025-08-01 10:02:17 AM,147.27,70,10308.900000000001,29894198.569999993
2025-08-01 10:02:24 AM,147.27,5,736.35,29894934.919999994
2025-08-01 10:02:30 AM,147.33,50,7366.500000000001,29902301.419999994
2025-08-01 10:02:36 AM,147.33,2,294.66,29902596.079999994
2025-08-01 10:02:44 AM,147.36,20,2947.2000000000003,29905543.279999994
2025-08-01 10:02:49 AM,147.27,120,17672.4,29923215.679999992
2025-08-01 10:03:07 AM,147.35,0,0.0,29923215.679999992
2025-08-01 10:03:08 AM,147.35,31,4567.849999999999,29927783.529999994
2025-08-01 10:03:14 AM,147.27,644,94841.88,30022625.409999993
2025-08-01 10:03:21 AM,147.36,139,20483.04,30043108.44999999
2025-08-01 10:03:34 AM,147.46,100,14746.0,30057854.44999999
2025-08-01 10:03:39 AM,147.31,0,0.0,30057854.44999999
2025-08-01 10:03:40 AM,147.31,1633,240557.23,30298411.679999992
2025-08-01 10:03:42 AM,147.41,100,14741.0,30313152.679999992
2025-08-01 10:03:48 AM,147.41,43,6338.63,30319491.30999999
2025-08-01 10:03:55 AM,147.52,0,0.0,30319491.30999999
2025-08-01 10:03:55 AM,147.52,1501,221427.52000000002,30540918.82999999
2025-08-01 10:03:59 AM,147.41,0,0.0,30540918.82999999
2025-08-01 10:03:59 AM,147.41,362,53362.42,30594281.249999993
2025-08-01 10:04:05 AM,147.48,10,1474.8,30595756.049999993
2025-08-01 10:04:07 AM,147.49,0,0.0,30595756.049999993
2025-08-01 10:04:07 AM,147.49,20,2949.8,30598705.849999994
2025-08-01 10:04:13 AM,147.4,366,53948.4,30652654.249999993
2025-08-01 10:04:15 AM,147.39,0,0.0,30652654.249999993
2025-08-01 10:04:17 AM,147.39,18,2653.0199999999995,30655307.269999992
2025-08-01 10:04:36 AM,147.39,192,28298.879999999997,30683606.14999999
2025-08-01 10:04:39 AM,147.56,1,147.56,30683753.70999999
2025-08-01 10:04:51 AM,147.56,1,147.56,30683901.26999999
2025-08-01 10:04:55 AM,147.56,5,737.8,30684639.06999999
2025-08-01 10:04:57 AM,147.56,62,9148.72,30693787.789999988
2025-08-01 10:05:03 AM,147.57,4,590.28,30694378.06999999
2025-08-01 10:05:20 AM,147.67,0,0.0,30694378.06999999
2025-08-01 10:05:20 AM,147.67,32,4725.44,30699103.50999999
2025-08-01 10:05:28 AM,147.71,0,0.0,30699103.50999999
2025-08-01 10:05:28 AM,147.71,33,4874.43,30703977.93999999
2025-08-01 10:05:32 AM,147.7,0,0.0,30703977.93999999
2025-08-01 10:05:32 AM,147.7,50,7384.999999999999,30711362.93999999
2025-08-01 10:05:38 AM,147.7,1038,153312.59999999998,30864675.53999999
2025-08-01 10:05:40 AM,147.68,0,0.0,30864675.53999999
2025-08-01 10:05:40 AM,147.68,100,14768.0,30879443.53999999
2025-08-01 10:06:04 AM,147.6,61,9003.6,30888447.139999993
2025-08-01 10:06:08 AM,147.65,100,14765.0,30903212.139999993
2025-08-01 10:06:10 AM,147.65,20,2953.0,30906165.139999993
2025-08-01 10:06:16 AM,147.6,3243,478666.8,31384831.939999994
2025-08-01 10:06:31 AM,147.55,198,29214.9,31414046.839999992
2025-08-01 10:06:34 AM,147.53,0,0.0,31414046.839999992
2025-08-01 10:06:34 AM,147.53,190,28030.7,31442077.53999999
2025-08-01 10:06:38 AM,147.42,0,0.0,31442077.53999999
2025-08-01 10:06:38 AM,147.42,2323,342456.66,31784534.19999999
2025-08-01 10:06:40 AM,147.41,4228,623249.48,32407783.679999992
2025-08-01 10:06:42 AM,147.28,0,0.0,32407783.679999992
2025-08-01 10:06:44 AM,147.16,819,120524.04,32528307.71999999
2025-08-01 10:06:46 AM,147.14,79,11624.06,32539931.77999999
2025-08-01 10:06:48 AM,147.12,0,0.0,32539931.77999999
2025-08-01 10:06:48 AM,147.1,0,0.0,32539931.77999999
2025-08-01 10:06:50 AM,147.11,504,74143.44,32614075.21999999
2025-08-01 10:06:52 AM,147.21,0,0.0,32614075.21999999
2025-08-01 10:06:52 AM,147.21,478,70366.38,32684441.59999999
2025-08-01 10:06:56 AM,147.21,79,11629.59,32696071.18999999
2025-08-01 10:06:57 AM,147.22,0,0.0,32696071.18999999
2025-08-01 10:06:58 AM,147.21,241,35477.61,32731548.79999999
2025-08-01 10:07:02 AM,147.2,0,0.0,32731548.79999999
2025-08-01 10:07:02 AM,147.2,708,104217.59999999999,32835766.39999999
2025-08-01 10:07:04 AM,147.18,291,42829.380000000005,32878595.77999999
2025-08-01 10:07:08 AM,147.18,197,28994.460000000003,32907590.23999999
2025-08-01 10:07:10 AM,147.18,166,24431.88,32932022.11999999
2025-08-01 10:07:15 AM,147.29,448,65985.92,32998008.03999999
2025-08-01 10:07:18 AM,147.25,0,0.0,32998008.03999999
2025-08-01 10:07:21 AM,147.3,234,34468.200000000004,33032476.23999999
2025-08-01 10:07:23 AM,147.29,100,14729.0,33047205.23999999
2025-08-01 10:07:27 AM,147.27,0,0.0,33047205.23999999
2025-08-01 10:07:27 AM,147.38,450,66321.0,33113526.23999999
2025-08-01 10:07:29 AM,147.29,34,5007.86,33118534.09999999
2025-08-01 10:07:31 AM,147.27,0,0.0,33118534.09999999
2025-08-01 10:07:33 AM,147.29,207,30489.03,33149023.12999999
2025-08-01 10:07:35 AM,147.32,0,0.0,33149023.12999999
2025-08-01 10:07:35 AM,147.32,30,4419.599999999999,33153442.729999993
2025-08-01 10:07:39 AM,147.28,0,0.0,33153442.729999993
2025-08-01 10:07:39 AM,147.28,313,46098.64,33199541.369999994
2025-08-01 10:07:41 AM,147.26,277,40791.02,33240332.389999993
2025-08-01 10:07:45 AM,147.23,0,0.0,33240332.389999993
2025-08-01 10:07:45 AM,147.23,430,63308.899999999994,33303641.28999999
2025-08-01 10:07:49 AM,147.34,0,0.0,33303641.28999999
2025-08-01 10:07:52 AM,147.2,134,19724.8,33323366.089999992
2025-08-01 10:07:54 AM,147.16,241,35465.56,33358831.64999999
2025-08-01 10:07:55 AM,147.17,0,0.0,33358831.64999999
2025-08-01 10:07:58 AM,147.16,620,91239.2,33450070.84999999
2025-08-01 10:08:04 AM,147.17,517,76086.89,33526157.73999999
2025-08-01 10:08:06 AM,147.17,61,8977.369999999999,33535135.109999992
2025-08-01 10:08:09 AM,147.16,0,0.0,33535135.109999992
2025-08-01 10:08:09 AM,147.3,0,0.0,33535135.109999992
2025-08-01 10:08:10 AM,147.17,161,23694.37,33558829.47999999
2025-08-01 10:08:12 AM,147.31,162,23864.22,33582693.69999999
2025-08-01 10:08:14 AM,147.27,0,0.0,33582693.69999999
2025-08-01 10:08:17 AM,147.27,3,441.81000000000006,33583135.50999999
2025-08-01 10:08:22 AM,147.38,0,0.0,33583135.50999999
2025-08-01 10:08:23 AM,147.38,314,46277.32,33629412.82999999
2025-08-01 10:08:35 AM,147.38,1652,243471.75999999998,33872884.58999999
2025-08-01 10:08:41 AM,147.41,50,7370.5,33880255.08999999
2025-08-01 10:08:57 AM,147.52,0,0.0,33880255.08999999
2025-08-01 10:08:58 AM,147.52,300,44256.0,33924511.08999999
2025-08-01 10:09:10 AM,147.52,208,30684.160000000003,33955195.249999985
2025-08-01 10:09:22 AM,147.51,1,147.51,33955342.75999998
2025-08-01 10:09:28 AM,147.51,1,147.51,33955490.26999998
2025-08-01 10:09:36 AM,147.44,50,7372.0,33962862.26999998
2025-08-01 10:09:39 AM,147.45,0,0.0,33962862.26999998
2025-08-01 10:09:40 AM,147.45,90,13270.499999999998,33976132.76999998
2025-08-01 10:09:47 AM,147.42,139,20491.379999999997,33996624.14999998
2025-08-01 10:09:52 AM,147.55,0,0.0,33996624.14999998
2025-08-01 10:09:53 AM,147.55,11,1623.0500000000002,33998247.19999998
2025-08-01 10:10:02 AM,147.44,147,21673.68,34019920.87999998
2025-08-01 10:10:08 AM,147.49,170,25073.300000000003,34044994.17999998
2025-08-01 10:10:26 AM,147.4,14,2063.6,34047057.77999998
2025-08-01 10:10:28 AM,147.43,3,442.29,34047500.06999998
2025-08-01 10:10:42 AM,147.47,0,0.0,34047500.06999998
2025-08-01 10:10:44 AM,147.47,23,3391.81,34050891.87999998
2025-08-01 10:10:57 AM,147.4,90,13266.0,34064157.87999998
2025-08-01 10:11:06 AM,147.49,0,0.0,34064157.87999998
2025-08-01 10:11:08 AM,147.49,21,3097.29,34067255.16999998
2025-08-01 10:11:15 AM,147.41,0,0.0,34067255.16999998
2025-08-01 10:11:15 AM,147.41,100,14741.0,34081996.16999998
2025-08-01 10:11:21 AM,147.5,0,0.0,34081996.16999998
2025-08-01 10:11:21 AM,147.5,24,3540.0,34085536.16999998
2025-08-01 10:11:36 AM,147.62,0,0.0,34085536.16999998
2025-08-01 10:11:37 AM,147.62,32,4723.84,34090260.00999998
2025-08-01 10:11:54 AM,147.69,0,0.0,34090260.00999998
2025-08-01 10:11:54 AM,147.69,50,7384.5,34097644.50999998
2025-08-01 10:12:27 AM,147.67,0,0.0,34097644.50999998
2025-08-01 10:12:29 AM,147.67,1200,177203.99999999997,34274848.50999998
2025-08-01 10:12:47 AM,147.67,20,2953.3999999999996,34277801.90999998
2025-08-01 10:13:06 AM,147.6,0,0.0,34277801.90999998
2025-08-01 10:13:09 AM,147.58,0,0.0,34277801.90999998
2025-08-01 10:13:10 AM,147.58,1936,285714.88,34563516.789999984
2025-08-01 10:13:30 AM,147.5,0,0.0,34563516.789999984
2025-08-01 10:13:34 AM,147.5,20,2950.0,34566466.789999984
2025-08-01 10:13:40 AM,147.56,20,2951.2,34569417.98999999
2025-08-01 10:13:54 AM,147.69,0,0.0,34569417.98999999
2025-08-01 10:13:57 AM,147.69,1689,249448.41,34818866.39999998
2025-08-01 10:14:26 AM,147.69,50,7384.5,34826250.89999998
2025-08-01 10:14:32 AM,147.69,40,5907.6,34832158.499999985
2025-08-01 10:14:33 AM,147.58,0,0.0,34832158.499999985
2025-08-01 10:14:33 AM,147.58,4,590.32,34832748.819999985
2025-08-01 10:15:06 AM,147.75,0,0.0,34832748.819999985
2025-08-01 10:15:06 AM,147.75,1200,177300.0,35010048.819999985
2025-08-01 10:15:18 AM,147.61,100,14761.000000000002,35024809.819999985
2025-08-01 10:15:21 AM,147.66,0,0.0,35024809.819999985
2025-08-01 10:15:25 AM,147.66,6,885.96,35025695.77999999
2025-08-01 10:15:36 AM,147.65,0,0.0,35025695.77999999
2025-08-01 10:15:37 AM,147.65,10,1476.5,35027172.27999999
2025-08-01 10:15:43 AM,147.65,1,147.65,35027319.929999985
2025-08-01 10:15:54 AM,147.61,0,0.0,35027319.929999985
2025-08-01 10:15:55 AM,147.61,68,10037.480000000001,35037357.40999998
2025-08-01 10:15:59 AM,147.64,0,0.0,35037357.40999998
2025-08-01 10:16:00 AM,147.64,43,6348.5199999999995,35043705.929999985
2025-08-01 10:16:30 AM,147.67,30,4430.099999999999,35048136.02999999
2025-08-01 10:16:41 AM,147.64,5,738.1999999999999,35048874.22999999
2025-08-01 10:17:03 AM,147.57,0,0.0,35048874.22999999
2025-08-01 10:17:03 AM,147.57,80,11805.599999999999,35060679.82999999
2025-08-01 10:17:09 AM,147.57,2,295.14,35060974.96999999
2025-08-01 10:17:26 AM,147.57,1,147.57,35061122.53999999
2025-08-01 10:17:29 AM,147.68,0,0.0,35061122.53999999
2025-08-01 10:17:32 AM,147.68,260,38396.8,35099519.33999999
2025-08-01 10:17:51 AM,147.64,0,0.0,35099519.33999999
2025-08-01 10:17:55 AM,147.64,22,3248.08,35102767.41999999
2025-08-01 10:18:00 AM,147.68,0,0.0,35102767.41999999
2025-08-01 10:18:01 AM,147.63,70,10334.1,35113101.51999999
2025-08-01 10:18:13 AM,147.68,13,1919.8400000000001,35115021.35999999
2025-08-01 10:18:42 AM,147.63,0,0.0,35115021.35999999
2025-08-01 10:18:42 AM,147.63,30,4428.9,35119450.25999999
2025-08-01 10:18:45 AM,147.6,0,0.0,35119450.25999999
2025-08-01 10:18:48 AM,147.6,25,3690.0,35123140.25999999
2025-08-01 10:19:04 AM,147.6,2611,385383.6,35508523.85999999
2025-08-01 10:19:10 AM,147.63,20,2952.6,35511476.45999999
2025-08-01 10:19:40 AM,147.63,105,15501.15,35526977.60999999
2025-08-01 10:20:07 AM,147.63,100,14763.0,35541740.60999999
2025-08-01 10:20:13 AM,147.67,0,0.0,35541740.60999999
2025-08-01 10:20:14 AM,147.67,56,8269.519999999999,35550010.129999995
2025-08-01 10:20:16 AM,147.61,0,0.0,35550010.129999995
2025-08-01 10:20:18 AM,147.61,87,12842.070000000002,35562852.199999996
2025-08-01 10:20:22 AM,147.67,0,0.0,35562852.199999996
2025-08-01 10:20:24 AM,147.67,150,22150.499999999996,35585002.699999996
2025-08-01 10:20:36 AM,147.67,15,2215.0499999999997,35587217.74999999
2025-08-01 10:21:00 AM,147.66,0,0.0,35587217.74999999
2025-08-01 10:21:00 AM,147.66,1,147.66,35587365.40999999
2025-08-01 10:21:20 AM,147.67,0,0.0,35587365.40999999
2025-08-01 10:21:22 AM,147.67,12,1772.04,35589137.44999999
2025-08-01 10:21:35 AM,147.67,5,738.3499999999999,35589875.79999999
2025-08-01 10:21:38 AM,147.74,499,73722.26000000001,35663598.05999999
2025-08-01 10:21:40 AM,147.74,6,886.44,35664484.499999985
2025-08-01 10:21:43 AM,147.74,100,14774.0,35679258.499999985
2025-08-01 10:21:56 AM,147.7,143,21121.1,35700379.59999999
2025-08-01 10:22:36 AM,147.78,0,0.0,35700379.59999999
2025-08-01 10:22:36 AM,147.78,1069,157976.82,35858356.41999999
2025-08-01 10:22:43 AM,147.86,5,739.3000000000001,35859095.719999984
2025-08-01 10:22:52 AM,147.95,500,73975.0,35933070.719999984
2025-08-01 10:22:57 AM,148.05,0,0.0,35933070.719999984
2025-08-01 10:22:57 AM,148.05,3886,575322.3,36508393.01999998
2025-08-01 10:23:05 AM,148.05,799,118291.95000000001,36626684.969999984
2025-08-01 10:23:18 AM,147.9,0,0.0,36626684.969999984
2025-08-01 10:23:20 AM,147.9,25,3697.5,36630382.469999984
2025-08-01 10:23:41 AM,147.94,0,0.0,36630382.469999984
2025-08-01 10:23:42 AM,147.94,10,1479.4,36631861.86999998
2025-08-01 10:23:57 AM,147.94,50,7397.0,36639258.86999998
2025-08-01 10:24:01 AM,147.83,0,0.0,36639258.86999998
2025-08-01 10:24:02 AM,147.83,1464,216423.12000000002,36855681.98999998
2025-08-01 10:24:08 AM,147.87,0,0.0,36855681.98999998
2025-08-01 10:24:08 AM,147.87,100,14787.0,36870468.98999998
2025-08-01 10:24:13 AM,147.91,0,0.0,36870468.98999998
2025-08-01 10:24:14 AM,147.91,20,2958.2,36873427.18999998
2025-08-01 10:24:25 AM,147.91,100,14791.0,36888218.18999998
2025-08-01 10:24:30 AM,147.91,1,147.91,36888366.09999998
2025-08-01 10:24:41 AM,147.78,0,0.0,36888366.09999998
2025-08-01 10:24:41 AM,147.78,188,27782.64,36916148.73999998
2025-08-01 10:24:54 AM,147.78,10,1477.8,36917626.53999998
2025-08-01 10:25:03 AM,147.79,0,0.0,36917626.53999998
2025-08-01 10:25:03 AM,147.79,50,7389.5,36925016.03999998
2025-08-01 10:25:25 AM,147.87,0,0.0,36925016.03999998
2025-08-01 10:25:26 AM,147.87,100,14787.0,36939803.03999998
2025-08-01 10:25:31 AM,147.89,0,0.0,36939803.03999998
2025-08-01 10:25:32 AM,147.89,1,147.89,36939950.92999998
2025-08-01 10:25:39 AM,147.91,0,0.0,36939950.92999998
2025-08-01 10:25:40 AM,147.91,7,1035.37,36940986.299999975
2025-08-01 10:25:43 AM,147.79,0,0.0,36940986.299999975
2025-08-01 10:25:43 AM,147.79,20,2955.7999999999997,36943942.09999997
2025-08-01 10:25:45 AM,147.9,0,0.0,36943942.09999997
2025-08-01 10:25:45 AM,147.9,8,1183.2,36945125.299999975
2025-08-01 10:25:54 AM,147.79,0,0.0,36945125.299999975
2025-08-01 10:25:54 AM,147.79,4,591.16,36945716.45999997
2025-08-01 10:26:18 AM,147.99,0,0.0,36945716.45999997
2025-08-01 10:26:18 AM,147.99,2255,333717.45,37279433.909999974
2025-08-01 10:26:19 AM,147.92,0,0.0,37279433.909999974
2025-08-01 10:26:21 AM,148.0,0,0.0,37279433.909999974
2025-08-01 10:26:22 AM,148.0,1388,205424.0,37484857.909999974
2025-08-01 10:26:42 AM,148.16,0,0.0,37484857.909999974
2025-08-01 10:26:42 AM,148.16,1,148.16,37485006.06999997
2025-08-01 10:26:49 AM,148.12,0,0.0,37485006.06999997
2025-08-01 10:26:51 AM,148.12,396,58655.520000000004,37543661.589999974
2025-08-01 10:26:53 AM,148.06,150,22209.0,37565870.589999974
2025-08-01 10:26:56 AM,148.06,100,14806.0,37580676.589999974
2025-08-01 10:27:05 AM,148.06,66,9771.960000000001,37590448.549999975
2025-08-01 10:27:13 AM,148.16,0,0.0,37590448.549999975
2025-08-01 10:27:13 AM,148.16,542,80302.72,37670751.26999997
2025-08-01 10:27:24 AM,148.16,100,14816.0,37685567.26999997
2025-08-01 10:27:30 AM,148.15,13,1925.95,37687493.21999998
2025-08-01 10:27:33 AM,148.15,141,20889.15,37708382.369999975
2025-08-01 10:27:34 AM,148.2,0,0.0,37708382.369999975
2025-08-01 10:27:35 AM,148.25,278,41213.5,37749595.869999975
2025-08-01 10:27:41 AM,148.25,499,73976.75,37823572.619999975
2025-08-01 10:27:45 AM,148.44,0,0.0,37823572.619999975
2025-08-01 10:27:46 AM,148.45,0,0.0,37823572.619999975
2025-08-01 10:27:46 AM,148.45,800,118759.99999999999,37942332.619999975
2025-08-01 10:27:51 AM,148.32,0,0.0,37942332.619999975
2025-08-01 10:27:52 AM,148.32,8,1186.56,37943519.17999998
2025-08-01 10:27:54 AM,148.38,0,0.0,37943519.17999998
2025-08-01 10:27:55 AM,148.38,65,9644.699999999999,37953163.87999998
2025-08-01 10:27:58 AM,148.32,0,0.0,37953163.87999998
2025-08-01 10:28:00 AM,148.32,200,29664.0,37982827.87999998
2025-08-01 10:28:08 AM,148.36,0,0.0,37982827.87999998
2025-08-01 10:28:08 AM,148.36,1796,266454.56,38249282.43999998
2025-08-01 10:28:18 AM,148.36,100,14836.000000000002,38264118.43999998
2025-08-01 10:28:20 AM,148.37,0,0.0,38264118.43999998
2025-08-01 10:28:21 AM,148.37,110,16320.7,38280439.139999986
2025-08-01 10:28:22 AM,148.36,0,0.0,38280439.139999986
2025-08-01 10:28:24 AM,148.36,15,2225.4,38282664.539999984
2025-08-01 10:28:35 AM,148.28,0,0.0,38282664.539999984
2025-08-01 10:28:35 AM,148.28,1,148.28,38282812.819999985
2025-08-01 10:28:40 AM,148.2,0,0.0,38282812.819999985
2025-08-01 10:28:41 AM,148.2,100,14819.999999999998,38297632.819999985
2025-08-01 10:28:46 AM,148.28,0,0.0,38297632.819999985
2025-08-01 10:28:46 AM,148.28,20,2965.6,38300598.41999999
2025-08-01 10:28:49 AM,148.28,100,14828.0,38315426.41999999
2025-08-01 10:28:52 AM,148.15,251,37185.65,38352612.069999985
2025-08-01 10:29:03 AM,148.25,0,0.0,38352612.069999985
2025-08-01 10:29:03 AM,148.25,8,1186.0,38353798.069999985
2025-08-01 10:29:09 AM,148.16,0,0.0,38353798.069999985
2025-08-01 10:29:09 AM,148.16,20,2963.2,38356761.26999999
2025-08-01 10:29:19 AM,148.24,0,0.0,38356761.26999999
2025-08-01 10:29:20 AM,148.24,10,1482.4,38358243.66999999
2025-08-01 10:29:22 AM,148.16,10,1481.6,38359725.26999999
2025-08-01 10:29:27 AM,148.25,0,0.0,38359725.26999999
2025-08-01 10:29:28 AM,148.25,96,14232.0,38373957.26999999
2025-08-01 10:29:31 AM,148.3,0,0.0,38373957.26999999
2025-08-01 10:29:31 AM,148.3,990,146817.0,38520774.26999999
2025-08-01 10:29:53 AM,148.29,0,0.0,38520774.26999999
2025-08-01 10:29:53 AM,148.29,10,1482.8999999999999,38522257.16999999
2025-08-01 10:29:56 AM,148.29,10,1482.8999999999999,38523740.069999985
2025-08-01 10:30:04 AM,148.29,20,2965.7999999999997,38526705.86999998
2025-08-01 10:30:13 AM,148.29,6,889.74,38527595.609999985
2025-08-01 10:30:27 AM,148.29,1,148.29,38527743.89999998
2025-08-01 10:30:38 AM,148.3,0,0.0,38527743.89999998
2025-08-01 10:30:39 AM,148.3,25,3707.5000000000005,38531451.39999998
2025-08-01 10:30:53 AM,148.3,10,1483.0,38532934.39999998
2025-08-01 10:31:07 AM,148.3,1,148.3,38533082.69999998
2025-08-01 10:31:11 AM,148.3,12,1779.6000000000001,38534862.29999998
2025-08-01 10:31:25 AM,148.3,7,1038.1000000000001,38535900.39999998
2025-08-01 10:31:26 AM,148.25,0,0.0,38535900.39999998
2025-08-01 10:31:27 AM,148.25,18,2668.5,38538568.89999998
2025-08-01 10:31:39 AM,148.25,1,148.25,38538717.14999998
2025-08-01 10:31:52 AM,148.26,0,0.0,38538717.14999998
2025-08-01 10:31:53 AM,148.26,3,444.78,38539161.929999985
2025-08-01 10:31:56 AM,148.26,1,148.26,38539310.18999998
2025-08-01 10:32:00 AM,148.26,496,73536.95999999999,38612847.14999998
2025-08-01 10:32:01 AM,148.3,0,0.0,38612847.14999998
2025-08-01 10:32:02 AM,148.28,16,2372.48,38615219.62999998
2025-08-01 10:32:08 AM,148.3,0,0.0,38615219.62999998
2025-08-01 10:32:09 AM,148.3,2,296.6,38615516.22999998
2025-08-01 10:32:13 AM,148.33,722,107094.26000000001,38722610.48999998
2025-08-01 10:32:16 AM,148.3,1000,148300.0,38870910.48999998
2025-08-01 10:32:29 AM,148.36,50,7418.000000000001,38878328.48999998
2025-08-01 10:32:39 AM,148.3,0,0.0,38878328.48999998
2025-08-01 10:32:39 AM,148.3,317,47011.100000000006,38925339.58999998
2025-08-01 10:32:42 AM,148.36,3,445.08000000000004,38925784.66999998
2025-08-01 10:32:54 AM,148.29,0,0.0,38925784.66999998
2025-08-01 10:32:56 AM,148.29,50,7414.5,38933199.16999998
2025-08-01 10:33:09 AM,148.3,100,14830.000000000002,38948029.16999998
2025-08-01 10:33:13 AM,148.36,1,148.36,38948177.52999998
2025-08-01 10:33:54 AM,148.35,200,29670.0,38977847.52999998
2025-08-01 10:33:59 AM,148.36,0,0.0,38977847.52999998
2025-08-01 10:34:00 AM,148.36,2,296.72,38978144.24999998
2025-08-01 10:34:09 AM,148.4,0,0.0,38978144.24999998
2025-08-01 10:34:09 AM,148.4,2600,385840.0,39363984.24999998
2025-08-01 10:34:22 AM,148.45,0,0.0,39363984.24999998
2025-08-01 10:34:22 AM,148.45,10,1484.5,39365468.74999998
2025-08-01 10:34:31 AM,148.39,0,0.0,39365468.74999998
2025-08-01 10:34:31 AM,148.39,30,4451.7,39369920.44999998
2025-08-01 10:34:48 AM,148.45,50,7422.499999999999,39377342.94999998
2025-08-01 10:35:01 AM,148.4,0,0.0,39377342.94999998
2025-08-01 10:35:02 AM,148.4,114,16917.600000000002,39394260.54999998
2025-08-01 10:35:04 AM,148.45,0,0.0,39394260.54999998
2025-08-01 10:35:05 AM,148.45,1,148.45,39394408.999999985
2025-08-01 10:35:11 AM,148.35,0,0.0,39394408.999999985
2025-08-01 10:35:11 AM,148.35,500,74175.0,39468583.999999985
2025-08-01 10:35:36 AM,148.45,0,0.0,39468583.999999985
2025-08-01 10:35:36 AM,148.45,27,4008.1499999999996,39472592.14999998
2025-08-01 10:35:45 AM,148.38,0,0.0,39472592.14999998
2025-08-01 10:35:45 AM,148.38,94,13947.72,39486539.86999998
2025-08-01 10:35:57 AM,148.45,0,0.0,39486539.86999998
2025-08-01 10:35:58 AM,148.45,100,14844.999999999998,39501384.86999998
2025-08-01 10:35:59 AM,148.38,0,0.0,39501384.86999998
2025-08-01 10:36:00 AM,148.33,0,0.0,39501384.86999998
2025-08-01 10:36:01 AM,148.33,725,107539.25000000001,39608924.11999998
2025-08-01 10:36:06 AM,148.45,0,0.0,39608924.11999998
2025-08-01 10:36:07 AM,148.45,5,742.25,39609666.36999998
2025-08-01 10:36:09 AM,148.5,0,0.0,39609666.36999998
2025-08-01 10:36:10 AM,148.5,2500,371250.0,39980916.36999998
2025-08-01 10:36:35 AM,148.5,250,37125.0,40018041.36999998
2025-08-01 10:37:08 AM,148.54,0,0.0,40018041.36999998
2025-08-01 10:37:08 AM,148.54,25,3713.5,40021754.86999998
2025-08-01 10:37:10 AM,148.55,263,39068.65,40060823.51999998
2025-08-01 10:37:32 AM,148.45,0,0.0,40060823.51999998
2025-08-01 10:37:32 AM,148.45,4153,616512.85,40677336.36999998
2025-08-01 10:37:35 AM,148.37,0,0.0,40677336.36999998
2025-08-01 10:37:35 AM,148.37,1,148.37,40677484.73999998
2025-08-01 10:37:44 AM,148.31,0,0.0,40677484.73999998
2025-08-01 10:37:44 AM,148.31,45,6673.95,40684158.68999998
2025-08-01 10:37:48 AM,148.3,0,0.0,40684158.68999998
2025-08-01 10:37:49 AM,148.3,500,74150.0,40758308.68999998
2025-08-01 10:38:04 AM,148.33,90,13349.7,40771658.389999986
2025-08-01 10:38:10 AM,148.45,32,4750.4,40776408.789999984
2025-08-01 10:38:14 AM,148.44,0,0.0,40776408.789999984
2025-08-01 10:38:16 AM,148.44,50,7422.0,40783830.789999984
2025-08-01 10:38:18 AM,148.43,0,0.0,40783830.789999984
2025-08-01 10:38:19 AM,148.43,7,1039.01,40784869.79999998
2025-08-01 10:38:31 AM,148.33,0,0.0,40784869.79999998
2025-08-01 10:38:31 AM,148.33,300,44499.00000000001,40829368.79999998
2025-08-01 10:38:54 AM,148.29,0,0.0,40829368.79999998
2025-08-01 10:38:54 AM,148.29,500,74145.0,40903513.79999998
2025-08-01 10:39:06 AM,148.4,0,0.0,40903513.79999998
2025-08-01 10:39:08 AM,148.4,3,445.20000000000005,40903958.999999985
2025-08-01 10:39:22 AM,148.41,0,0.0,40903958.999999985
2025-08-01 10:39:22 AM,148.41,17,2522.97,40906481.969999984
2025-08-01 10:39:33 AM,148.32,0,0.0,40906481.969999984
2025-08-01 10:39:33 AM,148.25,76,11267.0,40917748.969999984
2025-08-01 10:39:36 AM,148.1,0,0.0,40917748.969999984
2025-08-01 10:39:36 AM,148.01,239,35374.39,40953123.359999985
2025-08-01 10:39:39 AM,148.02,493,72973.86,41026097.219999984
2025-08-01 10:39:40 AM,147.94,0,0.0,41026097.219999984
2025-08-01 10:39:42 AM,148.02,471,69717.42,41095814.639999986
2025-08-01 10:39:57 AM,148.1,0,0.0,41095814.639999986
2025-08-01 10:39:58 AM,148.1,42,6220.2,41102034.83999999
2025-08-01 10:40:15 AM,148.04,55,8142.2,41110177.03999999
2025-08-01 10:40:20 AM,148.13,0,0.0,41110177.03999999
2025-08-01 10:40:20 AM,148.13,50,7406.5,41117583.53999999
2025-08-01 10:40:37 AM,148.15,26,3851.9,41121435.43999999
2025-08-01 10:40:50 AM,148.13,0,0.0,41121435.43999999
2025-08-01 10:40:51 AM,148.13,35,5184.55,41126619.98999999
2025-08-01 10:40:54 AM,148.18,0,0.0,41126619.98999999
2025-08-01 10:40:54 AM,148.18,50,7409.0,41134028.98999999
2025-08-01 10:41:18 AM,148.18,6,889.08,41134918.069999985
2025-08-01 10:41:44 AM,148.15,0,0.0,41134918.069999985
2025-08-01 10:41:45 AM,148.15,100,14815.0,41149733.069999985
2025-08-01 10:42:02 AM,148.26,0,0.0,41149733.069999985
2025-08-01 10:42:02 AM,148.26,200,29652.0,41179385.069999985
2025-08-01 10:42:10 AM,148.3,0,0.0,41179385.069999985
2025-08-01 10:42:12 AM,148.3,100,14830.000000000002,41194215.069999985
2025-08-01 10:42:24 AM,148.19,0,0.0,41194215.069999985
2025-08-01 10:42:25 AM,148.19,27,4001.13,41198216.19999999
2025-08-01 10:42:34 AM,148.14,0,0.0,41198216.19999999
2025-08-01 10:42:34 AM,148.14,310,45923.399999999994,41244139.59999999
2025-08-01 10:42:45 AM,148.14,256,37923.84,41282063.43999999
2025-08-01 10:42:53 AM,148.26,4,593.04,41282656.47999999
2025-08-01 10:43:01 AM,148.15,0,0.0,41282656.47999999
2025-08-01 10:43:02 AM,148.15,38,5629.7,41288286.17999999
2025-08-01 10:43:45 AM,148.15,250,37037.5,41325323.67999999
2025-08-01 10:43:57 AM,148.14,220,32590.799999999996,41357914.47999999
2025-08-01 10:43:59 AM,148.25,0,0.0,41357914.47999999
2025-08-01 10:44:00 AM,148.25,50,7412.5,41365326.97999999
2025-08-01 10:44:09 AM,148.26,0,0.0,41365326.97999999
2025-08-01 10:44:11 AM,148.26,10,1482.6,41366809.57999999
2025-08-01 10:44:15 AM,148.25,0,0.0,41366809.57999999
2025-08-01 10:44:16 AM,148.25,10,1482.5,41368292.07999999
2025-08-01 10:44:27 AM,148.25,3,444.75,41368736.82999999
2025-08-01 10:44:43 AM,148.05,1100,162855.0,41531591.82999999
2025-08-01 10:44:49 AM,148.21,30,4446.3,41536038.12999999
2025-08-01 10:44:57 AM,148.03,1000,148030.0,41684068.12999999
2025-08-01 10:45:30 AM,148.15,1,148.15,41684216.27999999
2025-08-01 10:45:51 AM,148.06,185,27391.100000000002,41711607.37999999
2025-08-01 10:46:01 AM,148.0,0,0.0,41711607.37999999
2025-08-01 10:46:01 AM,148.0,289,42772.0,41754379.37999999
2025-08-01 10:46:11 AM,147.97,0,0.0,41754379.37999999
2025-08-01 10:46:11 AM,147.97,168,24858.96,41779238.33999999
2025-08-01 10:46:15 AM,147.85,0,0.0,41779238.33999999
2025-08-01 10:46:17 AM,147.85,100,14785.0,41794023.33999999
2025-08-01 10:46:20 AM,147.91,0,0.0,41794023.33999999
2025-08-01 10:46:23 AM,147.91,20,2958.2,41796981.53999999
2025-08-01 10:46:28 AM,147.91,5,739.55,41797721.08999999
2025-08-01 10:46:39 AM,147.81,0,0.0,41797721.08999999
2025-08-01 10:46:39 AM,147.81,500,73905.0,41871626.08999999
2025-08-01 10:46:44 AM,147.92,0,0.0,41871626.08999999
2025-08-01 10:46:45 AM,147.9,2149,317837.10000000003,42189463.18999999
2025-08-01 10:47:01 AM,147.9,25,3697.5,42193160.68999999
2025-08-01 10:47:06 AM,147.7,0,0.0,42193160.68999999
2025-08-01 10:47:07 AM,147.7,333,49184.1,42242344.78999999
2025-08-01 10:47:08 AM,147.51,0,0.0,42242344.78999999
2025-08-01 10:47:08 AM,147.51,500,73755.0,42316099.78999999
2025-08-01 10:47:17 AM,147.61,50,7380.500000000001,42323480.28999999
2025-08-01 10:47:31 AM,147.63,0,0.0,42323480.28999999
2025-08-01 10:47:33 AM,147.63,44,6495.719999999999,42329976.00999999
2025-08-01 10:47:49 AM,147.6,0,0.0,42329976.00999999
2025-08-01 10:47:50 AM,147.6,5,738.0,42330714.00999999
2025-08-01 10:47:55 AM,147.6,22,3247.2,42333961.20999999
2025-08-01 10:47:57 AM,147.6,1,147.6,42334108.809999995
2025-08-01 10:48:00 AM,147.6,53,7822.799999999999,42341931.60999999
2025-08-01 10:48:03 AM,147.6,18,2656.7999999999997,42344588.40999999
2025-08-01 10:48:06 AM,147.65,198,29234.7,42373823.10999999
2025-08-01 10:48:24 AM,147.65,10,1476.5,42375299.60999999
2025-08-01 10:48:39 AM,147.75,0,0.0,42375299.60999999
2025-08-01 10:48:40 AM,147.75,6,886.5,42376186.10999999
2025-08-01 10:49:43 AM,147.7,38,5612.599999999999,42381798.70999999
2025-08-01 10:49:46 AM,147.72,0,0.0,42381798.70999999
2025-08-01 10:49:49 AM,147.72,100,14772.0,42396570.70999999
2025-08-01 10:49:53 AM,147.82,0,0.0,42396570.70999999
2025-08-01 10:49:54 AM,147.82,2315,342203.3,42738774.00999999
2025-08-01 10:50:48 AM,147.65,0,0.0,42738774.00999999
2025-08-01 10:50:50 AM,147.65,100,14765.0,42753539.00999999
2025-08-01 10:50:55 AM,147.79,0,0.0,42753539.00999999
2025-08-01 10:50:56 AM,147.79,200,29558.0,42783097.00999999
2025-08-01 10:51:06 AM,147.6,0,0.0,42783097.00999999
2025-08-01 10:51:07 AM,147.6,229,33800.4,42816897.40999999
2025-08-01 10:51:13 AM,147.5,0,0.0,42816897.40999999
2025-08-01 10:51:13 AM,147.5,965,142337.5,42959234.90999999
2025-08-01 10:51:45 AM,147.51,0,0.0,42959234.90999999
2025-08-01 10:51:46 AM,147.51,5,737.55,42959972.459999986
2025-08-01 10:52:05 AM,147.62,0,0.0,42959972.459999986
2025-08-01 10:52:07 AM,147.62,2,295.24,42960267.69999999
2025-08-01 10:52:18 AM,147.62,5,738.1,42961005.79999999
2025-08-01 10:52:29 AM,147.62,30,4428.6,42965434.39999999
2025-08-01 10:53:00 AM,147.62,9,1328.58,42966762.97999999
2025-08-01 10:53:23 AM,147.62,1,147.62,42966910.59999999
2025-08-01 10:53:58 AM,147.61,0,0.0,42966910.59999999
2025-08-01 10:53:59 AM,147.61,5,738.0500000000001,42967648.64999998
2025-08-01 10:54:15 AM,147.61,19,2804.59,42970453.23999999
2025-08-01 10:54:36 AM,147.61,3,442.83000000000004,42970896.069999985
2025-08-01 10:54:49 AM,147.52,0,0.0,42970896.069999985
2025-08-01 10:54:52 AM,147.52,2,295.04,42971191.109999985
2025-08-01 10:54:57 AM,147.61,0,0.0,42971191.109999985
2025-08-01 10:54:58 AM,147.61,100,14761.000000000002,42985952.109999985
2025-08-01 10:55:03 AM,147.61,8,1180.88,42987132.98999999
2025-08-01 10:55:18 AM,147.61,79,11661.19,42998794.179999985
2025-08-01 10:55:52 AM,147.55,420,61971.00000000001,43060765.179999985
2025-08-01 10:55:58 AM,147.55,200,29510.000000000004,43090275.179999985
2025-08-01 10:56:02 AM,147.55,229,33788.950000000004,43124064.12999999
2025-08-01 10:56:05 AM,147.61,0,0.0,43124064.12999999
2025-08-01 10:56:07 AM,147.61,7,1033.27,43125097.39999999
2025-08-01 10:56:12 AM,147.55,142,20952.100000000002,43146049.49999999
2025-08-01 10:56:19 AM,147.57,26,3836.8199999999997,43149886.31999999
2025-08-01 10:56:24 AM,147.52,474,69924.48000000001,43219810.79999999
2025-08-01 10:56:49 AM,147.61,0,0.0,43219810.79999999
2025-08-01 10:56:49 AM,147.61,134,19779.74,43239590.53999999
2025-08-01 10:57:01 AM,147.61,116,17122.760000000002,43256713.29999999
2025-08-01 10:57:12 AM,147.6,0,0.0,43256713.29999999
2025-08-01 10:57:15 AM,147.62,553,81633.86,43338347.15999999
2025-08-01 10:57:39 AM,147.53,0,0.0,43338347.15999999
2025-08-01 10:57:42 AM,147.69,0,0.0,43338347.15999999
2025-08-01 10:57:42 AM,147.69,500,73845.0,43412192.15999999
2025-08-01 10:57:58 AM,147.68,1,147.68,43412339.83999999
2025-08-01 10:58:59 AM,147.71,0,0.0,43412339.83999999
2025-08-01 10:59:03 AM,147.71,32,4726.72,43417066.55999999
2025-08-01 10:59:17 AM,147.65,0,0.0,43417066.55999999
2025-08-01 10:59:18 AM,147.65,33,4872.45,43421939.00999999
2025-08-01 10:59:33 AM,147.65,200,29530.0,43451469.00999999
2025-08-01 11:00:06 AM,147.65,1,147.65,43451616.65999999
2025-08-01 11:00:24 AM,147.65,202,29825.300000000003,43481441.959999986
2025-08-01 11:00:34 AM,147.65,10,1476.5,43482918.459999986
2025-08-01 11:00:50 AM,147.65,50,7382.5,43490300.959999986
2025-08-01 11:00:54 AM,147.53,0,0.0,43490300.959999986
2025-08-01 11:00:55 AM,147.53,600,88518.0,43578818.959999986
2025-08-01 11:01:00 AM,147.68,70,10337.6,43589156.55999999
2025-08-01 11:01:26 AM,147.7,0,0.0,43589156.55999999
2025-08-01 11:01:27 AM,147.71,0,0.0,43589156.55999999
2025-08-01 11:01:27 AM,147.71,17,2511.07,43591667.62999999
2025-08-01 11:02:03 AM,147.71,3,443.13,43592110.75999999
2025-08-01 11:02:15 AM,147.72,1,147.72,43592258.47999999
2025-08-01 11:02:30 AM,147.69,0,0.0,43592258.47999999
2025-08-01 11:02:31 AM,147.69,44,6498.36,43598756.83999999
2025-08-01 11:02:48 AM,147.63,0,0.0,43598756.83999999
2025-08-01 11:02:49 AM,147.63,25,3690.75,43602447.58999999
2025-08-01 11:03:04 AM,147.82,300,44346.0,43646793.58999999
2025-08-01 11:03:08 AM,147.68,0,0.0,43646793.58999999
2025-08-01 11:03:08 AM,147.68,75,11076.0,43657869.58999999
2025-08-01 11:03:17 AM,147.7,0,0.0,43657869.58999999
2025-08-01 11:03:18 AM,147.7,10,1477.0,43659346.58999999
2025-08-01 11:04:13 AM,147.7,3,443.09999999999997,43659789.68999999
2025-08-01 11:04:30 AM,147.65,0,0.0,43659789.68999999
2025-08-01 11:04:31 AM,147.65,5,738.25,43660527.93999999
2025-08-01 11:04:36 AM,147.7,0,0.0,43660527.93999999
2025-08-01 11:04:36 AM,147.7,45,6646.499999999999,43667174.43999999
2025-08-01 11:04:41 AM,147.7,21,3101.7,43670276.13999999
2025-08-01 11:05:20 AM,147.74,0,0.0,43670276.13999999
2025-08-01 11:05:20 AM,147.74,26,3841.2400000000002,43674117.379999995
2025-08-01 11:05:31 AM,147.81,5,739.05,43674856.42999999
2025-08-01 11:05:34 AM,147.74,0,0.0,43674856.42999999
2025-08-01 11:05:35 AM,147.74,150,22161.0,43697017.42999999
2025-08-01 11:05:40 AM,147.81,20,2956.2,43699973.629999995
2025-08-01 11:05:43 AM,147.83,0,0.0,43699973.629999995
2025-08-01 11:05:46 AM,147.83,2,295.66,43700269.28999999
2025-08-01 11:06:03 AM,147.83,2,295.66,43700564.94999999
2025-08-01 11:06:09 AM,147.83,100,14783.000000000002,43715347.94999999
2025-08-01 11:06:19 AM,147.7,689,101765.29999999999,43817113.249999985
2025-08-01 11:06:29 AM,147.71,0,0.0,43817113.249999985
2025-08-01 11:06:30 AM,147.7,0,0.0,43817113.249999985
2025-08-01 11:06:30 AM,147.7,53,7828.099999999999,43824941.34999999
2025-08-01 11:07:06 AM,147.72,0,0.0,43824941.34999999
2025-08-01 11:07:06 AM,147.72,6,886.3199999999999,43825827.66999999
2025-08-01 11:07:52 AM,147.61,0,0.0,43825827.66999999
2025-08-01 11:07:52 AM,147.79,0,0.0,43825827.66999999
2025-08-01 11:07:54 AM,147.79,2207,326172.52999999997,44152000.19999999
2025-08-01 11:08:04 AM,147.67,0,0.0,44152000.19999999
2025-08-01 11:08:05 AM,147.67,5,738.3499999999999,44152738.54999999
2025-08-01 11:08:06 AM,147.67,4,590.68,44153329.22999999
2025-08-01 11:08:20 AM,147.67,40,5906.799999999999,44159236.02999999
2025-08-01 11:08:25 AM,147.67,40,5906.799999999999,44165142.82999998
2025-08-01 11:08:31 AM,147.67,45,6645.15,44171787.97999998
2025-08-01 11:08:56 AM,147.56,0,0.0,44171787.97999998
2025-08-01 11:08:57 AM,147.56,135,19920.6,44191708.57999998
2025-08-01 11:08:58 AM,147.44,0,0.0,44191708.57999998
2025-08-01 11:09:00 AM,147.44,3038,447922.72,44639631.29999998
2025-08-01 11:09:08 AM,147.47,0,0.0,44639631.29999998
2025-08-01 11:09:09 AM,147.47,100,14747.0,44654378.29999998
2025-08-01 11:09:19 AM,147.5,0,0.0,44654378.29999998
2025-08-01 11:09:20 AM,147.5,377,55607.5,44709985.79999998
2025-08-01 11:09:33 AM,147.5,1,147.5,44710133.29999998
2025-08-01 11:10:09 AM,147.5,100,14750.0,44724883.29999998
2025-08-01 11:10:30 AM,147.5,1,147.5,44725030.79999998
2025-08-01 11:10:41 AM,147.5,20,2950.0,44727980.79999998
2025-08-01 11:10:47 AM,147.5,1,147.5,44728128.29999998
2025-08-01 11:11:19 AM,147.5,26,3835.0,44731963.29999998
2025-08-01 11:11:30 AM,147.5,137,20207.5,44752170.79999998
2025-08-01 11:12:23 AM,147.65,0,0.0,44752170.79999998
2025-08-01 11:12:24 AM,147.65,500,73825.0,44825995.79999998
2025-08-01 11:13:04 AM,147.6,0,0.0,44825995.79999998
2025-08-01 11:13:06 AM,147.6,20,2952.0,44828947.79999998
2025-08-01 11:13:24 AM,147.6,15,2214.0,44831161.79999998
2025-08-01 11:13:33 AM,147.6,50,7380.0,44838541.79999998
2025-08-01 11:13:35 AM,147.6,1,147.6,44838689.39999998
2025-08-01 11:13:44 AM,147.6,40,5904.0,44844593.39999998
2025-08-01 11:13:49 AM,147.6,18,2656.7999999999997,44847250.19999998
2025-08-01 11:13:54 AM,147.63,0,0.0,44847250.19999998
2025-08-01 11:13:55 AM,147.63,14,2066.8199999999997,44849317.01999998
2025-08-01 11:13:56 AM,147.55,149,21984.95,44871301.969999984
2025-08-01 11:14:11 AM,147.59,11,1623.49,44872925.459999986
2025-08-01 11:14:34 AM,147.52,45,6638.400000000001,44879563.859999985
2025-08-01 11:14:57 AM,147.59,0,0.0,44879563.859999985
2025-08-01 11:14:58 AM,147.6,0,0.0,44879563.859999985
2025-08-01 11:15:00 AM,147.6,80,11808.0,44891371.859999985
2025-08-01 11:15:26 AM,147.6,66,9741.6,44901113.459999986
2025-08-01 11:15:53 AM,147.53,0,0.0,44901113.459999986
2025-08-01 11:15:53 AM,147.53,80,11802.4,44912915.859999985
2025-08-01 11:16:01 AM,147.51,0,0.0,44912915.859999985
2025-08-01 11:16:02 AM,147.5,0,0.0,44912915.859999985
2025-08-01 11:16:03 AM,147.5,2941,433797.5,45346713.359999985
2025-08-01 11:16:12 AM,147.41,0,0.0,45346713.359999985
2025-08-01 11:16:13 AM,147.41,40,5896.4,45352609.75999998
2025-08-01 11:16:15 AM,147.46,3,442.38,45353052.139999986
2025-08-01 11:16:19 AM,147.46,7,1032.22,45354084.359999985
2025-08-01 11:17:08 AM,147.5,412,60770.0,45414854.359999985
2025-08-01 11:17:10 AM,147.51,0,0.0,45414854.359999985
2025-08-01 11:17:12 AM,147.51,458,67559.58,45482413.93999998
2025-08-01 11:17:19 AM,147.62,0,0.0,45482413.93999998
2025-08-01 11:17:22 AM,147.62,10,1476.2,45483890.139999986
2025-08-01 11:17:23 AM,147.64,0,0.0,45483890.139999986
2025-08-01 11:17:24 AM,147.64,23,3395.72,45487285.859999985
2025-08-01 11:17:40 AM,147.65,1,147.65,45487433.50999998
2025-08-01 11:17:56 AM,147.65,1,147.65,45487581.15999998
2025-08-01 11:18:06 AM,147.62,0,0.0,45487581.15999998
2025-08-01 11:18:07 AM,147.62,4,590.48,45488171.63999998
2025-08-01 11:18:16 AM,147.62,3,442.86,45488614.49999998
2025-08-01 11:18:32 AM,147.62,1,147.62,45488762.119999975
2025-08-01 11:18:34 AM,147.61,0,0.0,45488762.119999975
2025-08-01 11:18:34 AM,147.61,5,738.0500000000001,45489500.16999997
2025-08-01 11:18:38 AM,147.63,0,0.0,45489500.16999997
2025-08-01 11:18:38 AM,147.63,50,7381.5,45496881.66999997
2025-08-01 11:18:54 AM,147.62,0,0.0,45496881.66999997
2025-08-01 11:18:56 AM,147.62,4,590.48,45497472.14999997
2025-08-01 11:19:00 AM,147.68,0,0.0,45497472.14999997
2025-08-01 11:19:02 AM,147.68,680,100422.40000000001,45597894.54999997
2025-08-01 11:19:10 AM,147.56,0,0.0,45597894.54999997
2025-08-01 11:19:13 AM,147.67,12,1772.04,45599666.58999997
2025-08-01 11:19:26 AM,147.6,0,0.0,45599666.58999997
2025-08-01 11:19:29 AM,147.6,5,738.0,45600404.58999997
2025-08-01 11:19:35 AM,147.6,14,2066.4,45602470.989999965
2025-08-01 11:19:59 AM,147.5,0,0.0,45602470.989999965
2025-08-01 11:20:01 AM,147.5,383,56492.5,45658963.489999965
2025-08-01 11:20:05 AM,147.59,0,0.0,45658963.489999965
2025-08-01 11:20:07 AM,147.59,590,87078.1,45746041.58999997
2025-08-01 11:20:14 AM,147.51,0,0.0,45746041.58999997
2025-08-01 11:20:18 AM,147.51,9,1327.59,45747369.17999997
2025-08-01 11:20:33 AM,147.51,30,4425.299999999999,45751794.47999997
2025-08-01 11:20:42 AM,147.52,0,0.0,45751794.47999997
2025-08-01 11:20:44 AM,147.52,30,4425.6,45756220.07999997
2025-08-01 11:20:47 AM,147.62,0,0.0,45756220.07999997
2025-08-01 11:20:49 AM,147.62,2,295.24,45756515.31999997
2025-08-01 11:20:54 AM,147.52,6,885.1200000000001,45757400.43999997
2025-08-01 11:21:03 AM,147.64,0,0.0,45757400.43999997
2025-08-01 11:21:04 AM,147.62,0,0.0,45757400.43999997
2025-08-01 11:21:04 AM,147.62,56,8266.720000000001,45765667.15999997
2025-08-01 11:21:20 AM,147.62,21,3100.02,45768767.17999997
2025-08-01 11:21:25 AM,147.61,0,0.0,45768767.17999997
2025-08-01 11:21:26 AM,147.61,202,29817.22,45798584.39999997
2025-08-01 11:21:52 AM,147.52,10,1475.2,45800059.59999997
2025-08-01 11:21:56 AM,147.53,43,6343.79,45806403.38999997
2025-08-01 11:22:16 AM,147.52,0,0.0,45806403.38999997
2025-08-01 11:22:18 AM,147.52,15,2212.8,45808616.18999997
2025-08-01 11:23:21 AM,147.52,220,32454.4,45841070.58999997
2025-08-01 11:23:23 AM,147.5,0,0.0,45841070.58999997
2025-08-01 11:23:26 AM,147.5,20,2950.0,45844020.58999997
2025-08-01 11:23:39 AM,147.6,0,0.0,45844020.58999997
2025-08-01 11:23:42 AM,147.6,4,590.4,45844610.989999965
2025-08-01 11:24:06 AM,147.6,30,4428.0,45849038.989999965
2025-08-01 11:24:16 AM,147.49,0,0.0,45849038.989999965
2025-08-01 11:24:17 AM,147.49,100,14749.0,45863787.989999965
2025-08-01 11:24:21 AM,147.61,0,0.0,45863787.989999965
2025-08-01 11:24:22 AM,147.61,10,1476.1000000000001,45865264.08999997
2025-08-01 11:24:51 AM,147.62,0,0.0,45865264.08999997
2025-08-01 11:24:55 AM,147.62,58,8561.960000000001,45873826.04999997
2025-08-01 11:25:05 AM,147.62,100,14762.0,45888588.04999997
2025-08-01 11:25:25 AM,147.62,12,1771.44,45890359.489999965
2025-08-01 11:25:26 AM,147.62,1,147.62,45890507.10999996
2025-08-01 11:25:31 AM,147.62,9,1328.58,45891835.68999996
2025-08-01 11:25:47 AM,147.62,1,147.62,45891983.30999996
2025-08-01 11:25:55 AM,147.67,0,0.0,45891983.30999996
2025-08-01 11:25:57 AM,147.67,150,22150.499999999996,45914133.80999996
2025-08-01 11:26:13 AM,147.65,0,0.0,45914133.80999996
2025-08-01 11:26:13 AM,147.65,5,738.25,45914872.05999996
2025-08-01 11:26:18 AM,147.65,100,14765.0,45929637.05999996
2025-08-01 11:27:34 AM,147.65,20,2953.0,45932590.05999996
2025-08-01 11:27:44 AM,147.6,0,0.0,45932590.05999996
2025-08-01 11:27:44 AM,147.6,5,738.0,45933328.05999996
2025-08-01 11:28:04 AM,147.55,0,0.0,45933328.05999996
2025-08-01 11:28:05 AM,147.55,25,3688.7500000000005,45937016.80999996
2025-08-01 11:28:28 AM,147.64,3,442.91999999999996,45937459.72999996
2025-08-01 11:28:45 AM,147.46,0,0.0,45937459.72999996
2025-08-01 11:28:46 AM,147.46,1000,147460.0,46084919.72999996
2025-08-01 11:28:51 AM,147.57,0,0.0,46084919.72999996
2025-08-01 11:28:51 AM,147.57,280,41319.6,46126239.32999996
2025-08-01 11:28:55 AM,147.52,0,0.0,46126239.32999996
2025-08-01 11:28:56 AM,147.52,171,25225.920000000002,46151465.24999996
2025-08-01 11:29:40 AM,147.58,0,0.0,46151465.24999996
2025-08-01 11:29:40 AM,147.58,1,147.58,46151612.82999996
2025-08-01 11:29:53 AM,147.49,35,5162.150000000001,46156774.97999996
2025-08-01 11:30:09 AM,147.52,342,50451.840000000004,46207226.81999996
2025-08-01 11:30:25 AM,147.52,25,3688.0000000000005,46210914.81999996
2025-08-01 11:30:35 AM,147.52,180,26553.600000000002,46237468.419999965
2025-08-01 11:30:49 AM,147.52,226,33339.520000000004,46270807.93999997
2025-08-01 11:31:06 AM,147.56,0,0.0,46270807.93999997
2025-08-01 11:31:07 AM,147.56,7,1032.92,46271840.85999997
2025-08-01 11:31:10 AM,147.52,0,0.0,46271840.85999997
2025-08-01 11:31:13 AM,147.52,151,22275.52,46294116.37999997
2025-08-01 11:31:25 AM,147.52,1,147.52,46294263.899999976
2025-08-01 11:31:35 AM,147.46,0,0.0,46294263.899999976
2025-08-01 11:31:35 AM,147.46,1800,265428.0,46559691.899999976
2025-08-01 11:31:49 AM,147.6,0,0.0,46559691.899999976
2025-08-01 11:31:50 AM,147.6,100,14760.0,46574451.899999976
2025-08-01 11:32:10 AM,147.67,0,0.0,46574451.899999976
2025-08-01 11:32:11 AM,147.67,40,5906.799999999999,46580358.69999997
2025-08-01 11:32:34 AM,147.66,0,0.0,46580358.69999997
2025-08-01 11:32:35 AM,147.66,50,7383.0,46587741.69999997
2025-08-01 11:32:53 AM,147.54,0,0.0,46587741.69999997
2025-08-01 11:32:56 AM,147.63,0,0.0,46587741.69999997
2025-08-01 11:32:56 AM,147.63,26,3838.38,46591580.079999976
2025-08-01 11:33:15 AM,147.52,0,0.0,46591580.079999976
2025-08-01 11:33:17 AM,147.52,100,14752.000000000002,46606332.079999976
2025-08-01 11:33:37 AM,147.64,5,738.1999999999999,46607070.27999998
2025-08-01 11:33:54 AM,147.5,0,0.0,46607070.27999998
2025-08-01 11:33:58 AM,147.5,125,18437.5,46625507.77999998
2025-08-01 11:34:17 AM,147.63,0,0.0,46625507.77999998
2025-08-01 11:34:18 AM,147.63,2,295.26,46625803.03999998
2025-08-01 11:34:58 AM,147.6,0,0.0,46625803.03999998
2025-08-01 11:35:00 AM,147.6,1,147.6,46625950.63999998
2025-08-01 11:35:40 AM,147.5,0,0.0,46625950.63999998
2025-08-01 11:35:42 AM,147.5,5,737.5,46626688.13999998
2025-08-01 11:35:49 AM,147.6,0,0.0,46626688.13999998
2025-08-01 11:35:52 AM,147.6,1,147.6,46626835.73999998
2025-08-01 11:36:02 AM,147.5,150,22125.0,46648960.73999998
2025-08-01 11:36:28 AM,147.65,500,73825.0,46722785.73999998
2025-08-01 11:37:21 AM,147.64,0,0.0,46722785.73999998
2025-08-01 11:37:21 AM,147.64,1,147.64,46722933.37999998
2025-08-01 11:37:47 AM,147.46,0,0.0,46722933.37999998
2025-08-01 11:37:47 AM,147.46,1500,221190.0,46944123.37999998
2025-08-01 11:37:52 AM,147.59,374,55198.66,46999322.03999998
2025-08-01 11:38:01 AM,147.46,0,0.0,46999322.03999998
2025-08-01 11:38:02 AM,147.46,683,100715.18000000001,47100037.21999998
2025-08-01 11:38:05 AM,147.5,0,0.0,47100037.21999998
2025-08-01 11:38:06 AM,147.58,0,0.0,47100037.21999998
2025-08-01 11:38:07 AM,147.58,278,41027.240000000005,47141064.45999998
2025-08-01 11:38:21 AM,147.59,0,0.0,47141064.45999998
2025-08-01 11:38:22 AM,147.59,10,1475.9,47142540.35999998
2025-08-01 11:38:28 AM,147.48,212,31265.76,47173806.119999975
2025-08-01 11:38:42 AM,147.62,0,0.0,47173806.119999975
2025-08-01 11:38:42 AM,147.62,423,62443.26,47236249.37999997
2025-08-01 11:38:47 AM,147.65,0,0.0,47236249.37999997
2025-08-01 11:38:47 AM,147.65,1,147.65,47236397.02999997
2025-08-01 11:38:48 AM,147.54,54,7967.16,47244364.18999997
2025-08-01 11:38:50 AM,147.46,0,0.0,47244364.18999997
2025-08-01 11:38:52 AM,147.51,0,0.0,47244364.18999997
2025-08-01 11:38:53 AM,147.51,1833,270385.82999999996,47514750.019999966
2025-08-01 11:38:54 AM,147.5,25,3687.5,47518437.519999966
2025-08-01 11:39:01 AM,147.56,0,0.0,47518437.519999966
2025-08-01 11:39:02 AM,147.56,271,39988.76,47558426.279999964
2025-08-01 11:39:32 AM,147.55,0,0.0,47558426.279999964
2025-08-01 11:39:32 AM,147.55,6946,1024882.3,48583308.57999996
2025-08-01 11:39:37 AM,147.38,0,0.0,48583308.57999996
2025-08-01 11:39:38 AM,147.38,535,78848.3,48662156.87999996
2025-08-01 11:40:08 AM,147.36,0,0.0,48662156.87999996
2025-08-01 11:40:10 AM,147.36,20,2947.2000000000003,48665104.07999996
2025-08-01 11:40:38 AM,147.39,0,0.0,48665104.07999996
2025-08-01 11:40:41 AM,147.39,2,294.78,48665398.85999996
2025-08-01 11:40:54 AM,147.4,0,0.0,48665398.85999996
2025-08-01 11:40:56 AM,147.4,1,147.4,48665546.25999996
2025-08-01 11:41:13 AM,147.34,0,0.0,48665546.25999996
2025-08-01 11:41:16 AM,147.34,300,44202.0,48709748.25999996
2025-08-01 11:41:52 AM,147.32,0,0.0,48709748.25999996
2025-08-01 11:41:57 AM,147.32,500,73660.0,48783408.25999996
2025-08-01 11:42:04 AM,147.48,0,0.0,48783408.25999996
2025-08-01 11:42:07 AM,147.48,1,147.48,48783555.73999996
2025-08-01 11:42:26 AM,147.47,0,0.0,48783555.73999996
2025-08-01 11:42:27 AM,147.47,3,442.40999999999997,48783998.149999954
2025-08-01 11:42:43 AM,147.46,23,3391.5800000000004,48787389.72999995
2025-08-01 11:42:49 AM,147.46,20,2949.2000000000003,48790338.929999955
2025-08-01 11:43:21 AM,147.45,0,0.0,48790338.929999955
2025-08-01 11:43:21 AM,147.45,16,2359.2,48792698.12999996
2025-08-01 11:43:26 AM,147.34,0,0.0,48792698.12999996
2025-08-01 11:43:27 AM,147.34,104,15323.36,48808021.48999996
2025-08-01 11:43:28 AM,147.38,0,0.0,48808021.48999996
2025-08-01 11:43:31 AM,147.38,1,147.38,48808168.86999996
2025-08-01 11:43:52 AM,147.3,0,0.0,48808168.86999996
2025-08-01 11:43:57 AM,147.3,10,1473.0,48809641.86999996
2025-08-01 11:44:02 AM,147.4,0,0.0,48809641.86999996
2025-08-01 11:44:02 AM,147.4,6000,884400.0,49694041.86999996
2025-08-01 11:44:08 AM,147.34,167,24605.78,49718647.64999996
2025-08-01 11:45:15 AM,147.49,0,0.0,49718647.64999996
2025-08-01 11:45:15 AM,147.49,315,46459.350000000006,49765106.99999996
2025-08-01 11:45:18 AM,147.5,0,0.0,49765106.99999996
2025-08-01 11:45:20 AM,147.5,2,295.0,49765401.99999996
2025-08-01 11:45:35 AM,147.47,0,0.0,49765401.99999996
2025-08-01 11:45:36 AM,147.47,4,589.88,49765991.879999965
2025-08-01 11:45:37 AM,147.36,0,0.0,49765991.879999965
2025-08-01 11:45:42 AM,147.36,5,736.8000000000001,49766728.67999996
2025-08-01 11:45:52 AM,147.46,1,147.46,49766876.13999996
2025-08-01 11:46:18 AM,147.5,0,0.0,49766876.13999996
2025-08-01 11:46:19 AM,147.5,670,98825.0,49865701.13999996
2025-08-01 11:46:40 AM,147.5,85,12537.5,49878238.63999996
2025-08-01 11:46:51 AM,147.46,5,737.3000000000001,49878975.93999996
2025-08-01 11:47:07 AM,147.36,0,0.0,49878975.93999996
2025-08-01 11:47:07 AM,147.36,100,14736.000000000002,49893711.93999996
2025-08-01 11:47:13 AM,147.49,0,0.0,49893711.93999996
2025-08-01 11:47:14 AM,147.33,0,0.0,49893711.93999996
2025-08-01 11:47:17 AM,147.33,214,31528.620000000003,49925240.55999996
2025-08-01 11:47:17 AM,147.47,10,1474.7,49926715.25999996
2025-08-01 11:48:08 AM,147.47,130,19171.1,49945886.35999996
2025-08-01 11:48:43 AM,147.47,7,1032.29,49946918.64999996
2025-08-01 11:49:07 AM,147.3,0,0.0,49946918.64999996
2025-08-01 11:49:08 AM,147.3,500,73650.0,50020568.64999996
2025-08-01 11:49:14 AM,147.42,38,5601.959999999999,50026170.60999996
2025-08-01 11:50:51 AM,147.42,5,737.0999999999999,50026907.70999996
2025-08-01 11:51:17 AM,147.23,0,0.0,50026907.70999996
2025-08-01 11:51:20 AM,147.3,0,0.0,50026907.70999996
2025-08-01 11:51:21 AM,147.3,4122,607170.6000000001,50634078.309999965
2025-08-01 11:51:28 AM,147.2,0,0.0,50634078.309999965
2025-08-01 11:51:31 AM,147.2,37,5446.4,50639524.70999996
2025-08-01 11:51:34 AM,147.29,0,0.0,50639524.70999996
2025-08-01 11:51:36 AM,147.29,326,48016.54,50687541.24999996
2025-08-01 11:51:50 AM,147.25,0,0.0,50687541.24999996
2025-08-01 11:51:51 AM,147.25,500,73625.0,50761166.24999996
2025-08-01 11:52:05 AM,147.28,0,0.0,50761166.24999996
2025-08-01 11:52:06 AM,147.28,1,147.28,50761313.529999964
2025-08-01 11:52:36 AM,147.28,471,69368.88,50830682.40999997
2025-08-01 11:52:55 AM,147.36,0,0.0,50830682.40999997
2025-08-01 11:52:56 AM,147.36,1,147.36,50830829.769999966
2025-08-01 11:53:20 AM,147.29,0,0.0,50830829.769999966
2025-08-01 11:53:22 AM,147.29,26,3829.54,50834659.309999965
2025-08-01 11:53:48 AM,147.36,0,0.0,50834659.309999965
2025-08-01 11:53:48 AM,147.36,50,7368.000000000001,50842027.309999965
2025-08-01 11:53:50 AM,147.24,0,0.0,50842027.309999965
2025-08-01 11:53:52 AM,147.24,191,28122.84,50870150.14999997
2025-08-01 11:54:21 AM,147.36,0,0.0,50870150.14999997
2025-08-01 11:54:23 AM,147.36,57,8399.52,50878549.66999997
2025-08-01 11:54:35 AM,147.29,0,0.0,50878549.66999997
2025-08-01 11:54:36 AM,147.25,0,0.0,50878549.66999997
2025-08-01 11:54:39 AM,147.25,310,45647.5,50924197.16999997
2025-08-01 11:54:40 AM,147.36,0,0.0,50924197.16999997
2025-08-01 11:54:43 AM,147.36,3,442.08000000000004,50924639.24999997
2025-08-01 11:54:46 AM,147.2,0,0.0,50924639.24999997
2025-08-01 11:54:48 AM,147.2,1000,147200.0,51071839.24999997
2025-08-01 11:55:28 AM,147.32,0,0.0,51071839.24999997
2025-08-01 11:55:29 AM,147.32,1,147.32,51071986.56999997
2025-08-01 11:55:38 AM,147.2,0,0.0,51071986.56999997
2025-08-01 11:55:39 AM,147.2,10,1472.0,51073458.56999997
2025-08-01 11:55:44 AM,147.2,10,1472.0,51074930.56999997
2025-08-01 11:56:28 AM,147.3,0,0.0,51074930.56999997
2025-08-01 11:56:29 AM,147.3,5,736.5,51075667.06999997
2025-08-01 11:56:49 AM,147.3,34,5008.200000000001,51080675.26999997
2025-08-01 11:56:51 AM,147.3,1,147.3,51080822.56999997
2025-08-01 11:57:38 AM,147.2,0,0.0,51080822.56999997
2025-08-01 11:57:39 AM,147.2,86,12659.199999999999,51093481.76999997
2025-08-01 11:58:31 AM,147.29,0,0.0,51093481.76999997
2025-08-01 11:58:32 AM,147.29,100,14729.0,51108210.76999997
2025-08-01 11:58:39 AM,147.2,0,0.0,51108210.76999997
2025-08-01 11:58:40 AM,147.29,0,0.0,51108210.76999997
2025-08-01 11:58:43 AM,147.29,4,589.16,51108799.92999997
2025-08-01 11:58:46 AM,147.2,0,0.0,51108799.92999997
2025-08-01 11:58:48 AM,147.2,83,12217.599999999999,51121017.52999997
2025-08-01 11:58:54 AM,147.28,0,0.0,51121017.52999997
2025-08-01 11:58:55 AM,147.28,7,1030.96,51122048.48999997
2025-08-01 11:59:09 AM,147.28,5,736.4,51122784.88999997
2025-08-01 11:59:19 AM,147.26,1,147.26,51122932.14999997
2025-08-01 11:59:34 AM,147.26,167,24592.42,51147524.56999997
2025-08-01 11:59:45 AM,147.29,0,0.0,51147524.56999997
2025-08-01 11:59:45 AM,147.29,50,7364.5,51154889.06999997
2025-08-01 11:59:55 AM,147.25,150,22087.5,51176976.56999997
2025-08-01 12:00:02 PM,147.25,10,1472.5,51178449.06999997
2025-08-01 12:00:06 PM,147.25,1,147.25,51178596.31999997
2025-08-01 12:00:56 PM,147.25,50,7362.5,51185958.81999997
2025-08-01 12:01:03 PM,147.2,0,0.0,51185958.81999997
2025-08-01 12:01:03 PM,147.2,300,44160.0,51230118.81999997
2025-08-01 12:01:06 PM,147.2,30,4416.0,51234534.81999997
2025-08-01 12:01:15 PM,147.25,0,0.0,51234534.81999997
2025-08-01 12:01:16 PM,147.25,2,294.5,51234829.31999997
2025-08-01 12:01:21 PM,147.2,100,14719.999999999998,51249549.31999997
2025-08-01 12:01:25 PM,147.2,60,8832.0,51258381.31999997
2025-08-01 12:02:18 PM,147.25,25,3681.25,51262062.56999997
2025-08-01 12:02:30 PM,147.25,202,29744.5,51291807.06999997
2025-08-01 12:02:46 PM,147.22,0,0.0,51291807.06999997
2025-08-01 12:02:48 PM,147.22,538,79204.36,51371011.42999997
2025-08-01 12:02:50 PM,147.22,10,1472.2,51372483.62999997
2025-08-01 12:02:53 PM,147.22,3,441.65999999999997,51372925.28999997
2025-08-01 12:03:10 PM,147.22,116,17077.52,51390002.80999997
2025-08-01 12:03:22 PM,147.2,0,0.0,51390002.80999997
2025-08-01 12:03:23 PM,147.2,460,67712.0,51457714.80999997
2025-08-01 12:03:31 PM,147.22,0,0.0,51457714.80999997
2025-08-01 12:03:33 PM,147.22,100,14722.0,51472436.80999997
2025-08-01 12:03:58 PM,147.2,0,0.0,51472436.80999997
2025-08-01 12:03:58 PM,147.2,244,35916.799999999996,51508353.60999997
2025-08-01 12:04:12 PM,147.2,500,73600.0,51581953.60999997
2025-08-01 12:04:38 PM,147.2,1,147.2,51582100.80999997
2025-08-01 12:04:43 PM,147.2,10,1472.0,51583572.80999997
2025-08-01 12:04:54 PM,147.2,10,1472.0,51585044.80999997
2025-08-01 12:05:03 PM,147.2,135,19872.0,51604916.80999997
2025-08-01 12:05:14 PM,147.2,40,5888.0,51610804.80999997
2025-08-01 12:05:19 PM,147.2,200,29439.999999999996,51640244.80999997
2025-08-01 12:06:09 PM,147.2,50,7359.999999999999,51647604.80999997
2025-08-01 12:06:14 PM,147.2,10,1472.0,51649076.80999997
2025-08-01 12:06:43 PM,147.2,4,588.8,51649665.60999997
2025-08-01 12:07:04 PM,147.19,0,0.0,51649665.60999997
2025-08-01 12:07:08 PM,147.19,2,294.38,51649959.98999997
2025-08-01 12:07:17 PM,147.1,0,0.0,51649959.98999997
2025-08-01 12:07:18 PM,147.1,696,102381.59999999999,51752341.589999974
2025-08-01 12:07:23 PM,147.1,150,22065.0,51774406.589999974
2025-08-01 12:07:29 PM,147.08,0,0.0,51774406.589999974
2025-08-01 12:07:33 PM,147.08,100,14708.000000000002,51789114.589999974
2025-08-01 12:07:47 PM,147.04,0,0.0,51789114.589999974
2025-08-01 12:07:49 PM,147.04,300,44112.0,51833226.589999974
2025-08-01 12:07:54 PM,147.04,60,8822.4,51842048.98999997
2025-08-01 12:08:01 PM,147.05,0,0.0,51842048.98999997
2025-08-01 12:08:03 PM,147.05,70,10293.5,51852342.48999997
2025-08-01 12:08:19 PM,147.1,0,0.0,51852342.48999997
2025-08-01 12:08:19 PM,147.1,100,14710.0,51867052.48999997
2025-08-01 12:08:34 PM,147.1,900,132390.0,51999442.48999997
2025-08-01 12:08:37 PM,147.11,0,0.0,51999442.48999997
2025-08-01 12:08:39 PM,147.11,1,147.11,51999589.59999997
2025-08-01 12:08:41 PM,147.1,0,0.0,51999589.59999997
2025-08-01 12:08:44 PM,147.1,50,7355.0,52006944.59999997
2025-08-01 12:08:53 PM,147.19,0,0.0,52006944.59999997
2025-08-01 12:08:53 PM,147.19,200,29438.0,52036382.59999997
2025-08-01 12:09:30 PM,147.1,0,0.0,52036382.59999997
2025-08-01 12:09:33 PM,147.1,201,29567.1,52065949.69999997
2025-08-01 12:09:42 PM,147.11,0,0.0,52065949.69999997
2025-08-01 12:09:43 PM,147.11,33,4854.63,52070804.329999976
2025-08-01 12:10:19 PM,147.11,2031,298780.41000000003,52369584.73999997
2025-08-01 12:10:37 PM,147.2,0,0.0,52369584.73999997
2025-08-01 12:10:39 PM,147.2,100,14719.999999999998,52384304.73999997
2025-08-01 12:10:43 PM,147.21,0,0.0,52384304.73999997
2025-08-01 12:10:44 PM,147.21,100,14721.0,52399025.73999997
2025-08-01 12:10:47 PM,147.22,0,0.0,52399025.73999997
2025-08-01 12:10:48 PM,147.22,1,147.22,52399172.95999997
2025-08-01 12:11:14 PM,147.2,100,14719.999999999998,52413892.95999997
2025-08-01 12:11:44 PM,147.23,0,0.0,52413892.95999997
2025-08-01 12:11:48 PM,147.23,124,18256.52,52432149.479999974
2025-08-01 12:12:00 PM,147.25,0,0.0,52432149.479999974
2025-08-01 12:12:02 PM,147.25,270,39757.5,52471906.979999974
2025-08-01 12:12:31 PM,147.2,0,0.0,52471906.979999974
2025-08-01 12:12:32 PM,147.2,605,89056.0,52560962.979999974
2025-08-01 12:12:33 PM,147.24,0,0.0,52560962.979999974
2025-08-01 12:12:37 PM,147.24,300,44172.0,52605134.979999974
2025-08-01 12:12:42 PM,147.22,100,14722.0,52619856.979999974
2025-08-01 12:12:53 PM,147.19,100,14719.0,52634575.979999974
2025-08-01 12:12:57 PM,147.21,0,0.0,52634575.979999974
2025-08-01 12:12:58 PM,147.21,100,14721.0,52649296.979999974
2025-08-01 12:12:58 PM,147.11,50,7355.500000000001,52656652.479999974
2025-08-01 12:13:13 PM,147.11,8,1176.88,52657829.35999998
2025-08-01 12:13:22 PM,147.21,0,0.0,52657829.35999998
2025-08-01 12:13:23 PM,147.21,200,29442.0,52687271.35999998
2025-08-01 12:13:25 PM,147.22,0,0.0,52687271.35999998
2025-08-01 12:13:27 PM,147.22,16,2355.52,52689626.87999998
2025-08-01 12:13:29 PM,147.11,0,0.0,52689626.87999998
2025-08-01 12:13:31 PM,147.25,0,0.0,52689626.87999998
2025-08-01 12:13:32 PM,147.25,690,101602.5,52791229.37999998
2025-08-01 12:14:01 PM,147.21,0,0.0,52791229.37999998
2025-08-01 12:14:02 PM,147.21,15,2208.15,52793437.52999998
2025-08-01 12:14:03 PM,147.21,2,294.42,52793731.94999998
2025-08-01 12:14:06 PM,147.22,0,0.0,52793731.94999998
2025-08-01 12:14:07 PM,147.22,147,21641.34,52815373.289999984
2025-08-01 12:14:39 PM,147.26,0,0.0,52815373.289999984
2025-08-01 12:14:42 PM,147.26,3,441.78,52815815.069999985
2025-08-01 12:14:53 PM,147.26,5,736.3,52816551.36999998
2025-08-01 12:14:58 PM,147.26,5,736.3,52817287.66999998
2025-08-01 12:15:23 PM,147.26,10,1472.6,52818760.26999998
2025-08-01 12:15:31 PM,147.22,0,0.0,52818760.26999998
2025-08-01 12:15:34 PM,147.22,18,2649.96,52821410.22999998
2025-08-01 12:15:39 PM,147.22,30,4416.6,52825826.82999998
2025-08-01 12:15:55 PM,147.26,20,2945.2,52828772.02999999
2025-08-01 12:16:09 PM,147.26,91,13400.66,52842172.68999998
2025-08-01 12:16:14 PM,147.26,100,14726.0,52856898.68999998
2025-08-01 12:16:19 PM,147.26,1,147.26,52857045.94999998
2025-08-01 12:16:28 PM,147.26,58,8541.08,52865587.02999998
2025-08-01 12:16:33 PM,147.26,6,883.56,52866470.58999998
2025-08-01 12:16:43 PM,147.26,13,1914.3799999999999,52868384.969999984
2025-08-01 12:16:51 PM,147.22,0,0.0,52868384.969999984
2025-08-01 12:16:53 PM,147.22,74,10894.28,52879279.249999985
2025-08-01 12:17:00 PM,147.25,0,0.0,52879279.249999985
2025-08-01 12:17:02 PM,147.25,10,1472.5,52880751.749999985
2025-08-01 12:17:34 PM,147.22,0,0.0,52880751.749999985
2025-08-01 12:17:36 PM,147.22,40,5888.8,52886640.54999998
2025-08-01 12:18:03 PM,147.15,0,0.0,52886640.54999998
2025-08-01 12:18:06 PM,147.15,32,4708.8,52891349.34999998
2025-08-01 12:18:14 PM,147.23,0,0.0,52891349.34999998
2025-08-01 12:18:15 PM,147.23,2,294.46,52891643.80999998
2025-08-01 12:18:35 PM,147.15,10,1471.5,52893115.30999998
2025-08-01 12:19:05 PM,147.11,0,0.0,52893115.30999998
2025-08-01 12:19:05 PM,147.11,27,3971.9700000000003,52897087.27999998
2025-08-01 12:19:28 PM,147.18,0,0.0,52897087.27999998
2025-08-01 12:19:31 PM,147.18,10,1471.8000000000002,52898559.079999976
2025-08-01 12:19:46 PM,147.11,32,4707.52,52903266.59999998
2025-08-01 12:19:46 PM,147.18,1,147.18,52903413.77999998
2025-08-01 12:19:50 PM,147.21,0,0.0,52903413.77999998
2025-08-01 12:19:50 PM,147.21,250,36802.5,52940216.27999998
2025-08-01 12:20:08 PM,147.11,0,0.0,52940216.27999998
2025-08-01 12:20:12 PM,147.11,333,48987.630000000005,52989203.90999998
2025-08-01 12:20:17 PM,147.11,207,30451.770000000004,53019655.679999985
2025-08-01 12:20:44 PM,147.19,0,0.0,53019655.679999985
2025-08-01 12:20:45 PM,147.11,0,0.0,53019655.679999985
2025-08-01 12:20:48 PM,147.11,683,100476.13,53120131.80999999
2025-08-01 12:21:08 PM,147.11,34,5001.740000000001,53125133.54999999
2025-08-01 12:21:18 PM,147.11,13,1912.4300000000003,53127045.97999999
2025-08-01 12:21:22 PM,147.11,22,3236.42,53130282.39999999
2025-08-01 12:21:32 PM,147.11,9,1323.9900000000002,53131606.38999999
2025-08-01 12:21:51 PM,147.11,175,25744.250000000004,53157350.63999999
2025-08-01 12:21:54 PM,147.2,0,0.0,53157350.63999999
2025-08-01 12:21:56 PM,147.2,250,36800.0,53194150.63999999
2025-08-01 12:21:58 PM,147.1,0,0.0,53194150.63999999
2025-08-01 12:22:01 PM,147.1,35,5148.5,53199299.13999999
2025-08-01 12:22:12 PM,147.2,0,0.0,53199299.13999999
2025-08-01 12:22:12 PM,147.2,7,1030.3999999999999,53200329.53999999
2025-08-01 12:22:22 PM,147.1,2,294.2,53200623.739999995
2025-08-01 12:22:27 PM,147.2,7,1030.3999999999999,53201654.13999999
2025-08-01 12:22:31 PM,147.19,0,0.0,53201654.13999999
2025-08-01 12:22:33 PM,147.19,1,147.19,53201801.32999999
2025-08-01 12:22:53 PM,147.19,10,1471.9,53203273.22999999
2025-08-01 12:22:58 PM,147.19,25,3679.75,53206952.97999999
2025-08-01 12:23:03 PM,147.19,16,2355.04,53209308.01999999
2025-08-01 12:23:10 PM,147.26,0,0.0,53209308.01999999
2025-08-01 12:23:13 PM,147.26,34,5006.84,53214314.85999999
2025-08-01 12:23:42 PM,147.26,25,3681.5,53217996.35999999
2025-08-01 12:23:56 PM,147.2,0,0.0,53217996.35999999
2025-08-01 12:23:57 PM,147.2,37,5446.4,53223442.75999999
2025-08-01 12:24:07 PM,147.26,0,0.0,53223442.75999999
2025-08-01 12:24:07 PM,147.26,10,1472.6,53224915.35999999
2025-08-01 12:24:12 PM,147.25,5,736.25,53225651.60999999
2025-08-01 12:24:37 PM,147.25,2,294.5,53225946.10999999
2025-08-01 12:24:41 PM,147.25,25,3681.25,53229627.35999999
2025-08-01 12:24:43 PM,147.16,0,0.0,53229627.35999999
2025-08-01 12:24:46 PM,147.16,78,11478.48,53241105.83999999
2025-08-01 12:25:22 PM,147.16,125,18395.0,53259500.83999999
2025-08-01 12:26:10 PM,147.23,0,0.0,53259500.83999999
2025-08-01 12:26:12 PM,147.23,10,1472.3,53260973.139999986
2025-08-01 12:26:27 PM,147.16,0,0.0,53260973.139999986
2025-08-01 12:26:27 PM,147.16,65,9565.4,53270538.539999984
2025-08-01 12:26:47 PM,147.16,11,1618.76,53272157.29999998
2025-08-01 12:26:54 PM,147.15,0,0.0,53272157.29999998
2025-08-01 12:26:57 PM,147.15,15,2207.25,53274364.54999998
2025-08-01 12:27:04 PM,147.17,0,0.0,53274364.54999998
2025-08-01 12:27:08 PM,147.17,92,13539.64,53287904.18999998
2025-08-01 12:27:12 PM,147.1,0,0.0,53287904.18999998
2025-08-01 12:27:13 PM,147.1,84,12356.4,53300260.58999998
2025-08-01 12:27:18 PM,147.12,5,735.6,53300996.18999998
2025-08-01 12:27:27 PM,146.9,0,0.0,53300996.18999998
2025-08-01 12:27:28 PM,146.92,9906,1455389.5199999998,54756385.709999986
2025-08-01 12:27:32 PM,146.8,0,0.0,54756385.709999986
2025-08-01 12:27:33 PM,146.8,69,10129.2,54766514.90999999
2025-08-01 12:27:36 PM,146.64,0,0.0,54766514.90999999
2025-08-01 12:27:37 PM,146.77,0,0.0,54766514.90999999
2025-08-01 12:27:38 PM,146.77,1084,159098.68000000002,54925613.58999999
2025-08-01 12:28:02 PM,146.77,10,1467.7,54927081.28999999
2025-08-01 12:28:06 PM,146.55,0,0.0,54927081.28999999
2025-08-01 12:28:07 PM,146.55,500,73275.0,55000356.28999999
2025-08-01 12:28:16 PM,146.67,0,0.0,55000356.28999999
2025-08-01 12:28:16 PM,146.74,221,32429.54,55032785.82999999
2025-08-01 12:28:17 PM,146.65,0,0.0,55032785.82999999
2025-08-01 12:28:17 PM,146.65,2076,304445.4,55337231.22999999
2025-08-01 12:28:20 PM,146.74,0,0.0,55337231.22999999
2025-08-01 12:28:22 PM,146.74,13,1907.6200000000001,55339138.84999999
2025-08-01 12:28:28 PM,146.65,118,17304.7,55356443.54999999
2025-08-01 12:28:30 PM,146.6,0,0.0,55356443.54999999
2025-08-01 12:28:31 PM,146.6,3000,439800.0,55796243.54999999
2025-08-01 12:28:35 PM,146.57,0,0.0,55796243.54999999
2025-08-01 12:28:36 PM,146.57,300,43971.0,55840214.54999999
2025-08-01 12:28:48 PM,146.69,150,22003.5,55862218.04999999
2025-08-01 12:28:53 PM,146.57,136,19933.52,55882151.56999999
2025-08-01 12:28:58 PM,146.56,0,0.0,55882151.56999999
2025-08-01 12:28:59 PM,146.59,0,0.0,55882151.56999999
2025-08-01 12:29:01 PM,146.59,2639,386851.01,56269002.57999999
2025-08-01 12:29:05 PM,146.56,0,0.0,56269002.57999999
2025-08-01 12:29:06 PM,146.56,25,3664.0,56272666.57999999
2025-08-01 12:29:08 PM,146.66,25,3666.5,56276333.07999999
2025-08-01 12:29:18 PM,146.56,81,11871.36,56288204.43999999
2025-08-01 12:29:37 PM,146.56,100,14656.0,56302860.43999999
2025-08-01 12:29:49 PM,146.56,1,146.56,56303006.99999999
2025-08-01 12:29:53 PM,146.73,600,88038.0,56391044.99999999
2025-08-01 12:30:00 PM,146.57,0,0.0,56391044.99999999
2025-08-01 12:30:01 PM,146.57,35,5129.95,56396174.949999996
2025-08-01 12:30:21 PM,146.66,0,0.0,56396174.949999996
2025-08-01 12:30:21 PM,146.66,3,439.98,56396614.92999999
2025-08-01 12:30:23 PM,146.57,0,0.0,56396614.92999999
2025-08-01 12:30:24 PM,146.57,10,1465.6999999999998,56398080.629999995
2025-08-01 12:30:27 PM,146.57,14,2051.98,56400132.60999999
2025-08-01 12:30:29 PM,146.57,2,293.14,56400425.74999999
2025-08-01 12:30:44 PM,146.6,0,0.0,56400425.74999999
2025-08-01 12:30:45 PM,146.6,55,8063.0,56408488.74999999
2025-08-01 12:30:50 PM,146.6,270,39582.0,56448070.74999999
2025-08-01 12:30:55 PM,146.6,3,439.79999999999995,56448510.54999999
2025-08-01 12:30:57 PM,146.57,0,0.0,56448510.54999999
2025-08-01 12:30:58 PM,146.57,75,10992.75,56459503.29999999
2025-08-01 12:30:58 PM,146.6,0,0.0,56459503.29999999
2025-08-01 12:31:00 PM,146.6,181,26534.6,56486037.89999999
2025-08-01 12:31:01 PM,146.57,0,0.0,56486037.89999999
2025-08-01 12:31:02 PM,146.57,100,14657.0,56500694.89999999
2025-08-01 12:31:04 PM,146.6,0,0.0,56500694.89999999
2025-08-01 12:31:04 PM,146.6,117,17152.2,56517847.099999994
2025-08-01 12:31:10 PM,146.62,0,0.0,56517847.099999994
2025-08-01 12:31:13 PM,146.62,1380,202335.6,56720182.699999996
2025-08-01 12:31:34 PM,146.81,2020,296556.2,57016738.9
2025-08-01 12:31:42 PM,146.89,0,0.0,57016738.9
2025-08-01 12:31:45 PM,146.89,3,440.66999999999996,57017179.57
2025-08-01 12:31:48 PM,146.93,0,0.0,57017179.57
2025-08-01 12:31:50 PM,146.93,126,18513.18,57035692.75
2025-08-01 12:31:59 PM,146.94,0,0.0,57035692.75
2025-08-01 12:32:01 PM,146.94,94,13812.36,57049505.11
2025-08-01 12:32:11 PM,146.94,10,1469.4,57050974.51
2025-08-01 12:32:14 PM,146.95,0,0.0,57050974.51
2025-08-01 12:32:17 PM,146.95,2,293.9,57051268.41
2025-08-01 12:32:26 PM,146.79,0,0.0,57051268.41
2025-08-01 12:32:28 PM,146.79,1244,182606.75999999998,57233875.169999994
2025-08-01 12:32:30 PM,146.89,0,0.0,57233875.169999994
2025-08-01 12:32:33 PM,146.89,15,2203.35,57236078.519999996
2025-08-01 12:32:38 PM,146.89,20,2937.7999999999997,57239016.31999999
2025-08-01 12:33:02 PM,146.77,0,0.0,57239016.31999999
2025-08-01 12:33:02 PM,146.77,105,15410.85,57254427.169999994
2025-08-01 12:33:07 PM,146.89,3,440.66999999999996,57254867.839999996
2025-08-01 12:33:22 PM,146.89,1,146.89,57255014.73
2025-08-01 12:33:27 PM,146.89,20,2937.7999999999997,57257952.529999994
2025-08-01 12:33:38 PM,146.88,15,2203.2,57260155.73
2025-08-01 12:33:42 PM,146.78,0,0.0,57260155.73
2025-08-01 12:33:42 PM,146.78,20,2935.6,57263091.33
2025-08-01 12:33:58 PM,146.88,50,7344.0,57270435.33
2025-08-01 12:34:11 PM,146.87,0,0.0,57270435.33
2025-08-01 12:34:13 PM,146.87,7,1028.0900000000001,57271463.42
2025-08-01 12:34:13 PM,146.88,0,0.0,57271463.42
2025-08-01 12:34:14 PM,146.75,0,0.0,57271463.42
2025-08-01 12:34:18 PM,146.75,112,16436.0,57287899.42
2025-08-01 12:34:21 PM,146.76,0,0.0,57287899.42
2025-08-01 12:34:23 PM,146.76,50,7338.0,57295237.42
2025-08-01 12:34:58 PM,146.76,105,15409.8,57310647.22
2025-08-01 12:35:23 PM,146.87,0,0.0,57310647.22
2025-08-01 12:35:24 PM,146.87,2,293.74,57310940.96
2025-08-01 12:35:34 PM,146.87,3,440.61,57311381.57
2025-08-01 12:35:39 PM,146.87,50,7343.5,57318725.07
2025-08-01 12:35:41 PM,146.75,0,0.0,57318725.07
2025-08-01 12:35:44 PM,146.75,6969,1022700.75,58341425.82
2025-08-01 12:35:55 PM,146.68,0,0.0,58341425.82
2025-08-01 12:35:56 PM,146.68,1,146.68,58341572.5
2025-08-01 12:36:16 PM,146.75,0,0.0,58341572.5
2025-08-01 12:36:16 PM,146.75,18,2641.5,58344214.0
