date,price,qty,trnvr,cum_trnvr
2025-08-01 09:15:01 AM,3940.4,2580,10166232.0,10166232.0
2025-08-01 09:15:02 AM,3940.0,0,0.0,10166232.0
2025-08-01 09:15:03 AM,3946.5,416,1641744.0,11807976.0
2025-08-01 09:15:11 AM,3945.0,0,0.0,11807976.0
2025-08-01 09:15:11 AM,3945.1,0,0.0,11807976.0
2025-08-01 09:15:13 AM,3949.1,616,2432645.6,14240621.6
2025-08-01 09:15:15 AM,3950.0,135,533250.0,14773871.6
2025-08-01 09:15:20 AM,3949.8,0,0.0,14773871.6
2025-08-01 09:15:22 AM,3950.0,0,0.0,14773871.6
2025-08-01 09:15:24 AM,3950.0,1959,7738050.0,22511921.6
2025-08-01 09:15:25 AM,3950.0,93,367350.0,22879271.6
2025-08-01 09:15:27 AM,3943.7,0,0.0,22879271.6
2025-08-01 09:15:31 AM,3942.4,0,0.0,22879271.6
2025-08-01 09:15:32 AM,3936.9,1985,7814746.5,30694018.1
2025-08-01 09:15:34 AM,3940.3,396,1560358.8,32254376.900000002
2025-08-01 09:15:35 AM,3932.7,0,0.0,32254376.900000002
2025-08-01 09:15:40 AM,3927.3,0,0.0,32254376.900000002
2025-08-01 09:15:41 AM,3927.3,544,2136451.2,34390828.1
2025-08-01 09:15:42 AM,3934.4,178,700323.2000000001,35091151.300000004
2025-08-01 09:15:44 AM,3926.8,0,0.0,35091151.300000004
2025-08-01 09:15:47 AM,3926.3,0,0.0,35091151.300000004
2025-08-01 09:15:49 AM,3928.3,119,467467.7,35558619.00000001
2025-08-01 09:15:51 AM,3929.4,250,982350.0,36540969.00000001
2025-08-01 09:15:53 AM,3912.6,0,0.0,36540969.00000001
2025-08-01 09:15:56 AM,3912.7,0,0.0,36540969.00000001
2025-08-01 09:15:57 AM,3903.1,1107,4320731.7,40861700.70000001
2025-08-01 09:15:59 AM,3909.7,8,31277.6,40892978.30000001
2025-08-01 09:16:02 AM,3901.7,0,0.0,40892978.30000001
2025-08-01 09:16:04 AM,3903.0,0,0.0,40892978.30000001
2025-08-01 09:16:05 AM,3895.3,618,2407295.4,43300273.70000001
2025-08-01 09:16:07 AM,3898.6,21,81870.59999999999,43382144.30000001
2025-08-01 09:16:10 AM,3893.0,0,0.0,43382144.30000001
2025-08-01 09:16:13 AM,3882.5,2959,11488317.5,54870461.80000001
2025-08-01 09:16:15 AM,3882.4,102,396004.8,55266466.60000001
2025-08-01 09:16:16 AM,3877.3,0,0.0,55266466.60000001
2025-08-01 09:16:18 AM,3878.2,0,0.0,55266466.60000001
2025-08-01 09:16:22 AM,3874.3,464,1797675.2000000002,57064141.80000001
2025-08-01 09:16:23 AM,3872.9,45,174280.5,57238422.30000001
2025-08-01 09:16:26 AM,3872.1,0,0.0,57238422.30000001
2025-08-01 09:16:28 AM,3872.7,0,0.0,57238422.30000001
2025-08-01 09:16:30 AM,3870.1,595,2302709.5,59541131.80000001
2025-08-01 09:16:31 AM,3865.0,120,463800.0,60004931.80000001
2025-08-01 09:16:36 AM,3868.0,0,0.0,60004931.80000001
2025-08-01 09:16:38 AM,3863.0,252,973476.0,60978407.80000001
2025-08-01 09:16:38 AM,3866.3,0,0.0,60978407.80000001
2025-08-01 09:16:39 AM,3863.5,292,1128142.0,62106549.80000001
2025-08-01 09:16:46 AM,3862.6,77,297420.2,62403970.000000015
2025-08-01 09:16:46 AM,3863.0,0,0.0,62403970.000000015
2025-08-01 09:16:48 AM,3863.0,23,88849.0,62492819.000000015
2025-08-01 09:16:54 AM,3856.0,611,2356016.0,64848835.000000015
2025-08-01 09:16:56 AM,3859.5,5,19297.5,64868132.500000015
2025-08-01 09:16:56 AM,3854.0,0,0.0,64868132.500000015
2025-08-01 09:16:58 AM,3852.5,0,0.0,64868132.500000015
2025-08-01 09:17:03 AM,3856.0,748,2884288.0,67752420.50000001
2025-08-01 09:17:04 AM,3850.0,312,1201200.0,68953620.50000001
2025-08-01 09:17:05 AM,3849.9,0,0.0,68953620.50000001
2025-08-01 09:17:07 AM,3852.8,0,0.0,68953620.50000001
2025-08-01 09:17:11 AM,3849.5,588,2263506.0,71217126.50000001
2025-08-01 09:17:12 AM,3849.4,214,823771.6,72040898.10000001
2025-08-01 09:17:14 AM,3850.0,0,0.0,72040898.10000001
2025-08-01 09:17:16 AM,3841.0,0,0.0,72040898.10000001
2025-08-01 09:17:19 AM,3847.9,141,542553.9,72583452.00000001
2025-08-01 09:17:23 AM,3847.4,0,0.0,72583452.00000001
2025-08-01 09:17:27 AM,3854.7,298,1148700.5999999999,73732152.60000001
2025-08-01 09:17:28 AM,3858.3,113,435987.9,74168140.50000001
2025-08-01 09:17:31 AM,3861.0,0,0.0,74168140.50000001
2025-08-01 09:17:33 AM,3864.2,0,0.0,74168140.50000001
2025-08-01 09:17:36 AM,3868.4,199,769811.6,74937952.10000001
2025-08-01 09:17:37 AM,3869.5,31,119954.5,75057906.60000001
2025-08-01 09:17:39 AM,3871.0,0,0.0,75057906.60000001
2025-08-01 09:17:41 AM,3867.9,0,0.0,75057906.60000001
2025-08-01 09:17:44 AM,3868.6,149,576421.4,75634328.00000001
2025-08-01 09:17:45 AM,3868.4,230,889732.0,76524060.00000001
2025-08-01 09:17:48 AM,3854.7,0,0.0,76524060.00000001
2025-08-01 09:17:50 AM,3859.9,0,0.0,76524060.00000001
2025-08-01 09:17:52 AM,3863.4,1332,5146048.8,81670108.80000001
2025-08-01 09:17:57 AM,3870.1,0,0.0,81670108.80000001
2025-08-01 09:17:59 AM,3859.2,0,0.0,81670108.80000001
2025-08-01 09:18:01 AM,3859.2,392,1512806.4,83182915.20000002
2025-08-01 09:18:02 AM,3861.7,1,3861.7,83186776.90000002
2025-08-01 09:18:05 AM,3872.3,0,0.0,83186776.90000002
2025-08-01 09:18:07 AM,3872.4,0,0.0,83186776.90000002
2025-08-01 09:18:09 AM,3880.5,470,1823835.0,85010611.90000002
2025-08-01 09:18:10 AM,3877.4,3,11632.2,85022244.10000002
2025-08-01 09:18:13 AM,3882.3,0,0.0,85022244.10000002
2025-08-01 09:18:17 AM,3884.9,77,299137.3,85321381.40000002
2025-08-01 09:18:19 AM,3882.1,121,469734.1,85791115.50000001
2025-08-01 09:18:21 AM,3895.1,0,0.0,85791115.50000001
2025-08-01 09:18:23 AM,3891.1,0,0.0,85791115.50000001
2025-08-01 09:18:26 AM,3899.9,312,1216768.8,87007884.30000001
2025-08-01 09:18:27 AM,3894.5,78,303771.0,87311655.30000001
2025-08-01 09:18:28 AM,3899.5,0,0.0,87311655.30000001
2025-08-01 09:18:34 AM,3887.0,476,1850212.0,89161867.30000001
2025-08-01 09:18:35 AM,3887.5,153,594787.5,89756654.80000001
2025-08-01 09:18:36 AM,3882.1,0,0.0,89756654.80000001
2025-08-01 09:18:39 AM,3885.1,0,0.0,89756654.80000001
2025-08-01 09:18:42 AM,3885.0,166,644910.0,90401564.80000001
2025-08-01 09:18:43 AM,3880.5,10,38805.0,90440369.80000001
2025-08-01 09:18:46 AM,3886.4,0,0.0,90440369.80000001
2025-08-01 09:18:50 AM,3887.2,292,1135062.4,91575432.20000002
2025-08-01 09:18:54 AM,3888.6,0,0.0,91575432.20000002
2025-08-01 09:18:58 AM,3885.2,302,1173330.4,92748762.60000002
2025-08-01 09:18:59 AM,3884.5,100,388450.0,93137212.60000002
2025-08-01 09:19:00 AM,3883.9,0,0.0,93137212.60000002
2025-08-01 09:19:06 AM,3882.9,26,100955.40000000001,93238168.00000003
2025-08-01 09:19:07 AM,3884.9,110,427339.0,93665507.00000003
2025-08-01 09:19:10 AM,3883.9,0,0.0,93665507.00000003
2025-08-01 09:19:14 AM,3887.3,191,742474.3,94407981.30000003
2025-08-01 09:19:16 AM,3885.5,50,194275.0,94602256.30000003
2025-08-01 09:19:22 AM,3888.6,15,58329.0,94660585.30000003
2025-08-01 09:19:23 AM,3889.8,0,0.0,94660585.30000003
2025-08-01 09:19:24 AM,3889.8,57,221718.6,94882303.90000002
2025-08-01 09:19:30 AM,3893.0,0,0.0,94882303.90000002
2025-08-01 09:19:31 AM,3893.0,31,120683.0,95002986.90000002
2025-08-01 09:19:32 AM,3883.9,159,617540.1,95620527.00000001
2025-08-01 09:19:33 AM,3883.8,0,0.0,95620527.00000001
2025-08-01 09:19:38 AM,3887.8,0,0.0,95620527.00000001
2025-08-01 09:19:39 AM,3887.8,186,723130.8,96343657.80000001
2025-08-01 09:19:40 AM,3890.1,100,389010.0,96732667.80000001
2025-08-01 09:19:41 AM,3889.6,0,0.0,96732667.80000001
2025-08-01 09:19:46 AM,3886.2,0,0.0,96732667.80000001
2025-08-01 09:19:47 AM,3886.2,32,124358.4,96857026.20000002
2025-08-01 09:19:55 AM,3884.9,0,0.0,96857026.20000002
2025-08-01 09:19:56 AM,3884.9,10,38849.0,96895875.20000002
2025-08-01 09:20:02 AM,3884.7,0,0.0,96895875.20000002
2025-08-01 09:20:02 AM,3884.7,23,89348.09999999999,96985223.30000001
2025-08-01 09:20:04 AM,3883.9,21,81561.90000000001,97066785.20000002
2025-08-01 09:20:09 AM,3883.7,0,0.0,97066785.20000002
2025-08-01 09:20:11 AM,3883.7,38,147580.6,97214365.80000001
2025-08-01 09:20:12 AM,3871.8,167,646590.6,97860956.4
2025-08-01 09:20:16 AM,3870.0,0,0.0,97860956.4
2025-08-01 09:20:18 AM,3869.8,0,0.0,97860956.4
2025-08-01 09:20:18 AM,3869.8,377,1458914.6,99319871.0
2025-08-01 09:20:23 AM,3865.1,0,0.0,99319871.0
2025-08-01 09:20:26 AM,3863.5,0,0.0,99319871.0
2025-08-01 09:20:27 AM,3863.5,68,262718.0,99582589.0
2025-08-01 09:20:28 AM,3863.5,21,81133.5,99663722.5
2025-08-01 09:20:30 AM,3862.2,0,0.0,99663722.5
2025-08-01 09:20:34 AM,3867.8,135,522153.0,100185875.5
2025-08-01 09:20:36 AM,3868.3,25,96707.5,100282583.0
2025-08-01 09:20:41 AM,3867.7,0,0.0,100282583.0
2025-08-01 09:20:42 AM,3871.8,122,472359.60000000003,100754942.6
2025-08-01 09:20:44 AM,3867.7,0,0.0,100754942.6
2025-08-01 09:20:48 AM,3867.8,0,0.0,100754942.6
2025-08-01 09:20:50 AM,3867.8,124,479607.2,101234549.8
2025-08-01 09:20:51 AM,3866.8,35,135338.0,101369887.8
2025-08-01 09:20:55 AM,3863.5,0,0.0,101369887.8
2025-08-01 09:20:58 AM,3863.5,137,529299.5,101899187.3
2025-08-01 09:20:58 AM,3860.0,0,0.0,101899187.3
2025-08-01 09:20:59 AM,3860.0,100,386000.0,102285187.3
2025-08-01 09:21:02 AM,3864.3,0,0.0,102285187.3
2025-08-01 09:21:04 AM,3860.2,0,0.0,102285187.3
2025-08-01 09:21:05 AM,3860.2,56,216171.19999999998,102501358.5
2025-08-01 09:21:06 AM,3858.0,468,1805544.0,104306902.5
2025-08-01 09:21:09 AM,3855.0,0,0.0,104306902.5
2025-08-01 09:21:13 AM,3855.0,171,659205.0,104966107.5
2025-08-01 09:21:18 AM,3858.0,0,0.0,104966107.5
2025-08-01 09:21:21 AM,3852.8,95,366016.0,105332123.5
2025-08-01 09:21:22 AM,3858.1,121,466830.1,105798953.6
2025-08-01 09:21:25 AM,3859.8,0,0.0,105798953.6
2025-08-01 09:21:29 AM,3856.5,449,1731568.5,107530522.1
2025-08-01 09:21:32 AM,3858.6,0,0.0,107530522.1
2025-08-01 09:21:37 AM,3852.8,142,547097.6,108077619.69999999
2025-08-01 09:21:39 AM,3857.8,0,0.0,108077619.69999999
2025-08-01 09:21:42 AM,3858.0,0,0.0,108077619.69999999
2025-08-01 09:21:44 AM,3858.0,263,1014654.0,109092273.69999999
2025-08-01 09:21:45 AM,3858.0,4,15432.0,109107705.69999999
2025-08-01 09:21:51 AM,3857.8,0,0.0,109107705.69999999
2025-08-01 09:21:52 AM,3857.8,94,362633.2,109470338.89999999
2025-08-01 09:21:55 AM,3858.0,0,0.0,109470338.89999999
2025-08-01 09:21:58 AM,3858.7,0,0.0,109470338.89999999
2025-08-01 09:21:59 AM,3856.3,762,2938500.6,112408839.49999999
2025-08-01 09:22:01 AM,3855.1,15,57826.5,112466665.99999999
2025-08-01 09:22:02 AM,3850.5,0,0.0,112466665.99999999
2025-08-01 09:22:07 AM,3852.9,438,1687570.2,114154236.19999999
2025-08-01 09:22:08 AM,3847.7,246,946534.2,115100770.39999999
2025-08-01 09:22:09 AM,3849.1,0,0.0,115100770.39999999
2025-08-01 09:22:12 AM,3847.8,0,0.0,115100770.39999999
2025-08-01 09:22:15 AM,3847.3,181,696361.3,115797131.69999999
2025-08-01 09:22:16 AM,3847.0,0,0.0,115797131.69999999
2025-08-01 09:22:19 AM,3854.8,0,0.0,115797131.69999999
2025-08-01 09:22:22 AM,3851.4,312,1201636.8,116998768.49999999
2025-08-01 09:22:23 AM,3856.5,0,0.0,116998768.49999999
2025-08-01 09:22:24 AM,3856.5,89,343228.5,117341996.99999999
2025-08-01 09:22:26 AM,3857.9,0,0.0,117341996.99999999
2025-08-01 09:22:30 AM,3854.9,6,23129.4,117365126.39999999
2025-08-01 09:22:31 AM,3854.7,2,7709.4,117372835.8
2025-08-01 09:22:37 AM,3858.0,66,254628.0,117627463.8
2025-08-01 09:22:45 AM,3855.0,104,400920.0,118028383.8
2025-08-01 09:22:46 AM,3858.0,0,0.0,118028383.8
2025-08-01 09:22:47 AM,3858.0,7,27006.0,118055389.8
2025-08-01 09:22:53 AM,3858.0,43,165894.0,118221283.8
2025-08-01 09:22:54 AM,3856.0,113,435728.0,118657011.8
2025-08-01 09:22:57 AM,3850.4,0,0.0,118657011.8
2025-08-01 09:22:59 AM,3855.6,0,0.0,118657011.8
2025-08-01 09:23:00 AM,3855.6,21,80967.59999999999,118737979.39999999
2025-08-01 09:23:02 AM,3855.1,10,38551.0,118776530.39999999
2025-08-01 09:23:04 AM,3850.7,0,0.0,118776530.39999999
2025-08-01 09:23:06 AM,3853.8,0,0.0,118776530.39999999
2025-08-01 09:23:08 AM,3857.2,231,891013.2,119667543.6
2025-08-01 09:23:16 AM,3857.9,1,3857.9,119671401.5
2025-08-01 09:23:23 AM,3856.7,41,158124.69999999998,119829526.2
2025-08-01 09:23:25 AM,3857.1,20,77142.0,119906668.2
2025-08-01 09:23:31 AM,3857.8,66,254614.80000000002,120161283.0
2025-08-01 09:23:38 AM,3855.0,0,0.0,120161283.0
2025-08-01 09:23:38 AM,3855.0,30,115650.0,120276933.0
2025-08-01 09:23:39 AM,3858.0,0,0.0,120276933.0
2025-08-01 09:23:40 AM,3858.0,573,2210634.0,122487567.0
2025-08-01 09:23:46 AM,3858.0,3,11574.0,122499141.0
2025-08-01 09:23:54 AM,3858.7,16,61739.2,122560880.2
2025-08-01 09:23:57 AM,3858.0,0,0.0,122560880.2
2025-08-01 09:24:01 AM,3862.8,113,436496.4,122997376.60000001
2025-08-01 09:24:03 AM,3865.1,18,69571.8,123066948.4
2025-08-01 09:24:09 AM,3867.1,197,761818.7,123828767.10000001
2025-08-01 09:24:11 AM,3872.7,0,0.0,123828767.10000001
2025-08-01 09:24:17 AM,3870.1,86,332828.6,124161595.7
2025-08-01 09:24:18 AM,3874.0,27,104598.0,124266193.7
2025-08-01 09:24:23 AM,3870.5,0,0.0,124266193.7
2025-08-01 09:24:24 AM,3873.9,62,240181.80000000002,124506375.5
2025-08-01 09:24:30 AM,3872.7,0,0.0,124506375.5
2025-08-01 09:24:32 AM,3875.9,516,1999964.4000000001,126506339.9
2025-08-01 09:24:34 AM,3873.1,1,3873.1,126510213.0
2025-08-01 09:24:36 AM,3876.4,0,0.0,126510213.0
2025-08-01 09:24:39 AM,3877.2,260,1008072.0,127518285.0
2025-08-01 09:24:42 AM,3877.7,0,0.0,127518285.0
2025-08-01 09:24:47 AM,3873.4,190,735946.0,128254231.0
2025-08-01 09:24:48 AM,3870.2,0,0.0,128254231.0
2025-08-01 09:24:48 AM,3868.2,0,0.0,128254231.0
2025-08-01 09:24:49 AM,3868.2,470,1818054.0,130072285.0
2025-08-01 09:24:54 AM,3867.5,52,201110.0,130273395.0
2025-08-01 09:24:55 AM,3866.8,0,0.0,130273395.0
2025-08-01 09:24:56 AM,3868.3,71,274649.3,130548044.3
2025-08-01 09:25:01 AM,3872.0,0,0.0,130548044.3
2025-08-01 09:25:02 AM,3872.0,80,309760.0,130857804.3
2025-08-01 09:25:02 AM,3870.0,0,0.0,130857804.3
2025-08-01 09:25:04 AM,3870.0,25,96750.0,130954554.3
2025-08-01 09:25:08 AM,3860.7,0,0.0,130954554.3
2025-08-01 09:25:09 AM,3857.2,559,2156174.8,133110729.1
2025-08-01 09:25:12 AM,3857.7,56,216031.19999999998,133326760.3
2025-08-01 09:25:15 AM,3861.6,0,0.0,133326760.3
2025-08-01 09:25:17 AM,3861.6,7,27031.2,133353791.5
2025-08-01 09:25:24 AM,3859.3,31,119638.3,133473429.8
2025-08-01 09:25:32 AM,3857.2,39,150430.8,133623860.6
2025-08-01 09:25:34 AM,3855.8,50,192790.0,133816650.6
2025-08-01 09:25:39 AM,3862.2,151,583192.2,134399842.79999998
2025-08-01 09:25:40 AM,3862.3,0,0.0,134399842.79999998
2025-08-01 09:25:41 AM,3862.3,10,38623.0,134438465.79999998
2025-08-01 09:25:44 AM,3858.0,0,0.0,134438465.79999998
2025-08-01 09:25:47 AM,3858.0,4,15432.0,134453897.79999998
2025-08-01 09:25:49 AM,3859.4,52,200688.80000000002,134654586.6
2025-08-01 09:26:02 AM,3861.3,15,57919.5,134712506.1
2025-08-01 09:26:02 AM,3863.7,0,0.0,134712506.1
2025-08-01 09:26:04 AM,3864.1,12,46369.2,134758875.29999998
2025-08-01 09:26:09 AM,3857.0,0,0.0,134758875.29999998
2025-08-01 09:26:10 AM,3857.0,261,1006677.0,135765552.29999998
2025-08-01 09:26:16 AM,3858.9,0,0.0,135765552.29999998
2025-08-01 09:26:17 AM,3857.0,4,15428.0,135780980.29999998
2025-08-01 09:26:22 AM,3858.9,0,0.0,135780980.29999998
2025-08-01 09:26:25 AM,3858.9,45,173650.5,135954630.79999998
2025-08-01 09:26:26 AM,3862.4,0,0.0,135954630.79999998
2025-08-01 09:26:27 AM,3862.4,52,200844.80000000002,136155475.6
2025-08-01 09:26:31 AM,3860.0,0,0.0,136155475.6
2025-08-01 09:26:33 AM,3860.0,1,3860.0,136159335.6
2025-08-01 09:26:35 AM,3860.0,1,3860.0,136163195.6
2025-08-01 09:26:36 AM,3864.9,0,0.0,136163195.6
2025-08-01 09:26:41 AM,3864.9,183,707276.7000000001,136870472.29999998
2025-08-01 09:26:43 AM,3868.0,0,0.0,136870472.29999998
2025-08-01 09:26:48 AM,3868.0,22,85096.0,136955568.29999998
2025-08-01 09:26:55 AM,3868.0,128,495104.0,137450672.29999998
2025-08-01 09:27:01 AM,3866.9,0,0.0,137450672.29999998
2025-08-01 09:27:03 AM,3866.9,58,224280.2,137674952.49999997
2025-08-01 09:27:07 AM,3867.0,0,0.0,137674952.49999997
2025-08-01 09:27:10 AM,3867.0,10,38670.0,137713622.49999997
2025-08-01 09:27:25 AM,3864.4,132,510100.8,138223723.29999998
2025-08-01 09:27:31 AM,3862.6,0,0.0,138223723.29999998
2025-08-01 09:27:32 AM,3862.7,0,0.0,138223723.29999998
2025-08-01 09:27:32 AM,3862.7,29,112018.29999999999,138335741.6
2025-08-01 09:27:34 AM,3858.3,25,96457.5,138432199.1
2025-08-01 09:27:36 AM,3861.8,0,0.0,138432199.1
2025-08-01 09:27:37 AM,3864.4,0,0.0,138432199.1
2025-08-01 09:27:40 AM,3864.4,95,367118.0,138799317.1
2025-08-01 09:27:42 AM,3864.9,0,0.0,138799317.1
2025-08-01 09:27:47 AM,3861.5,0,0.0,138799317.1
2025-08-01 09:27:48 AM,3860.3,170,656251.0,139455568.1
2025-08-01 09:27:49 AM,3864.9,4,15459.6,139471027.7
2025-08-01 09:27:52 AM,3870.0,0,0.0,139471027.7
2025-08-01 09:27:52 AM,3872.9,0,0.0,139471027.7
2025-08-01 09:27:56 AM,3872.4,228,882907.2000000001,140353934.89999998
2025-08-01 09:28:02 AM,3874.1,0,0.0,140353934.89999998
2025-08-01 09:28:03 AM,3874.2,229,887191.7999999999,141241126.7
2025-08-01 09:28:04 AM,3873.7,1,3873.7,141245000.39999998
2025-08-01 09:28:08 AM,3872.4,0,0.0,141245000.39999998
2025-08-01 09:28:09 AM,3869.8,0,0.0,141245000.39999998
2025-08-01 09:28:11 AM,3872.6,10,38726.0,141283726.39999998
2025-08-01 09:28:20 AM,3874.6,102,395209.2,141678935.59999996
2025-08-01 09:28:25 AM,3874.7,0,0.0,141678935.59999996
2025-08-01 09:28:26 AM,3874.7,13,50371.1,141729306.69999996
2025-08-01 09:28:28 AM,3879.0,302,1171458.0,142900764.69999996
2025-08-01 09:28:31 AM,3877.8,0,0.0,142900764.69999996
2025-08-01 09:28:34 AM,3878.0,81,314118.0,143214882.69999996
2025-08-01 09:28:37 AM,3883.0,0,0.0,143214882.69999996
2025-08-01 09:28:38 AM,3881.6,0,0.0,143214882.69999996
2025-08-01 09:28:42 AM,3881.6,69,267830.39999999997,143482713.09999996
2025-08-01 09:28:43 AM,3890.6,371,1443412.5999999999,144926125.69999996
2025-08-01 09:28:47 AM,3892.0,0,0.0,144926125.69999996
2025-08-01 09:28:48 AM,3891.1,0,0.0,144926125.69999996
2025-08-01 09:28:49 AM,3895.0,157,611515.0,145537640.69999996
2025-08-01 09:28:50 AM,3892.1,10,38921.0,145576561.69999996
2025-08-01 09:28:52 AM,3895.8,0,0.0,145576561.69999996
2025-08-01 09:28:53 AM,3896.8,0,0.0,145576561.69999996
2025-08-01 09:28:57 AM,3895.0,130,506350.0,146082911.69999996
2025-08-01 09:28:58 AM,3897.9,1,3897.9,146086809.59999996
2025-08-01 09:29:00 AM,3902.1,0,0.0,146086809.59999996
2025-08-01 09:29:04 AM,3898.4,795,3099228.0,149186037.59999996
2025-08-01 09:29:05 AM,3902.4,0,0.0,149186037.59999996
2025-08-01 09:29:06 AM,3898.6,30,116958.0,149302995.59999996
2025-08-01 09:29:11 AM,3898.3,0,0.0,149302995.59999996
2025-08-01 09:29:12 AM,3898.3,37,144237.1,149447232.69999996
2025-08-01 09:29:20 AM,3908.7,99,386961.3,149834193.99999997
2025-08-01 09:29:21 AM,3908.7,1,3908.7,149838102.69999996
2025-08-01 09:29:21 AM,3907.9,0,0.0,149838102.69999996
2025-08-01 09:29:26 AM,3907.8,0,0.0,149838102.69999996
2025-08-01 09:29:27 AM,3907.8,124,484567.2,150322669.89999995
2025-08-01 09:29:29 AM,3904.0,101,394304.0,150716973.89999995
2025-08-01 09:29:35 AM,3900.7,578,2254604.6,152971578.49999994
2025-08-01 09:29:42 AM,3901.8,40,156072.0,153127650.49999994
2025-08-01 09:29:43 AM,3904.0,80,312320.0,153439970.49999994
2025-08-01 09:29:50 AM,3905.0,1,3905.0,153443875.49999994
2025-08-01 09:29:57 AM,3904.0,468,1827072.0,155270947.49999994
2025-08-01 09:30:05 AM,3903.2,112,437158.39999999997,155708105.89999995
2025-08-01 09:30:06 AM,3903.2,1,3903.2,155712009.09999993
2025-08-01 09:30:10 AM,3908.5,0,0.0,155712009.09999993
2025-08-01 09:30:12 AM,3904.7,121,472468.69999999995,156184477.79999992
2025-08-01 09:30:17 AM,3910.2,0,0.0,156184477.79999992
2025-08-01 09:30:20 AM,3910.2,146,570889.2,156755366.9999999
2025-08-01 09:30:24 AM,3910.0,0,0.0,156755366.9999999
2025-08-01 09:30:27 AM,3914.0,105,410970.0,157166336.9999999
2025-08-01 09:30:28 AM,3914.4,15,58716.0,157225052.9999999
2025-08-01 09:30:35 AM,3911.3,60,234678.0,157459730.9999999
2025-08-01 09:30:35 AM,3910.9,50,195545.0,157655275.9999999
2025-08-01 09:30:38 AM,3915.6,0,0.0,157655275.9999999
2025-08-01 09:30:39 AM,3911.6,0,0.0,157655275.9999999
2025-08-01 09:30:42 AM,3911.0,136,531896.0,158187171.9999999
2025-08-01 09:30:45 AM,3911.6,0,0.0,158187171.9999999
2025-08-01 09:30:49 AM,3915.0,64,250560.0,158437731.9999999
2025-08-01 09:30:52 AM,3912.5,0,0.0,158437731.9999999
2025-08-01 09:30:57 AM,3915.1,219,857406.9,159295138.89999992
2025-08-01 09:31:00 AM,3915.8,0,0.0,159295138.89999992
2025-08-01 09:31:04 AM,3915.8,62,242779.6,159537918.4999999
2025-08-01 09:31:09 AM,3921.9,0,0.0,159537918.4999999
2025-08-01 09:31:12 AM,3918.9,83,325268.7,159863187.1999999
2025-08-01 09:31:15 AM,3920.1,0,0.0,159863187.1999999
2025-08-01 09:31:19 AM,3921.9,0,0.0,159863187.1999999
2025-08-01 09:31:19 AM,3921.9,192,753004.8,160616191.9999999
2025-08-01 09:31:19 AM,3923.9,140,549346.0,161165537.9999999
2025-08-01 09:31:21 AM,3926.0,0,0.0,161165537.9999999
2025-08-01 09:31:25 AM,3922.1,0,0.0,161165537.9999999
2025-08-01 09:31:26 AM,3922.3,479,1878781.7000000002,163044319.6999999
2025-08-01 09:31:31 AM,3925.2,0,0.0,163044319.6999999
2025-08-01 09:31:33 AM,3928.0,0,0.0,163044319.6999999
2025-08-01 09:31:33 AM,3928.0,255,1001640.0,164045959.6999999
2025-08-01 09:31:37 AM,3928.1,0,0.0,164045959.6999999
2025-08-01 09:31:38 AM,3929.6,0,0.0,164045959.6999999
2025-08-01 09:31:40 AM,3932.8,854,3358611.2,167404570.8999999
2025-08-01 09:31:43 AM,3933.2,0,0.0,167404570.8999999
2025-08-01 09:31:44 AM,3933.5,0,0.0,167404570.8999999
2025-08-01 09:31:47 AM,3931.9,1544,6070853.600000001,173475424.49999988
2025-08-01 09:31:49 AM,3927.1,0,0.0,173475424.49999988
2025-08-01 09:31:49 AM,3926.4,0,0.0,173475424.49999988
2025-08-01 09:31:54 AM,3928.7,0,0.0,173475424.49999988
2025-08-01 09:31:54 AM,3925.3,82,321874.60000000003,173797299.09999987
2025-08-01 09:31:59 AM,3925.4,0,0.0,173797299.09999987
2025-08-01 09:32:01 AM,3928.6,0,0.0,173797299.09999987
2025-08-01 09:32:01 AM,3928.6,131,514646.6,174311945.69999987
2025-08-01 09:32:02 AM,3925.5,0,0.0,174311945.69999987
2025-08-01 09:32:03 AM,3925.5,34,133467.0,174445412.69999987
2025-08-01 09:32:03 AM,3928.5,0,0.0,174445412.69999987
2025-08-01 09:32:04 AM,3928.5,42,164997.0,174610409.69999987
2025-08-01 09:32:04 AM,3928.4,0,0.0,174610409.69999987
2025-08-01 09:32:05 AM,3928.4,31,121780.40000000001,174732190.09999987
2025-08-01 09:32:06 AM,3930.3,0,0.0,174732190.09999987
2025-08-01 09:32:06 AM,3930.3,34,133630.2,174865820.29999986
2025-08-01 09:32:09 AM,3926.7,0,0.0,174865820.29999986
2025-08-01 09:32:09 AM,3926.7,20,78534.0,174944354.29999986
2025-08-01 09:32:10 AM,3930.7,0,0.0,174944354.29999986
2025-08-01 09:32:10 AM,3930.7,75,294802.5,175239156.79999986
2025-08-01 09:32:11 AM,3933.4,210,826014.0,176065170.79999986
2025-08-01 09:32:13 AM,3928.9,0,0.0,176065170.79999986
2025-08-01 09:32:13 AM,3928.9,21,82506.90000000001,176147677.69999987
2025-08-01 09:32:14 AM,3929.4,0,0.0,176147677.69999987
2025-08-01 09:32:14 AM,3929.4,50,196470.0,176344147.69999987
2025-08-01 09:32:15 AM,3934.9,0,0.0,176344147.69999987
2025-08-01 09:32:15 AM,3934.9,10,39349.0,176383496.69999987
2025-08-01 09:32:16 AM,3935.7,0,0.0,176383496.69999987
2025-08-01 09:32:16 AM,3935.7,10,39357.0,176422853.69999987
2025-08-01 09:32:19 AM,3937.0,0,0.0,176422853.69999987
2025-08-01 09:32:19 AM,3937.0,75,295275.0,176718128.69999987
2025-08-01 09:32:20 AM,3936.3,0,0.0,176718128.69999987
2025-08-01 09:32:20 AM,3936.3,5,19681.5,176737810.19999987
2025-08-01 09:32:21 AM,3936.9,0,0.0,176737810.19999987
2025-08-01 09:32:21 AM,3936.9,19,74801.1,176812611.29999986
2025-08-01 09:32:22 AM,3935.0,0,0.0,176812611.29999986
2025-08-01 09:32:22 AM,3935.0,102,401370.0,177213981.29999986
2025-08-01 09:32:26 AM,3934.1,0,0.0,177213981.29999986
2025-08-01 09:32:26 AM,3934.1,34,133759.4,177347740.69999987
2025-08-01 09:32:27 AM,3933.1,0,0.0,177347740.69999987
2025-08-01 09:32:27 AM,3933.1,5,19665.5,177367406.19999987
2025-08-01 09:32:28 AM,3935.0,0,0.0,177367406.19999987
2025-08-01 09:32:28 AM,3935.0,4,15740.0,177383146.19999987
2025-08-01 09:32:29 AM,3935.0,4,15740.0,177398886.19999987
2025-08-01 09:32:31 AM,3938.2,0,0.0,177398886.19999987
2025-08-01 09:32:31 AM,3935.0,23,90505.0,177489391.19999987
2025-08-01 09:32:32 AM,3936.9,0,0.0,177489391.19999987
2025-08-01 09:32:32 AM,3936.9,2,7873.8,177497264.99999988
2025-08-01 09:32:33 AM,3932.1,15,58981.5,177556246.49999988
2025-08-01 09:32:34 AM,3935.7,22,86585.4,177642831.8999999
2025-08-01 09:32:38 AM,3936.9,5,19684.5,177662516.3999999
2025-08-01 09:32:40 AM,3936.3,20,78726.0,177741242.3999999
2025-08-01 09:32:43 AM,3935.1,10,39351.0,177780593.3999999
2025-08-01 09:32:43 AM,3937.0,255,1003935.0,178784528.3999999
2025-08-01 09:32:45 AM,3937.0,2,7874.0,178792402.3999999
2025-08-01 09:32:49 AM,3937.0,2,7874.0,178800276.3999999
2025-08-01 09:32:54 AM,3937.0,35,137795.0,178938071.3999999
2025-08-01 09:32:56 AM,3935.2,117,460418.39999999997,179398489.7999999
2025-08-01 09:32:59 AM,3937.0,0,0.0,179398489.7999999
2025-08-01 09:33:00 AM,3933.6,500,1966800.0,181365289.7999999
2025-08-01 09:33:04 AM,3930.9,30,117927.0,181483216.7999999
2025-08-01 09:33:10 AM,3930.0,0,0.0,181483216.7999999
2025-08-01 09:33:10 AM,3933.6,0,0.0,181483216.7999999
2025-08-01 09:33:11 AM,3933.6,88,346156.8,181829373.5999999
2025-08-01 09:33:15 AM,3934.0,0,0.0,181829373.5999999
2025-08-01 09:33:15 AM,3934.2,0,0.0,181829373.5999999
2025-08-01 09:33:18 AM,3934.1,547,2151952.6999999997,183981326.2999999
2025-08-01 09:33:20 AM,3930.8,0,0.0,183981326.2999999
2025-08-01 09:33:25 AM,3930.1,0,0.0,183981326.2999999
2025-08-01 09:33:25 AM,3930.1,15,58951.5,184040277.7999999
2025-08-01 09:33:31 AM,3931.2,0,0.0,184040277.7999999
2025-08-01 09:33:32 AM,3931.2,54,212284.8,184252562.5999999
2025-08-01 09:33:35 AM,3932.3,0,0.0,184252562.5999999
2025-08-01 09:33:38 AM,3932.3,24,94375.20000000001,184346937.7999999
2025-08-01 09:33:41 AM,3934.0,0,0.0,184346937.7999999
2025-08-01 09:33:43 AM,3933.9,0,0.0,184346937.7999999
2025-08-01 09:33:45 AM,3938.0,307,1208966.0,185555903.7999999
2025-08-01 09:33:52 AM,3935.0,41,161335.0,185717238.7999999
2025-08-01 09:33:53 AM,3934.7,11,43281.7,185760520.49999988
2025-08-01 09:33:55 AM,3933.2,0,0.0,185760520.49999988
2025-08-01 09:33:59 AM,3927.3,289,1134989.7,186895510.19999987
2025-08-01 09:34:00 AM,3918.1,0,0.0,186895510.19999987
2025-08-01 09:34:05 AM,3912.0,0,0.0,186895510.19999987
2025-08-01 09:34:06 AM,3912.0,697,2726664.0,189622174.19999987
2025-08-01 09:34:13 AM,3926.7,0,0.0,189622174.19999987
2025-08-01 09:34:14 AM,3926.7,819,3215967.3,192838141.49999988
2025-08-01 09:34:15 AM,3923.3,0,0.0,192838141.49999988
2025-08-01 09:34:20 AM,3924.4,0,0.0,192838141.49999988
2025-08-01 09:34:21 AM,3924.4,34,133429.6,192971571.09999987
2025-08-01 09:34:25 AM,3926.0,0,0.0,192971571.09999987
2025-08-01 09:34:28 AM,3926.0,5,19630.0,192991201.09999987
2025-08-01 09:34:30 AM,3927.5,0,0.0,192991201.09999987
2025-08-01 09:34:35 AM,3927.5,25,98187.5,193089388.59999987
2025-08-01 09:34:39 AM,3929.0,0,0.0,193089388.59999987
2025-08-01 09:34:40 AM,3927.6,0,0.0,193089388.59999987
2025-08-01 09:34:41 AM,3927.6,109,428108.39999999997,193517496.99999988
2025-08-01 09:34:45 AM,3927.7,0,0.0,193517496.99999988
2025-08-01 09:34:48 AM,3927.6,0,0.0,193517496.99999988
2025-08-01 09:34:48 AM,3927.6,35,137466.0,193654962.99999988
2025-08-01 09:34:49 AM,3927.4,1,3927.4,193658890.3999999
2025-08-01 09:34:53 AM,3930.5,0,0.0,193658890.3999999
2025-08-01 09:34:55 AM,3932.2,182,715660.4,194374550.7999999
2025-08-01 09:35:00 AM,3937.3,0,0.0,194374550.7999999
2025-08-01 09:35:02 AM,3932.0,554,2178328.0,196552878.7999999
2025-08-01 09:35:05 AM,3932.6,0,0.0,196552878.7999999
2025-08-01 09:35:05 AM,3932.0,0,0.0,196552878.7999999
2025-08-01 09:35:09 AM,3932.0,59,231988.0,196784866.7999999
2025-08-01 09:35:15 AM,3937.7,0,0.0,196784866.7999999
2025-08-01 09:35:16 AM,3937.7,260,1023802.0,197808668.7999999
2025-08-01 09:35:20 AM,3930.0,0,0.0,197808668.7999999
2025-08-01 09:35:20 AM,3933.2,0,0.0,197808668.7999999
2025-08-01 09:35:23 AM,3930.1,129,506982.89999999997,198315651.6999999
2025-08-01 09:35:25 AM,3930.0,0,0.0,198315651.6999999
2025-08-01 09:35:30 AM,3930.0,433,1701690.0,200017341.6999999
2025-08-01 09:35:37 AM,3932.0,26,102232.0,200119573.6999999
2025-08-01 09:35:37 AM,3929.1,5,19645.5,200139219.1999999
2025-08-01 09:35:45 AM,3930.0,0,0.0,200139219.1999999
2025-08-01 09:35:50 AM,3927.5,0,0.0,200139219.1999999
2025-08-01 09:35:51 AM,3927.5,90,353475.0,200492694.1999999
2025-08-01 09:35:55 AM,3927.0,0,0.0,200492694.1999999
2025-08-01 09:35:57 AM,3927.0,1,3927.0,200496621.1999999
2025-08-01 09:36:00 AM,3916.2,0,0.0,200496621.1999999
2025-08-01 09:36:00 AM,3916.1,0,0.0,200496621.1999999
2025-08-01 09:36:04 AM,3912.1,0,0.0,200496621.1999999
2025-08-01 09:36:04 AM,3912.1,784,3067086.4,203563707.5999999
2025-08-01 09:36:08 AM,3917.5,0,0.0,203563707.5999999
2025-08-01 09:36:08 AM,3917.7,0,0.0,203563707.5999999
2025-08-01 09:36:11 AM,3917.9,31,121454.90000000001,203685162.4999999
2025-08-01 09:36:12 AM,3918.0,0,0.0,203685162.4999999
2025-08-01 09:36:16 AM,3929.2,0,0.0,203685162.4999999
2025-08-01 09:36:17 AM,3929.2,197,774052.3999999999,204459214.89999992
2025-08-01 09:36:20 AM,3928.0,0,0.0,204459214.89999992
2025-08-01 09:36:24 AM,3928.0,77,302456.0,204761670.89999992
2025-08-01 09:36:30 AM,3928.0,50,196400.0,204958070.89999992
2025-08-01 09:36:36 AM,3928.3,0,0.0,204958070.89999992
2025-08-01 09:36:37 AM,3928.3,25,98207.5,205056278.39999992
2025-08-01 09:36:43 AM,3928.3,15,58924.5,205115202.89999992
2025-08-01 09:36:48 AM,3928.0,0,0.0,205115202.89999992
2025-08-01 09:36:50 AM,3928.0,79,310312.0,205425514.89999992
2025-08-01 09:36:52 AM,3928.5,0,0.0,205425514.89999992
2025-08-01 09:36:57 AM,3928.5,373,1465330.5,206890845.39999992
2025-08-01 09:37:00 AM,3929.9,0,0.0,206890845.39999992
2025-08-01 09:37:03 AM,3929.5,171,671944.5,207562789.89999992
2025-08-01 09:37:04 AM,3929.5,7,27506.5,207590296.39999992
2025-08-01 09:37:08 AM,3928.7,0,0.0,207590296.39999992
2025-08-01 09:37:09 AM,3932.4,0,0.0,207590296.39999992
2025-08-01 09:37:10 AM,3932.5,233,916272.5,208506568.89999992
2025-08-01 09:37:18 AM,3935.0,0,0.0,208506568.89999992
2025-08-01 09:37:18 AM,3935.0,282,1109670.0,209616238.89999992
2025-08-01 09:37:19 AM,3932.9,0,0.0,209616238.89999992
2025-08-01 09:37:23 AM,3933.1,0,0.0,209616238.89999992
2025-08-01 09:37:24 AM,3928.5,0,0.0,209616238.89999992
2025-08-01 09:37:24 AM,3928.5,320,1257120.0,210873358.89999992
2025-08-01 09:37:25 AM,3925.0,1,3925.0,210877283.89999992
2025-08-01 09:37:31 AM,3928.0,76,298528.0,211175811.89999992
2025-08-01 09:37:34 AM,3925.0,0,0.0,211175811.89999992
2025-08-01 09:37:38 AM,3925.0,45,176625.0,211352436.89999992
2025-08-01 09:37:45 AM,3921.7,230,901991.0,212254427.89999992
2025-08-01 09:37:45 AM,3923.9,23,90249.7,212344677.5999999
2025-08-01 09:37:51 AM,3923.9,75,294292.5,212638970.0999999
2025-08-01 09:37:54 AM,3923.8,0,0.0,212638970.0999999
2025-08-01 09:37:58 AM,3916.5,97,379900.5,213018870.5999999
2025-08-01 09:38:05 AM,3912.0,0,0.0,213018870.5999999
2025-08-01 09:38:05 AM,3912.0,35,136920.0,213155790.5999999
2025-08-01 09:38:10 AM,3906.1,0,0.0,213155790.5999999
2025-08-01 09:38:12 AM,3906.1,92,359361.2,213515151.7999999
2025-08-01 09:38:15 AM,3904.3,0,0.0,213515151.7999999
2025-08-01 09:38:19 AM,3904.3,30,117129.0,213632280.7999999
2025-08-01 09:38:20 AM,3901.1,0,0.0,213632280.7999999
2025-08-01 09:38:21 AM,3900.4,0,0.0,213632280.7999999
2025-08-01 09:38:25 AM,3901.3,88,343314.4,213975595.1999999
2025-08-01 09:38:30 AM,3895.1,0,0.0,213975595.1999999
2025-08-01 09:38:32 AM,3895.1,417,1624256.7,215599851.8999999
2025-08-01 09:38:35 AM,3897.7,0,0.0,215599851.8999999
2025-08-01 09:38:39 AM,3895.2,119,463528.8,216063380.6999999
2025-08-01 09:38:44 AM,3898.5,0,0.0,216063380.6999999
2025-08-01 09:38:45 AM,3895.2,46,179179.19999999998,216242559.8999999
2025-08-01 09:38:48 AM,3895.0,0,0.0,216242559.8999999
2025-08-01 09:38:52 AM,3905.0,312,1218360.0,217460919.8999999
2025-08-01 09:38:58 AM,3903.3,5,19516.5,217480436.3999999
2025-08-01 09:39:05 AM,3905.5,25,97637.5,217578073.8999999
2025-08-01 09:39:10 AM,3905.4,0,0.0,217578073.8999999
2025-08-01 09:39:12 AM,3905.4,33,128878.2,217706952.09999987
2025-08-01 09:39:15 AM,3904.9,0,0.0,217706952.09999987
2025-08-01 09:39:19 AM,3905.4,41,160121.4,217867073.49999988
2025-08-01 09:39:20 AM,3904.9,0,0.0,217867073.49999988
2025-08-01 09:39:25 AM,3904.3,0,0.0,217867073.49999988
2025-08-01 09:39:26 AM,3904.3,34,132746.2,217999819.69999987
2025-08-01 09:39:32 AM,3904.3,26,101511.8,218101331.49999988
2025-08-01 09:39:33 AM,3912.4,0,0.0,218101331.49999988
2025-08-01 09:39:37 AM,3914.0,0,0.0,218101331.49999988
2025-08-01 09:39:39 AM,3915.5,610,2388455.0,220489786.49999988
2025-08-01 09:39:45 AM,3917.4,50,195870.0,220685656.49999988
2025-08-01 09:39:52 AM,3911.0,345,1349295.0,222034951.49999988
2025-08-01 09:40:02 AM,3910.1,0,0.0,222034951.49999988
2025-08-01 09:40:05 AM,3910.1,30,117303.0,222152254.49999988
2025-08-01 09:40:06 AM,3909.3,0,0.0,222152254.49999988
2025-08-01 09:40:06 AM,3909.3,25,97732.5,222249986.99999988
2025-08-01 09:40:17 AM,3909.2,0,0.0,222249986.99999988
2025-08-01 09:40:18 AM,3909.2,57,222824.4,222472811.3999999
2025-08-01 09:40:22 AM,3910.6,0,0.0,222472811.3999999
2025-08-01 09:40:25 AM,3910.6,24,93854.4,222566665.7999999
2025-08-01 09:40:27 AM,3909.3,0,0.0,222566665.7999999
2025-08-01 09:40:31 AM,3906.1,34,132807.4,222699473.1999999
2025-08-01 09:40:32 AM,3909.2,2,7818.4,222707291.5999999
2025-08-01 09:40:40 AM,3905.3,0,0.0,222707291.5999999
2025-08-01 09:40:44 AM,3909.3,6,23455.800000000003,222730747.39999992
2025-08-01 09:40:45 AM,3905.2,30,117156.0,222847903.39999992
2025-08-01 09:40:51 AM,3908.0,38,148504.0,222996407.39999992
2025-08-01 09:40:52 AM,3904.3,232,905797.6000000001,223902204.9999999
2025-08-01 09:40:58 AM,3905.0,27,105435.0,224007639.9999999
2025-08-01 09:41:03 AM,3900.8,0,0.0,224007639.9999999
2025-08-01 09:41:04 AM,3900.8,67,261353.6,224268993.5999999
2025-08-01 09:41:08 AM,3901.0,0,0.0,224268993.5999999
2025-08-01 09:41:11 AM,3901.0,28,109228.0,224378221.5999999
2025-08-01 09:41:12 AM,3900.1,0,0.0,224378221.5999999
2025-08-01 09:41:18 AM,3900.1,5,19500.5,224397722.0999999
2025-08-01 09:41:19 AM,3903.4,1,3903.4,224401625.4999999
2025-08-01 09:41:20 AM,3903.3,0,0.0,224401625.4999999
2025-08-01 09:41:21 AM,3900.1,0,0.0,224401625.4999999
2025-08-01 09:41:24 AM,3900.1,22,85802.2,224487427.6999999
2025-08-01 09:41:28 AM,3899.0,0,0.0,224487427.6999999
2025-08-01 09:41:31 AM,3893.6,206,802081.6,225289509.2999999
2025-08-01 09:41:36 AM,3896.9,0,0.0,225289509.2999999
2025-08-01 09:41:37 AM,3892.2,23,89520.59999999999,225379029.8999999
2025-08-01 09:41:38 AM,3891.9,5,19459.5,225398489.3999999
2025-08-01 09:41:40 AM,3892.8,0,0.0,225398489.3999999
2025-08-01 09:41:44 AM,3893.4,102,397126.8,225795616.1999999
2025-08-01 09:41:48 AM,3893.2,0,0.0,225795616.1999999
2025-08-01 09:41:51 AM,3893.2,11,42825.2,225838441.3999999
2025-08-01 09:41:56 AM,3887.6,0,0.0,225838441.3999999
2025-08-01 09:41:57 AM,3883.2,0,0.0,225838441.3999999
2025-08-01 09:41:57 AM,3889.5,2247,8739706.5,234578147.8999999
2025-08-01 09:41:58 AM,3881.1,164,636500.4,235214648.2999999
2025-08-01 09:42:03 AM,3880.0,104,403520.0,235618168.2999999
2025-08-01 09:42:09 AM,3875.0,0,0.0,235618168.2999999
2025-08-01 09:42:10 AM,3873.5,415,1607502.5,237225670.7999999
2025-08-01 09:42:11 AM,3876.8,25,96920.0,237322590.7999999
2025-08-01 09:42:13 AM,3877.1,0,0.0,237322590.7999999
2025-08-01 09:42:17 AM,3876.9,5,19384.5,237341975.2999999
2025-08-01 09:42:18 AM,3876.9,174,674580.6,238016555.8999999
2025-08-01 09:42:21 AM,3875.0,0,0.0,238016555.8999999
2025-08-01 09:42:23 AM,3875.8,118,457344.4,238473900.2999999
2025-08-01 09:42:26 AM,3874.8,0,0.0,238473900.2999999
2025-08-01 09:42:30 AM,3870.7,12,46448.399999999994,238520348.6999999
2025-08-01 09:42:31 AM,3873.9,0,0.0,238520348.6999999
2025-08-01 09:42:31 AM,3873.9,10,38739.0,238559087.6999999
2025-08-01 09:42:31 AM,3874.4,0,0.0,238559087.6999999
2025-08-01 09:42:35 AM,3873.8,0,0.0,238559087.6999999
2025-08-01 09:42:35 AM,3869.0,0,0.0,238559087.6999999
2025-08-01 09:42:36 AM,3871.4,826,3197776.4,241756864.0999999
2025-08-01 09:42:39 AM,3876.2,0,0.0,241756864.0999999
2025-08-01 09:42:43 AM,3873.9,0,0.0,241756864.0999999
2025-08-01 09:42:43 AM,3873.9,31,120090.90000000001,241876954.9999999
2025-08-01 09:42:47 AM,3879.2,0,0.0,241876954.9999999
2025-08-01 09:42:47 AM,3876.8,0,0.0,241876954.9999999
2025-08-01 09:42:49 AM,3876.8,91,352788.8,242229743.79999992
2025-08-01 09:42:50 AM,3875.4,21,81383.40000000001,242311127.19999993
2025-08-01 09:42:55 AM,3880.0,0,0.0,242311127.19999993
2025-08-01 09:42:55 AM,3875.0,0,0.0,242311127.19999993
2025-08-01 09:42:56 AM,3875.0,267,1034625.0,243345752.19999993
2025-08-01 09:43:01 AM,3880.1,0,0.0,243345752.19999993
2025-08-01 09:43:01 AM,3880.1,1,3880.1,243349632.29999992
2025-08-01 09:43:01 AM,3876.8,0,0.0,243349632.29999992
2025-08-01 09:43:01 AM,3876.8,26,100796.8,243450429.09999993
2025-08-01 09:43:04 AM,3878.6,0,0.0,243450429.09999993
2025-08-01 09:43:05 AM,3878.6,62,240473.19999999998,243690902.29999992
2025-08-01 09:43:06 AM,3878.2,913,3540796.5999999996,247231698.89999992
2025-08-01 09:43:06 AM,3879.8,0,0.0,247231698.89999992
2025-08-01 09:43:07 AM,3879.8,5,19399.0,247251097.89999992
2025-08-01 09:43:08 AM,3878.9,3,11636.7,247262734.5999999
2025-08-01 09:43:10 AM,3880.8,0,0.0,247262734.5999999
2025-08-01 09:43:10 AM,3880.8,39,151351.2,247414085.7999999
2025-08-01 09:43:14 AM,3881.4,0,0.0,247414085.7999999
2025-08-01 09:43:15 AM,3881.5,8,31052.0,247445137.7999999
2025-08-01 09:43:16 AM,3878.0,54,209412.0,247654549.7999999
2025-08-01 09:43:19 AM,3878.0,25,96950.0,247751499.7999999
2025-08-01 09:43:22 AM,3874.0,41,158834.0,247910333.7999999
2025-08-01 09:43:24 AM,3875.7,0,0.0,247910333.7999999
2025-08-01 09:43:25 AM,3875.7,2,7751.4,247918085.1999999
2025-08-01 09:43:25 AM,3869.7,0,0.0,247918085.1999999
2025-08-01 09:43:26 AM,3869.7,48,185745.59999999998,248103830.7999999
2025-08-01 09:43:28 AM,3874.0,10,38740.0,248142570.7999999
2025-08-01 09:43:30 AM,3874.1,7,27118.7,248169689.49999988
2025-08-01 09:43:31 AM,3874.0,2,7748.0,248177437.49999988
2025-08-01 09:43:32 AM,3870.0,0,0.0,248177437.49999988
2025-08-01 09:43:33 AM,3870.0,25,96750.0,248274187.49999988
2025-08-01 09:43:44 AM,3872.2,0,0.0,248274187.49999988
2025-08-01 09:43:45 AM,3872.2,10,38722.0,248312909.49999988
2025-08-01 09:43:46 AM,3870.0,33,127710.0,248440619.49999988
2025-08-01 09:43:47 AM,3872.8,1,3872.8,248444492.2999999
2025-08-01 09:43:53 AM,3872.6,6,23235.6,248467727.8999999
2025-08-01 09:43:56 AM,3870.1,0,0.0,248467727.8999999
2025-08-01 09:43:57 AM,3870.1,77,297997.7,248765725.59999987
2025-08-01 09:43:57 AM,3869.0,0,0.0,248765725.59999987
2025-08-01 09:43:58 AM,3871.5,6,23229.0,248788954.59999987
2025-08-01 09:43:59 AM,3871.2,61,236143.19999999998,249025097.79999986
2025-08-01 09:44:01 AM,3870.5,66,255453.0,249280550.79999986
2025-08-01 09:44:02 AM,3870.6,290,1122474.0,250403024.79999986
2025-08-01 09:44:08 AM,3870.6,39,150953.4,250553978.19999987
2025-08-01 09:44:11 AM,3870.0,0,0.0,250553978.19999987
2025-08-01 09:44:15 AM,3866.1,14,54125.4,250608103.59999987
2025-08-01 09:44:16 AM,3868.2,5,19341.0,250627444.59999987
2025-08-01 09:44:19 AM,3868.0,0,0.0,250627444.59999987
2025-08-01 09:44:22 AM,3868.0,5,19340.0,250646784.59999987
2025-08-01 09:44:23 AM,3865.0,4,15460.0,250662244.59999987
2025-08-01 09:44:27 AM,3867.7,0,0.0,250662244.59999987
2025-08-01 09:44:28 AM,3869.4,71,274727.4,250936971.99999988
2025-08-01 09:44:35 AM,3867.7,0,0.0,250936971.99999988
2025-08-01 09:44:36 AM,3867.7,3,11603.099999999999,250948575.09999987
2025-08-01 09:44:39 AM,3869.4,0,0.0,250948575.09999987
2025-08-01 09:44:41 AM,3870.3,55,212866.5,251161441.59999987
2025-08-01 09:44:47 AM,3867.8,3,11603.400000000001,251173044.99999988
2025-08-01 09:45:03 AM,3869.0,0,0.0,251173044.99999988
2025-08-01 09:45:07 AM,3869.0,2,7738.0,251180782.99999988
2025-08-01 09:45:14 AM,3867.8,55,212729.0,251393511.99999988
2025-08-01 09:45:19 AM,3869.0,0,0.0,251393511.99999988
2025-08-01 09:45:20 AM,3869.0,46,177974.0,251571485.99999988
2025-08-01 09:45:22 AM,3869.6,10,38696.0,251610181.99999988
2025-08-01 09:45:23 AM,3873.7,0,0.0,251610181.99999988
2025-08-01 09:45:27 AM,3873.6,231,894801.6,252504983.59999987
2025-08-01 09:45:34 AM,3873.6,2,7747.2,252512730.79999986
2025-08-01 09:45:35 AM,3873.7,0,0.0,252512730.79999986
2025-08-01 09:45:39 AM,3874.6,0,0.0,252512730.79999986
2025-08-01 09:45:39 AM,3874.6,72,278971.2,252791701.99999985
2025-08-01 09:45:43 AM,3878.9,0,0.0,252791701.99999985
2025-08-01 09:45:46 AM,3875.3,124,480537.2,253272239.19999984
2025-08-01 09:45:51 AM,3879.0,0,0.0,253272239.19999984
2025-08-01 09:45:53 AM,3879.0,21,81459.0,253353698.19999984
2025-08-01 09:45:54 AM,3879.9,50,193995.0,253547693.19999984
2025-08-01 09:45:57 AM,3885.3,0,0.0,253547693.19999984
2025-08-01 09:45:59 AM,3885.3,315,1223869.5,254771562.69999984
2025-08-01 09:46:01 AM,3883.6,0,0.0,254771562.69999984
2025-08-01 09:46:01 AM,3887.9,0,0.0,254771562.69999984
2025-08-01 09:46:05 AM,3887.6,0,0.0,254771562.69999984
2025-08-01 09:46:05 AM,3887.6,148,575364.7999999999,255346927.49999985
2025-08-01 09:46:06 AM,3885.6,0,0.0,255346927.49999985
2025-08-01 09:46:07 AM,3885.6,74,287534.39999999997,255634461.89999986
2025-08-01 09:46:10 AM,3886.5,0,0.0,255634461.89999986
2025-08-01 09:46:12 AM,3886.5,95,369217.5,256003679.39999986
2025-08-01 09:46:13 AM,3889.1,115,447246.5,256450925.89999986
2025-08-01 09:46:16 AM,3888.4,0,0.0,256450925.89999986
2025-08-01 09:46:19 AM,3888.7,54,209989.8,256660915.69999987
2025-08-01 09:46:21 AM,3884.0,0,0.0,256660915.69999987
2025-08-01 09:46:24 AM,3885.0,0,0.0,256660915.69999987
2025-08-01 09:46:25 AM,3885.0,154,598290.0,257259205.69999987
2025-08-01 09:46:33 AM,3886.1,5,19430.5,257278636.19999987
2025-08-01 09:46:37 AM,3885.0,0,0.0,257278636.19999987
2025-08-01 09:46:38 AM,3885.0,13,50505.0,257329141.19999987
2025-08-01 09:46:50 AM,3885.0,83,322455.0,257651596.19999987
2025-08-01 09:46:57 AM,3888.0,0,0.0,257651596.19999987
2025-08-01 09:46:58 AM,3882.2,53,205756.59999999998,257857352.79999986
2025-08-01 09:47:00 AM,3888.2,0,0.0,257857352.79999986
2025-08-01 09:47:03 AM,3888.2,34,132198.8,257989551.59999987
2025-08-01 09:47:04 AM,3889.0,0,0.0,257989551.59999987
2025-08-01 09:47:04 AM,3889.0,2,7778.0,257997329.59999987
2025-08-01 09:47:08 AM,3888.3,0,0.0,257997329.59999987
2025-08-01 09:47:09 AM,3888.3,20,77766.0,258075095.59999987
2025-08-01 09:47:15 AM,3894.5,35,136307.5,258211403.09999987
2025-08-01 09:47:20 AM,3890.3,0,0.0,258211403.09999987
2025-08-01 09:47:21 AM,3890.3,5,19451.5,258230854.59999987
2025-08-01 09:47:23 AM,3890.6,20,77812.0,258308666.59999987
2025-08-01 09:47:25 AM,3893.4,0,0.0,258308666.59999987
2025-08-01 09:47:27 AM,3890.1,6,23340.6,258332007.19999987
2025-08-01 09:47:29 AM,3890.6,0,0.0,258332007.19999987
2025-08-01 09:47:30 AM,3890.6,4,15562.4,258347569.59999987
2025-08-01 09:47:32 AM,3895.0,0,0.0,258347569.59999987
2025-08-01 09:47:33 AM,3893.4,0,0.0,258347569.59999987
2025-08-01 09:47:34 AM,3893.4,67,260857.80000000002,258608427.3999999
2025-08-01 09:47:39 AM,3889.1,0,0.0,258608427.3999999
2025-08-01 09:47:41 AM,3889.1,2,7778.2,258616205.59999987
2025-08-01 09:47:44 AM,3889.2,0,0.0,258616205.59999987
2025-08-01 09:47:47 AM,3889.2,30,116676.0,258732881.59999987
2025-08-01 09:48:45 AM,3890.1,6,23340.6,258756222.19999987
2025-08-01 09:48:59 AM,3890.9,0,0.0,258756222.19999987
2025-08-01 09:49:01 AM,3890.9,5,19454.5,258775676.69999987
2025-08-01 09:49:03 AM,3894.2,0,0.0,258775676.69999987
2025-08-01 09:49:03 AM,3894.5,0,0.0,258775676.69999987
2025-08-01 09:49:05 AM,3890.7,97,377397.89999999997,259153074.59999987
2025-08-01 09:49:07 AM,3890.7,18,70032.59999999999,259223107.19999987
2025-08-01 09:49:07 AM,3893.9,0,0.0,259223107.19999987
2025-08-01 09:49:11 AM,3890.3,0,0.0,259223107.19999987
2025-08-01 09:49:11 AM,3890.3,107,416262.10000000003,259639369.29999986
2025-08-01 09:49:13 AM,3893.0,10,38930.0,259678299.29999986
2025-08-01 09:49:19 AM,3891.1,0,0.0,259678299.29999986
2025-08-01 09:49:20 AM,3891.1,22,85604.2,259763903.49999985
2025-08-01 09:49:40 AM,3894.7,0,0.0,259763903.49999985
2025-08-01 09:49:42 AM,3894.7,22,85683.4,259849586.89999986
2025-08-01 09:49:48 AM,3895.0,0,0.0,259849586.89999986
2025-08-01 09:49:48 AM,3896.4,144,561081.6,260410668.49999985
2025-08-01 09:49:51 AM,3892.6,0,0.0,260410668.49999985
2025-08-01 09:49:51 AM,3892.6,21,81744.59999999999,260492413.09999985
2025-08-01 09:49:55 AM,3892.6,12,46711.2,260539124.29999983
2025-08-01 09:49:58 AM,3896.1,50,194805.0,260733929.29999983
2025-08-01 09:50:01 AM,3891.4,1,3891.4,260737820.69999984
2025-08-01 09:50:06 AM,3895.5,0,0.0,260737820.69999984
2025-08-01 09:50:07 AM,3895.5,2,7791.0,260745611.69999984
2025-08-01 09:50:14 AM,3889.8,514,1999357.2000000002,262744968.89999983
2025-08-01 09:50:15 AM,3892.3,0,0.0,262744968.89999983
2025-08-01 09:50:17 AM,3892.3,2,7784.6,262752753.49999982
2025-08-01 09:50:25 AM,3891.0,0,0.0,262752753.49999982
2025-08-01 09:50:27 AM,3891.0,5,19455.0,262772208.49999982
2025-08-01 09:50:29 AM,3891.4,4,15565.6,262787774.09999982
2025-08-01 09:50:32 AM,3891.9,0,0.0,262787774.09999982
2025-08-01 09:50:33 AM,3891.9,7,27243.3,262815017.39999983
2025-08-01 09:50:39 AM,3891.1,1,3891.1,262818908.49999982
2025-08-01 09:50:41 AM,3892.0,0,0.0,262818908.49999982
2025-08-01 09:50:42 AM,3892.0,60,233520.0,263052428.49999982
2025-08-01 09:50:48 AM,3892.0,57,221844.0,263274272.49999982
2025-08-01 09:50:51 AM,3892.4,0,0.0,263274272.49999982
2025-08-01 09:50:52 AM,3892.4,22,85632.8,263359905.29999983
2025-08-01 09:50:53 AM,3892.0,0,0.0,263359905.29999983
2025-08-01 09:50:54 AM,3892.0,6,23352.0,263383257.29999983
2025-08-01 09:50:57 AM,3890.4,0,0.0,263383257.29999983
2025-08-01 09:50:58 AM,3890.4,57,221752.80000000002,263605010.09999985
2025-08-01 09:51:09 AM,3890.3,0,0.0,263605010.09999985
2025-08-01 09:51:11 AM,3890.3,3,11670.900000000001,263616680.99999985
2025-08-01 09:51:25 AM,3891.9,0,0.0,263616680.99999985
2025-08-01 09:51:25 AM,3891.9,2,7783.8,263624464.79999986
2025-08-01 09:51:32 AM,3890.0,49,190610.0,263815074.79999986
2025-08-01 09:51:34 AM,3890.8,0,0.0,263815074.79999986
2025-08-01 09:51:36 AM,3890.8,5,19454.0,263834528.79999986
2025-08-01 09:51:45 AM,3891.0,30,116730.0,263951258.79999986
2025-08-01 09:51:52 AM,3891.7,0,0.0,263951258.79999986
2025-08-01 09:51:54 AM,3891.4,0,0.0,263951258.79999986
2025-08-01 09:51:54 AM,3891.4,72,280180.8,264231439.59999987
2025-08-01 09:52:02 AM,3890.8,0,0.0,264231439.59999987
2025-08-01 09:52:03 AM,3890.8,154,599183.2000000001,264830622.79999986
2025-08-01 09:52:04 AM,3892.0,0,0.0,264830622.79999986
2025-08-01 09:52:06 AM,3892.0,11,42812.0,264873434.79999986
2025-08-01 09:52:15 AM,3891.6,1,3891.6,264877326.39999986
2025-08-01 09:52:17 AM,3889.0,0,0.0,264877326.39999986
2025-08-01 09:52:19 AM,3888.0,101,392688.0,265270014.39999986
2025-08-01 09:52:28 AM,3891.9,0,0.0,265270014.39999986
2025-08-01 09:52:31 AM,3891.9,75,291892.5,265561906.89999986
2025-08-01 09:52:37 AM,3888.5,1,3888.5,265565795.39999986
2025-08-01 09:52:43 AM,3890.0,0,0.0,265565795.39999986
2025-08-01 09:52:43 AM,3890.0,20,77800.0,265643595.39999986
2025-08-01 09:52:46 AM,3891.0,332,1291812.0,266935407.39999986
2025-08-01 09:52:52 AM,3889.3,0,0.0,266935407.39999986
2025-08-01 09:52:52 AM,3889.3,2,7778.6,266943185.99999985
2025-08-01 09:52:55 AM,3892.0,0,0.0,266943185.99999985
2025-08-01 09:52:55 AM,3892.0,17,66164.0,267009349.99999985
2025-08-01 09:53:01 AM,3888.5,2,7777.0,267017126.99999985
2025-08-01 09:53:10 AM,3888.8,14,54443.200000000004,267071570.19999984
2025-08-01 09:53:36 AM,3888.0,0,0.0,267071570.19999984
2025-08-01 09:53:38 AM,3887.9,0,0.0,267071570.19999984
2025-08-01 09:53:39 AM,3887.9,52,202170.80000000002,267273740.99999985
2025-08-01 09:53:51 AM,3883.0,385,1494955.0,268768695.9999999
2025-08-01 09:53:59 AM,3884.4,84,326289.60000000003,269094985.5999999
2025-08-01 09:54:00 AM,3880.9,0,0.0,269094985.5999999
2025-08-01 09:54:04 AM,3886.6,99,384773.39999999997,269479758.9999999
2025-08-01 09:54:08 AM,3883.7,0,0.0,269479758.9999999
2025-08-01 09:54:08 AM,3887.9,0,0.0,269479758.9999999
2025-08-01 09:54:10 AM,3887.9,106,412117.4,269891876.39999986
2025-08-01 09:54:14 AM,3887.4,0,0.0,269891876.39999986
2025-08-01 09:54:16 AM,3887.4,22,85522.8,269977399.19999987
2025-08-01 09:54:21 AM,3881.8,0,0.0,269977399.19999987
2025-08-01 09:54:23 AM,3881.8,25,97045.0,270074444.19999987
2025-08-01 09:54:27 AM,3881.5,0,0.0,270074444.19999987
2025-08-01 09:54:29 AM,3881.5,10,38815.0,270113259.19999987
2025-08-01 09:54:31 AM,3885.4,0,0.0,270113259.19999987
2025-08-01 09:54:31 AM,3886.1,0,0.0,270113259.19999987
2025-08-01 09:54:35 AM,3886.1,37,143785.69999999998,270257044.89999986
2025-08-01 09:54:51 AM,3886.2,0,0.0,270257044.89999986
2025-08-01 09:54:52 AM,3886.2,1,3886.2,270260931.09999985
2025-08-01 09:54:54 AM,3886.5,0,0.0,270260931.09999985
2025-08-01 09:54:57 AM,3892.0,0,0.0,270260931.09999985
2025-08-01 09:54:58 AM,3892.0,50,194600.0,270455531.09999985
2025-08-01 09:54:59 AM,3888.8,6,23332.800000000003,270478863.89999986
2025-08-01 09:55:07 AM,3889.1,0,0.0,270478863.89999986
2025-08-01 09:55:09 AM,3889.3,0,0.0,270478863.89999986
2025-08-01 09:55:10 AM,3891.9,18,70054.2,270548918.09999985
2025-08-01 09:55:19 AM,3891.8,0,0.0,270548918.09999985
2025-08-01 09:55:22 AM,3891.8,1,3891.8,270552809.89999986
2025-08-01 09:55:51 AM,3890.0,0,0.0,270552809.89999986
2025-08-01 09:55:52 AM,3890.0,26,101140.0,270653949.89999986
2025-08-01 09:56:05 AM,3885.4,31,120447.40000000001,270774397.29999983
2025-08-01 09:56:11 AM,3887.0,6,23322.0,270797719.29999983
2025-08-01 09:56:13 AM,3886.9,0,0.0,270797719.29999983
2025-08-01 09:56:15 AM,3887.0,0,0.0,270797719.29999983
2025-08-01 09:56:16 AM,3887.0,13,50531.0,270848250.29999983
2025-08-01 09:56:21 AM,3881.6,0,0.0,270848250.29999983
2025-08-01 09:56:22 AM,3881.6,70,271712.0,271119962.29999983
2025-08-01 09:56:58 AM,3880.0,22,85360.0,271205322.29999983
2025-08-01 09:57:04 AM,3880.0,21,81480.0,271286802.29999983
2025-08-01 09:57:06 AM,3880.0,50,194000.0,271480802.29999983
2025-08-01 09:57:09 AM,3882.7,0,0.0,271480802.29999983
2025-08-01 09:57:10 AM,3885.8,151,586755.8,272067558.09999985
2025-08-01 09:57:21 AM,3880.7,0,0.0,272067558.09999985
2025-08-01 09:57:22 AM,3880.7,6,23284.199999999997,272090842.29999983
2025-08-01 09:57:23 AM,3883.9,5,19419.5,272110261.79999983
2025-08-01 09:57:33 AM,3880.5,0,0.0,272110261.79999983
2025-08-01 09:57:33 AM,3880.5,28,108654.0,272218915.79999983
2025-08-01 09:57:48 AM,3883.5,1,3883.5,272222799.29999983
2025-08-01 09:58:22 AM,3882.8,0,0.0,272222799.29999983
2025-08-01 09:58:22 AM,3882.8,3,11648.400000000001,272234447.6999998
2025-08-01 09:58:30 AM,3882.1,0,0.0,272234447.6999998
2025-08-01 09:58:30 AM,3882.1,46,178576.6,272413024.29999983
2025-08-01 09:58:38 AM,3882.3,0,0.0,272413024.29999983
2025-08-01 09:58:40 AM,3882.3,2,7764.6,272420788.89999986
2025-08-01 09:58:55 AM,3882.3,11,42705.3,272463494.19999987
2025-08-01 09:59:07 AM,3880.5,0,0.0,272463494.19999987
2025-08-01 09:59:07 AM,3880.5,25,97012.5,272560506.69999987
2025-08-01 09:59:20 AM,3882.1,0,0.0,272560506.69999987
2025-08-01 09:59:20 AM,3882.1,38,147519.8,272708026.4999999
2025-08-01 09:59:51 AM,3882.1,32,124227.2,272832253.69999987
2025-08-01 09:59:59 AM,3882.8,0,0.0,272832253.69999987
2025-08-01 10:00:00 AM,3882.8,13,50476.4,272882730.09999985
2025-08-01 10:00:03 AM,3882.1,0,0.0,272882730.09999985
2025-08-01 10:00:03 AM,3882.1,31,120345.09999999999,273003075.19999987
2025-08-01 10:00:06 AM,3881.8,61,236789.80000000002,273239864.9999999
2025-08-01 10:00:09 AM,3882.1,0,0.0,273239864.9999999
2025-08-01 10:00:09 AM,3882.1,2,7764.2,273247629.19999987
2025-08-01 10:00:13 AM,3882.1,73,283393.3,273531022.4999999
2025-08-01 10:00:26 AM,3882.1,24,93170.4,273624192.89999986
2025-08-01 10:00:27 AM,3880.0,0,0.0,273624192.89999986
2025-08-01 10:00:29 AM,3880.0,31,120280.0,273744472.89999986
2025-08-01 10:00:54 AM,3881.5,10,38815.0,273783287.89999986
2025-08-01 10:01:03 AM,3880.0,5,19400.0,273802687.89999986
2025-08-01 10:01:07 AM,3880.0,20,77600.0,273880287.89999986
2025-08-01 10:01:10 AM,3880.0,6,23280.0,273903567.89999986
2025-08-01 10:01:13 AM,3881.3,3,11643.900000000001,273915211.79999983
2025-08-01 10:01:43 AM,3880.1,0,0.0,273915211.79999983
2025-08-01 10:01:44 AM,3880.1,1,3880.1,273919091.89999986
2025-08-01 10:01:58 AM,3882.0,3,11646.0,273930737.89999986
2025-08-01 10:02:00 AM,3880.6,0,0.0,273930737.89999986
2025-08-01 10:02:03 AM,3880.6,10,38806.0,273969543.89999986
2025-08-01 10:02:09 AM,3881.2,0,0.0,273969543.89999986
2025-08-01 10:02:09 AM,3881.2,15,58218.0,274027761.89999986
2025-08-01 10:02:28 AM,3881.2,2,7762.4,274035524.29999983
2025-08-01 10:02:30 AM,3879.5,139,539250.5,274574774.79999983
2025-08-01 10:02:42 AM,3880.0,5,19400.0,274594174.79999983
2025-08-01 10:02:54 AM,3883.0,0,0.0,274594174.79999983
2025-08-01 10:02:54 AM,3883.0,27,104841.0,274699015.79999983
2025-08-01 10:02:58 AM,3884.0,0,0.0,274699015.79999983
2025-08-01 10:03:00 AM,3884.1,339,1316709.9,276015725.6999998
2025-08-01 10:03:46 AM,3882.8,0,0.0,276015725.6999998
2025-08-01 10:03:47 AM,3882.8,5,19414.0,276035139.6999998
2025-08-01 10:03:53 AM,3883.9,3,11651.7,276046791.3999998
2025-08-01 10:03:57 AM,3883.6,1,3883.6,276050674.9999998
2025-08-01 10:04:05 AM,3883.6,1,3883.6,276054558.59999985
2025-08-01 10:04:14 AM,3880.1,0,0.0,276054558.59999985
2025-08-01 10:04:15 AM,3880.3,6,23281.800000000003,276077840.39999986
2025-08-01 10:04:22 AM,3880.0,0,0.0,276077840.39999986
2025-08-01 10:04:22 AM,3880.0,5,19400.0,276097240.39999986
2025-08-01 10:04:34 AM,3883.5,0,0.0,276097240.39999986
2025-08-01 10:04:35 AM,3883.5,10,38835.0,276136075.39999986
2025-08-01 10:04:43 AM,3884.1,8,31072.8,276167148.19999987
2025-08-01 10:04:49 AM,3884.1,17,66029.7,276233177.89999986
2025-08-01 10:04:52 AM,3885.0,0,0.0,276233177.89999986
2025-08-01 10:04:53 AM,3885.0,1,3885.0,276237062.89999986
2025-08-01 10:04:55 AM,3882.1,5,19410.5,276256473.39999986
2025-08-01 10:05:12 AM,3885.0,0,0.0,276256473.39999986
2025-08-01 10:05:12 AM,3885.0,2,7770.0,276264243.39999986
2025-08-01 10:05:18 AM,3882.1,101,392092.1,276656335.4999999
2025-08-01 10:05:23 AM,3879.0,0,0.0,276656335.4999999
2025-08-01 10:05:24 AM,3879.0,100,387900.0,277044235.4999999
2025-08-01 10:05:30 AM,3879.0,20,77580.0,277121815.4999999
2025-08-01 10:05:36 AM,3879.0,1,3879.0,277125694.4999999
2025-08-01 10:05:56 AM,3877.0,50,193850.0,277319544.4999999
2025-08-01 10:06:00 AM,3877.0,6,23262.0,277342806.4999999
2025-08-01 10:06:06 AM,3878.8,1,3878.8,277346685.2999999
2025-08-01 10:06:14 AM,3877.0,0,0.0,277346685.2999999
2025-08-01 10:06:14 AM,3877.0,5,19385.0,277366070.2999999
2025-08-01 10:06:24 AM,3877.0,10,38770.0,277404840.2999999
2025-08-01 10:06:30 AM,3875.0,0,0.0,277404840.2999999
2025-08-01 10:06:30 AM,3875.0,81,313875.0,277718715.2999999
2025-08-01 10:06:36 AM,3878.9,100,387890.0,278106605.2999999
2025-08-01 10:06:44 AM,3875.1,50,193755.0,278300360.2999999
2025-08-01 10:06:54 AM,3875.0,12,46500.0,278346860.2999999
2025-08-01 10:07:06 AM,3877.2,0,0.0,278346860.2999999
2025-08-01 10:07:06 AM,3877.2,1,3877.2,278350737.4999999
2025-08-01 10:07:25 AM,3877.2,220,852984.0,279203721.4999999
2025-08-01 10:07:32 AM,3878.2,6,23269.199999999997,279226990.69999987
2025-08-01 10:07:37 AM,3881.9,5,19409.5,279246400.19999987
2025-08-01 10:07:48 AM,3878.5,0,0.0,279246400.19999987
2025-08-01 10:07:50 AM,3878.5,10,38785.0,279285185.19999987
2025-08-01 10:07:58 AM,3881.9,0,0.0,279285185.19999987
2025-08-01 10:07:58 AM,3881.9,5,19409.5,279304594.69999987
2025-08-01 10:08:15 AM,3882.4,16,62118.4,279366713.09999985
2025-08-01 10:08:27 AM,3881.9,7,27173.3,279393886.39999986
2025-08-01 10:08:32 AM,3882.1,0,0.0,279393886.39999986
2025-08-01 10:08:33 AM,3882.1,5,19410.5,279413296.89999986
2025-08-01 10:08:37 AM,3882.0,0,0.0,279413296.89999986
2025-08-01 10:08:38 AM,3885.0,0,0.0,279413296.89999986
2025-08-01 10:08:39 AM,3885.0,71,275835.0,279689131.89999986
2025-08-01 10:08:50 AM,3885.5,0,0.0,279689131.89999986
2025-08-01 10:08:51 AM,3885.5,3,11656.5,279700788.39999986
2025-08-01 10:09:08 AM,3888.2,0,0.0,279700788.39999986
2025-08-01 10:09:09 AM,3888.2,25,97205.0,279797993.39999986
2025-08-01 10:09:12 AM,3889.0,0,0.0,279797993.39999986
2025-08-01 10:09:15 AM,3889.0,5,19445.0,279817438.39999986
2025-08-01 10:09:26 AM,3885.6,0,0.0,279817438.39999986
2025-08-01 10:09:26 AM,3885.6,2,7771.2,279825209.59999985
2025-08-01 10:09:44 AM,3886.0,0,0.0,279825209.59999985
2025-08-01 10:09:44 AM,3886.0,1,3886.0,279829095.59999985
2025-08-01 10:09:51 AM,3889.5,0,0.0,279829095.59999985
2025-08-01 10:09:51 AM,3889.5,12,46674.0,279875769.59999985
2025-08-01 10:10:02 AM,3886.5,0,0.0,279875769.59999985
2025-08-01 10:10:02 AM,3886.5,15,58297.5,279934067.09999985
2025-08-01 10:10:06 AM,3891.2,0,0.0,279934067.09999985
2025-08-01 10:10:06 AM,3891.2,119,463052.8,280397119.89999986
2025-08-01 10:10:07 AM,3891.8,0,0.0,280397119.89999986
2025-08-01 10:10:08 AM,3891.7,0,0.0,280397119.89999986
2025-08-01 10:10:08 AM,3891.7,36,140101.19999999998,280537221.09999985
2025-08-01 10:10:14 AM,3891.8,5,19459.0,280556680.09999985
2025-08-01 10:10:18 AM,3891.8,169,657714.2000000001,281214394.29999983
2025-08-01 10:10:19 AM,3895.0,0,0.0,281214394.29999983
2025-08-01 10:10:20 AM,3895.0,38,148010.0,281362404.29999983
2025-08-01 10:10:24 AM,3895.0,72,280440.0,281642844.29999983
2025-08-01 10:10:26 AM,3898.2,5,19491.0,281662335.29999983
2025-08-01 10:10:30 AM,3898.7,10,38987.0,281701322.29999983
2025-08-01 10:10:32 AM,3899.5,0,0.0,281701322.29999983
2025-08-01 10:10:32 AM,3899.5,111,432844.5,282134166.79999983
2025-08-01 10:10:36 AM,3900.0,914,3564600.0,285698766.79999983
2025-08-01 10:10:38 AM,3897.0,110,428670.0,286127436.79999983
2025-08-01 10:10:41 AM,3898.7,0,0.0,286127436.79999983
2025-08-01 10:10:42 AM,3898.7,111,432755.69999999995,286560192.4999998
2025-08-01 10:10:47 AM,3900.0,0,0.0,286560192.4999998
2025-08-01 10:10:48 AM,3900.0,289,1127100.0,287687292.4999998
2025-08-01 10:10:50 AM,3898.8,0,0.0,287687292.4999998
2025-08-01 10:10:50 AM,3898.8,34,132559.2,287819851.6999998
2025-08-01 10:10:53 AM,3900.0,0,0.0,287819851.6999998
2025-08-01 10:10:54 AM,3900.0,50,195000.0,288014851.6999998
2025-08-01 10:10:58 AM,3899.7,0,0.0,288014851.6999998
2025-08-01 10:11:00 AM,3899.8,0,0.0,288014851.6999998
2025-08-01 10:11:00 AM,3899.8,55,214489.0,288229340.6999998
2025-08-01 10:11:05 AM,3900.0,0,0.0,288229340.6999998
2025-08-01 10:11:06 AM,3899.8,94,366581.2,288595921.8999998
2025-08-01 10:11:07 AM,3892.1,483,1879884.3,290475806.1999998
2025-08-01 10:11:11 AM,3892.8,0,0.0,290475806.1999998
2025-08-01 10:11:12 AM,3891.7,15,58375.5,290534181.6999998
2025-08-01 10:11:13 AM,3893.2,60,233592.0,290767773.6999998
2025-08-01 10:11:18 AM,3889.0,50,194450.0,290962223.6999998
2025-08-01 10:11:19 AM,3892.0,95,369740.0,291331963.6999998
2025-08-01 10:11:23 AM,3890.0,57,221730.0,291553693.6999998
2025-08-01 10:11:25 AM,3892.9,22,85643.8,291639337.4999998
2025-08-01 10:11:29 AM,3894.9,0,0.0,291639337.4999998
2025-08-01 10:11:29 AM,3894.9,25,97372.5,291736709.9999998
2025-08-01 10:11:30 AM,3894.9,7,27264.3,291763974.29999983
2025-08-01 10:11:35 AM,3895.0,0,0.0,291763974.29999983
2025-08-01 10:11:35 AM,3895.0,9,35055.0,291799029.29999983
2025-08-01 10:11:36 AM,3897.5,5,19487.5,291818516.79999983
2025-08-01 10:11:38 AM,3893.9,0,0.0,291818516.79999983
2025-08-01 10:11:41 AM,3897.5,0,0.0,291818516.79999983
2025-08-01 10:11:41 AM,3897.5,13,50667.5,291869184.29999983
2025-08-01 10:11:42 AM,3892.2,100,389220.0,292258404.29999983
2025-08-01 10:11:44 AM,3894.8,0,0.0,292258404.29999983
2025-08-01 10:11:45 AM,3895.0,0,0.0,292258404.29999983
2025-08-01 10:11:47 AM,3895.0,33,128535.0,292386939.29999983
2025-08-01 10:11:50 AM,3897.0,0,0.0,292386939.29999983
2025-08-01 10:11:52 AM,3896.9,25,97422.5,292484361.79999983
2025-08-01 10:11:53 AM,3897.0,0,0.0,292484361.79999983
2025-08-01 10:11:54 AM,3897.0,2,7794.0,292492155.79999983
2025-08-01 10:11:58 AM,3897.9,111,432666.9,292924822.6999998
2025-08-01 10:12:00 AM,3897.0,1,3897.0,292928719.6999998
2025-08-01 10:12:03 AM,3899.6,0,0.0,292928719.6999998
2025-08-01 10:12:04 AM,3899.6,7,27297.2,292956016.8999998
2025-08-01 10:12:05 AM,3899.7,15,58495.5,293014512.3999998
2025-08-01 10:12:08 AM,3897.9,0,0.0,293014512.3999998
2025-08-01 10:12:10 AM,3897.9,10,38979.0,293053491.3999998
2025-08-01 10:12:11 AM,3895.1,0,0.0,293053491.3999998
2025-08-01 10:12:11 AM,3897.0,31,120807.0,293174298.3999998
2025-08-01 10:12:16 AM,3896.6,25,97415.0,293271713.3999998
2025-08-01 10:12:20 AM,3897.8,0,0.0,293271713.3999998
2025-08-01 10:12:22 AM,3897.9,62,241669.80000000002,293513383.1999998
2025-08-01 10:12:28 AM,3898.0,28,109144.0,293622527.1999998
2025-08-01 10:12:28 AM,3899.8,65,253487.0,293876014.1999998
2025-08-01 10:12:33 AM,3897.1,50,194855.0,294070869.1999998
2025-08-01 10:12:36 AM,3898.1,0,0.0,294070869.1999998
2025-08-01 10:12:38 AM,3897.0,0,0.0,294070869.1999998
2025-08-01 10:12:39 AM,3899.0,0,0.0,294070869.1999998
2025-08-01 10:12:39 AM,3899.0,48,187152.0,294258021.1999998
2025-08-01 10:12:48 AM,3893.9,0,0.0,294258021.1999998
2025-08-01 10:12:50 AM,3893.7,0,0.0,294258021.1999998
2025-08-01 10:12:51 AM,3893.7,64,249196.8,294507217.9999998
2025-08-01 10:12:51 AM,3893.7,2,7787.4,294515005.3999998
2025-08-01 10:12:56 AM,3890.0,0,0.0,294515005.3999998
2025-08-01 10:12:56 AM,3892.4,26,101202.40000000001,294616207.7999998
2025-08-01 10:13:08 AM,3891.8,1,3891.8,294620099.5999998
2025-08-01 10:13:09 AM,3890.0,0,0.0,294620099.5999998
2025-08-01 10:13:11 AM,3891.9,0,0.0,294620099.5999998
2025-08-01 10:13:14 AM,3893.1,0,0.0,294620099.5999998
2025-08-01 10:13:14 AM,3893.1,73,284196.3,294904295.8999998
2025-08-01 10:13:24 AM,3892.4,0,0.0,294904295.8999998
2025-08-01 10:13:26 AM,3892.4,35,136234.0,295040529.8999998
2025-08-01 10:13:32 AM,3894.0,0,0.0,295040529.8999998
2025-08-01 10:13:32 AM,3894.0,200,778800.0,295819329.8999998
2025-08-01 10:13:48 AM,3891.0,0,0.0,295819329.8999998
2025-08-01 10:13:50 AM,3891.0,31,120621.0,295939950.8999998
2025-08-01 10:13:50 AM,3892.3,5,19461.5,295959412.3999998
2025-08-01 10:13:59 AM,3890.0,0,0.0,295959412.3999998
2025-08-01 10:14:01 AM,3894.0,102,397188.0,296356600.3999998
2025-08-01 10:14:11 AM,3892.7,0,0.0,296356600.3999998
2025-08-01 10:14:13 AM,3892.7,5,19463.5,296376063.8999998
2025-08-01 10:14:19 AM,3892.9,3,11678.7,296387742.5999998
2025-08-01 10:14:23 AM,3888.5,0,0.0,296387742.5999998
2025-08-01 10:14:24 AM,3888.5,31,120543.5,296508286.0999998
2025-08-01 10:14:30 AM,3886.7,3,11660.099999999999,296519946.1999998
2025-08-01 10:14:31 AM,3883.7,37,143696.9,296663643.0999998
2025-08-01 10:14:41 AM,3882.6,0,0.0,296663643.0999998
2025-08-01 10:14:42 AM,3882.6,33,128125.8,296791768.8999998
2025-08-01 10:14:47 AM,3884.0,50,194200.0,296985968.8999998
2025-08-01 10:14:51 AM,3885.6,0,0.0,296985968.8999998
2025-08-01 10:14:53 AM,3885.6,33,128224.8,297114193.6999998
2025-08-01 10:14:59 AM,3890.1,0,0.0,297114193.6999998
2025-08-01 10:14:59 AM,3890.8,0,0.0,297114193.6999998
2025-08-01 10:14:59 AM,3890.8,4,15563.2,297129756.8999998
2025-08-01 10:15:06 AM,3887.3,50,194365.0,297324121.8999998
2025-08-01 10:15:10 AM,3891.7,10,38917.0,297363038.8999998
2025-08-01 10:15:13 AM,3891.6,0,0.0,297363038.8999998
2025-08-01 10:15:16 AM,3891.6,4,15566.4,297378605.2999998
2025-08-01 10:15:19 AM,3891.8,0,0.0,297378605.2999998
2025-08-01 10:15:23 AM,3891.8,10,38918.0,297417523.2999998
2025-08-01 10:15:25 AM,3887.0,0,0.0,297417523.2999998
2025-08-01 10:15:29 AM,3887.0,62,240994.0,297658517.2999998
2025-08-01 10:15:34 AM,3888.5,0,0.0,297658517.2999998
2025-08-01 10:15:35 AM,3888.5,8,31108.0,297689625.2999998
2025-08-01 10:15:35 AM,3888.4,10,38884.0,297728509.2999998
2025-08-01 10:15:44 AM,3890.9,0,0.0,297728509.2999998
2025-08-01 10:15:46 AM,3887.0,0,0.0,297728509.2999998
2025-08-01 10:15:47 AM,3887.0,51,198237.0,297926746.2999998
2025-08-01 10:15:53 AM,3890.6,1,3890.6,297930636.8999998
2025-08-01 10:15:59 AM,3888.5,23,89435.5,298020072.3999998
2025-08-01 10:16:02 AM,3887.4,0,0.0,298020072.3999998
2025-08-01 10:16:04 AM,3887.4,1,3887.4,298023959.7999998
2025-08-01 10:16:23 AM,3887.0,0,0.0,298023959.7999998
2025-08-01 10:16:28 AM,3887.0,6,23322.0,298047281.7999998
2025-08-01 10:16:31 AM,3888.2,0,0.0,298047281.7999998
2025-08-01 10:16:34 AM,3885.2,16,62163.2,298109444.99999976
2025-08-01 10:16:47 AM,3886.9,0,0.0,298109444.99999976
2025-08-01 10:16:50 AM,3886.9,2,7773.8,298117218.7999998
2025-08-01 10:16:53 AM,3885.2,0,0.0,298117218.7999998
2025-08-01 10:16:55 AM,3888.3,0,0.0,298117218.7999998
2025-08-01 10:16:56 AM,3885.3,0,0.0,298117218.7999998
2025-08-01 10:16:56 AM,3885.3,53,205920.90000000002,298323139.69999975
2025-08-01 10:16:56 AM,3885.0,1,3885.0,298327024.69999975
2025-08-01 10:17:07 AM,3885.1,2,7770.2,298334794.89999974
2025-08-01 10:17:08 AM,3883.7,0,0.0,298334794.89999974
2025-08-01 10:17:11 AM,3887.6,0,0.0,298334794.89999974
2025-08-01 10:17:13 AM,3886.0,152,590672.0,298925466.89999974
2025-08-01 10:17:15 AM,3888.5,0,0.0,298925466.89999974
2025-08-01 10:17:17 AM,3885.7,0,0.0,298925466.89999974
2025-08-01 10:17:19 AM,3885.7,11,42742.7,298968209.5999997
2025-08-01 10:17:22 AM,3888.2,0,0.0,298968209.5999997
2025-08-01 10:17:24 AM,3888.2,1,3888.2,298972097.7999997
2025-08-01 10:17:28 AM,3885.8,0,0.0,298972097.7999997
2025-08-01 10:17:30 AM,3885.8,5,19429.0,298991526.7999997
2025-08-01 10:17:37 AM,3884.9,0,0.0,298991526.7999997
2025-08-01 10:17:42 AM,3884.9,4,15539.6,299007066.39999974
2025-08-01 10:17:53 AM,3883.7,0,0.0,299007066.39999974
2025-08-01 10:17:53 AM,3883.7,50,194185.0,299201251.39999974
2025-08-01 10:18:05 AM,3883.7,12,46604.399999999994,299247855.7999997
2025-08-01 10:18:10 AM,3883.1,0,0.0,299247855.7999997
2025-08-01 10:18:11 AM,3886.7,0,0.0,299247855.7999997
2025-08-01 10:18:11 AM,3886.7,100,388670.0,299636525.7999997
2025-08-01 10:18:16 AM,3884.6,0,0.0,299636525.7999997
2025-08-01 10:18:17 AM,3884.6,3,11653.8,299648179.5999997
2025-08-01 10:18:34 AM,3884.0,0,0.0,299648179.5999997
2025-08-01 10:18:34 AM,3884.0,82,318488.0,299966667.5999997
2025-08-01 10:18:37 AM,3884.6,0,0.0,299966667.5999997
2025-08-01 10:18:40 AM,3884.6,8,31076.8,299997744.39999974
2025-08-01 10:18:43 AM,3887.4,0,0.0,299997744.39999974
2025-08-01 10:18:46 AM,3887.4,38,147721.2,300145465.5999997
2025-08-01 10:18:58 AM,3885.5,0,0.0,300145465.5999997
2025-08-01 10:19:03 AM,3885.5,10,38855.0,300184320.5999997
2025-08-01 10:19:18 AM,3885.8,0,0.0,300184320.5999997
2025-08-01 10:19:20 AM,3885.8,1,3885.8,300188206.39999974
2025-08-01 10:19:24 AM,3885.5,0,0.0,300188206.39999974
2025-08-01 10:19:26 AM,3885.5,17,66053.5,300254259.89999974
2025-08-01 10:19:32 AM,3885.5,35,135992.5,300390252.39999974
2025-08-01 10:19:37 AM,3885.5,4,15542.0,300405794.39999974
2025-08-01 10:19:38 AM,3882.3,50,194115.0,300599909.39999974
2025-08-01 10:19:43 AM,3896.4,558,2174191.2,302774100.5999997
2025-08-01 10:19:45 AM,3896.0,0,0.0,302774100.5999997
2025-08-01 10:19:49 AM,3896.0,3,11688.0,302785788.5999997
2025-08-01 10:19:54 AM,3896.0,1,3896.0,302789684.5999997
2025-08-01 10:20:06 AM,3894.9,0,0.0,302789684.5999997
2025-08-01 10:20:06 AM,3894.9,50,194745.0,302984429.5999997
2025-08-01 10:20:15 AM,3893.3,0,0.0,302984429.5999997
2025-08-01 10:20:16 AM,3893.3,30,116799.0,303101228.5999997
2025-08-01 10:20:24 AM,3893.3,7,27253.100000000002,303128481.69999975
2025-08-01 10:20:28 AM,3893.4,0,0.0,303128481.69999975
2025-08-01 10:20:28 AM,3893.4,3,11680.2,303140161.89999974
2025-08-01 10:20:30 AM,3897.0,88,342936.0,303483097.89999974
2025-08-01 10:20:32 AM,3898.0,0,0.0,303483097.89999974
2025-08-01 10:20:34 AM,3898.0,2,7796.0,303490893.89999974
2025-08-01 10:20:51 AM,3900.0,0,0.0,303490893.89999974
2025-08-01 10:20:52 AM,3900.0,244,951600.0,304442493.89999974
2025-08-01 10:20:54 AM,3896.8,10,38968.0,304481461.89999974
2025-08-01 10:21:07 AM,3900.0,0,0.0,304481461.89999974
2025-08-01 10:21:09 AM,3900.0,1768,6895200.0,311376661.89999974
2025-08-01 10:21:11 AM,3884.5,0,0.0,311376661.89999974
2025-08-01 10:21:11 AM,3884.5,1144,4443868.0,315820529.89999974
2025-08-01 10:21:15 AM,3886.4,51,198206.4,316018736.2999997
2025-08-01 10:21:16 AM,3882.3,1,3882.3,316022618.5999997
2025-08-01 10:21:33 AM,3886.0,1,3886.0,316026504.5999997
2025-08-01 10:21:35 AM,3889.7,0,0.0,316026504.5999997
2025-08-01 10:21:36 AM,3890.7,108,420195.6,316446700.19999975
2025-08-01 10:22:05 AM,3895.2,0,0.0,316446700.19999975
2025-08-01 10:22:05 AM,3895.2,50,194760.0,316641460.19999975
2025-08-01 10:22:30 AM,3893.4,10,38934.0,316680394.19999975
2025-08-01 10:22:32 AM,3893.3,0,0.0,316680394.19999975
2025-08-01 10:22:34 AM,3894.5,22,85679.0,316766073.19999975
2025-08-01 10:22:45 AM,3893.1,10,38931.0,316805004.19999975
2025-08-01 10:22:55 AM,3890.0,1,3890.0,316808894.19999975
2025-08-01 10:22:58 AM,3890.0,24,93360.0,316902254.19999975
2025-08-01 10:22:59 AM,3892.8,0,0.0,316902254.19999975
2025-08-01 10:23:01 AM,3892.8,22,85641.6,316987895.7999998
2025-08-01 10:23:03 AM,3895.0,0,0.0,316987895.7999998
2025-08-01 10:23:04 AM,3895.1,194,755649.4,317743545.19999975
2025-08-01 10:23:27 AM,3894.4,45,175248.0,317918793.19999975
2025-08-01 10:23:46 AM,3895.1,37,144118.69999999998,318062911.89999974
2025-08-01 10:23:56 AM,3899.0,0,0.0,318062911.89999974
2025-08-01 10:23:57 AM,3899.0,99,386001.0,318448912.89999974
2025-08-01 10:24:05 AM,3895.4,0,0.0,318448912.89999974
2025-08-01 10:24:06 AM,3895.4,50,194770.0,318643682.89999974
2025-08-01 10:24:50 AM,3900.0,0,0.0,318643682.89999974
2025-08-01 10:24:50 AM,3900.0,268,1045200.0,319688882.89999974
2025-08-01 10:24:56 AM,3898.8,82,319701.60000000003,320008584.49999976
2025-08-01 10:25:03 AM,3899.4,0,0.0,320008584.49999976
2025-08-01 10:25:04 AM,3899.4,5,19497.0,320028081.49999976
2025-08-01 10:25:06 AM,3899.3,0,0.0,320028081.49999976
2025-08-01 10:25:07 AM,3895.1,11,42846.1,320070927.5999998
2025-08-01 10:25:12 AM,3900.0,0,0.0,320070927.5999998
2025-08-01 10:25:13 AM,3900.0,43,167700.0,320238627.5999998
2025-08-01 10:25:14 AM,3895.9,0,0.0,320238627.5999998
2025-08-01 10:25:16 AM,3895.9,3,11687.7,320250315.2999998
2025-08-01 10:25:25 AM,3895.1,2,7790.2,320258105.49999976
2025-08-01 10:25:34 AM,3897.9,0,0.0,320258105.49999976
2025-08-01 10:25:35 AM,3898.8,0,0.0,320258105.49999976
2025-08-01 10:25:36 AM,3898.8,113,440564.4,320698669.89999974
2025-08-01 10:25:41 AM,3898.2,0,0.0,320698669.89999974
2025-08-01 10:25:41 AM,3898.2,1,3898.2,320702568.0999997
2025-08-01 10:25:42 AM,3898.5,0,0.0,320702568.0999997
2025-08-01 10:25:44 AM,3898.5,30,116955.0,320819523.0999997
2025-08-01 10:25:54 AM,3895.3,0,0.0,320819523.0999997
2025-08-01 10:25:55 AM,3895.3,24,93487.20000000001,320913010.2999997
2025-08-01 10:26:17 AM,3895.3,3,11685.900000000001,320924696.1999997
2025-08-01 10:26:23 AM,3900.0,0,0.0,320924696.1999997
2025-08-01 10:26:26 AM,3900.0,3210,12519000.0,333443696.1999997
2025-08-01 10:26:32 AM,3900.0,380,1482000.0,334925696.1999997
2025-08-01 10:26:46 AM,3900.0,5,19500.0,334945196.1999997
2025-08-01 10:27:17 AM,3900.0,2,7800.0,334952996.1999997
2025-08-01 10:27:42 AM,3900.0,20,78000.0,335030996.1999997
2025-08-01 10:27:47 AM,3900.0,90,351000.0,335381996.1999997
2025-08-01 10:27:53 AM,3900.0,47,183300.0,335565296.1999997
2025-08-01 10:27:56 AM,3897.5,0,0.0,335565296.1999997
2025-08-01 10:27:57 AM,3900.0,0,0.0,335565296.1999997
2025-08-01 10:27:58 AM,3900.0,55,214500.0,335779796.1999997
2025-08-01 10:28:20 AM,3897.0,35,136395.0,335916191.1999997
2025-08-01 10:28:36 AM,3897.0,1,3897.0,335920088.1999997
2025-08-01 10:28:54 AM,3895.7,0,0.0,335920088.1999997
2025-08-01 10:28:56 AM,3895.9,13,50646.700000000004,335970734.8999997
2025-08-01 10:29:02 AM,3895.9,13,50646.700000000004,336021381.59999967
2025-08-01 10:29:34 AM,3896.1,0,0.0,336021381.59999967
2025-08-01 10:29:35 AM,3896.1,1,3896.1,336025277.6999997
2025-08-01 10:29:44 AM,3895.0,0,0.0,336025277.6999997
2025-08-01 10:29:46 AM,3895.0,10,38950.0,336064227.6999997
2025-08-01 10:29:48 AM,3895.0,1,3895.0,336068122.6999997
2025-08-01 10:29:57 AM,3895.0,1,3895.0,336072017.6999997
2025-08-01 10:30:00 AM,3895.0,113,440135.0,336512152.6999997
2025-08-01 10:30:13 AM,3895.6,0,0.0,336512152.6999997
2025-08-01 10:30:14 AM,3895.6,1,3895.6,336516048.2999997
2025-08-01 10:30:23 AM,3895.7,4,15582.8,336531631.0999997
2025-08-01 10:30:57 AM,3895.3,4,15581.2,336547212.2999997
2025-08-01 10:31:08 AM,3895.7,0,0.0,336547212.2999997
2025-08-01 10:31:09 AM,3895.7,3,11687.099999999999,336558899.39999974
2025-08-01 10:31:12 AM,3895.7,10,38957.0,336597856.39999974
2025-08-01 10:31:19 AM,3897.2,0,0.0,336597856.39999974
2025-08-01 10:31:20 AM,3897.2,14,54560.799999999996,336652417.19999975
2025-08-01 10:31:31 AM,3897.2,9,35074.799999999996,336687491.99999976
2025-08-01 10:31:51 AM,3898.2,0,0.0,336687491.99999976
2025-08-01 10:31:51 AM,3898.2,30,116946.0,336804437.99999976
2025-08-01 10:32:20 AM,3905.0,0,0.0,336804437.99999976
2025-08-01 10:32:20 AM,3908.0,3148,12302384.0,349106821.99999976
2025-08-01 10:32:27 AM,3906.2,0,0.0,349106821.99999976
2025-08-01 10:32:27 AM,3906.2,3,11718.599999999999,349118540.5999998
2025-08-01 10:32:33 AM,3906.0,0,0.0,349118540.5999998
2025-08-01 10:32:33 AM,3906.0,5,19530.0,349138070.5999998
2025-08-01 10:32:40 AM,3905.1,5,19525.5,349157596.0999998
2025-08-01 10:32:43 AM,3905.0,1,3905.0,349161501.0999998
2025-08-01 10:32:48 AM,3904.6,2,7809.2,349169310.2999998
2025-08-01 10:33:05 AM,3906.0,1,3906.0,349173216.2999998
2025-08-01 10:33:08 AM,3906.0,2,7812.0,349181028.2999998
2025-08-01 10:33:16 AM,3902.5,115,448787.5,349629815.7999998
2025-08-01 10:33:22 AM,3903.2,10,39032.0,349668847.7999998
2025-08-01 10:33:24 AM,3901.8,20,78036.0,349746883.7999998
2025-08-01 10:33:30 AM,3905.1,1,3905.1,349750788.8999998
2025-08-01 10:34:00 AM,3904.3,0,0.0,349750788.8999998
2025-08-01 10:34:01 AM,3904.3,10,39043.0,349789831.8999998
2025-08-01 10:35:28 AM,3905.0,118,460790.0,350250621.8999998
2025-08-01 10:35:32 AM,3903.9,3,11711.7,350262333.5999998
2025-08-01 10:35:46 AM,3903.9,17,66366.3,350328699.8999998
2025-08-01 10:35:53 AM,3905.1,0,0.0,350328699.8999998
2025-08-01 10:35:54 AM,3905.1,13,50766.299999999996,350379466.1999998
2025-08-01 10:36:13 AM,3906.0,0,0.0,350379466.1999998
2025-08-01 10:36:14 AM,3906.0,35,136710.0,350516176.1999998
2025-08-01 10:36:16 AM,3905.2,2,7810.4,350523986.5999998
2025-08-01 10:36:19 AM,3906.0,0,0.0,350523986.5999998
2025-08-01 10:36:19 AM,3906.0,3,11718.0,350535704.5999998
2025-08-01 10:36:22 AM,3905.1,80,312408.0,350848112.5999998
2025-08-01 10:36:23 AM,3906.1,0,0.0,350848112.5999998
2025-08-01 10:36:25 AM,3906.1,4,15624.4,350863736.99999976
2025-08-01 10:36:35 AM,3906.0,5,19530.0,350883266.99999976
2025-08-01 10:36:43 AM,3906.1,0,0.0,350883266.99999976
2025-08-01 10:36:44 AM,3906.1,2,7812.2,350891079.19999975
2025-08-01 10:36:45 AM,3908.0,0,0.0,350891079.19999975
2025-08-01 10:36:47 AM,3908.0,93,363444.0,351254523.19999975
2025-08-01 10:36:52 AM,3908.0,4,15632.0,351270155.19999975
2025-08-01 10:37:00 AM,3906.3,0,0.0,351270155.19999975
2025-08-01 10:37:01 AM,3906.3,46,179689.80000000002,351449844.99999976
2025-08-01 10:37:04 AM,3910.0,0,0.0,351449844.99999976
2025-08-01 10:37:06 AM,3910.0,205,801550.0,352251394.99999976
2025-08-01 10:37:08 AM,3912.0,8,31296.0,352282690.99999976
2025-08-01 10:37:09 AM,3913.2,0,0.0,352282690.99999976
2025-08-01 10:37:12 AM,3913.2,214,837424.7999999999,353120115.7999998
2025-08-01 10:37:13 AM,3915.4,0,0.0,353120115.7999998
2025-08-01 10:37:14 AM,3915.4,77,301485.8,353421601.5999998
2025-08-01 10:37:17 AM,3916.6,3,11749.8,353433351.3999998
2025-08-01 10:37:19 AM,3917.2,0,0.0,353433351.3999998
2025-08-01 10:37:19 AM,3917.2,16,62675.2,353496026.5999998
2025-08-01 10:37:22 AM,3918.7,0,0.0,353496026.5999998
2025-08-01 10:37:23 AM,3919.0,78,305682.0,353801708.5999998
2025-08-01 10:37:25 AM,3919.0,8,31352.0,353833060.5999998
2025-08-01 10:37:30 AM,3917.0,0,0.0,353833060.5999998
2025-08-01 10:37:31 AM,3917.0,14,54838.0,353887898.5999998
2025-08-01 10:37:33 AM,3920.8,0,0.0,353887898.5999998
2025-08-01 10:37:34 AM,3919.8,192,752601.6000000001,354640500.1999998
2025-08-01 10:37:36 AM,3925.0,0,0.0,354640500.1999998
2025-08-01 10:37:36 AM,3925.0,179,702575.0,355343075.1999998
2025-08-01 10:37:39 AM,3915.1,0,0.0,355343075.1999998
2025-08-01 10:37:39 AM,3915.1,1179,4615902.899999999,359958978.0999998
2025-08-01 10:37:45 AM,3913.8,0,0.0,359958978.0999998
2025-08-01 10:37:45 AM,3913.8,25,97845.0,360056823.0999998
2025-08-01 10:37:46 AM,3913.9,0,0.0,360056823.0999998
2025-08-01 10:37:48 AM,3913.9,4,15655.6,360072478.6999998
2025-08-01 10:38:04 AM,3910.6,630,2463678.0,362536156.6999998
2025-08-01 10:38:07 AM,3910.0,0,0.0,362536156.6999998
2025-08-01 10:38:08 AM,3906.6,13,50785.799999999996,362586942.4999998
2025-08-01 10:38:10 AM,3906.2,0,0.0,362586942.4999998
2025-08-01 10:38:11 AM,3906.2,3,11718.599999999999,362598661.09999985
2025-08-01 10:38:13 AM,3904.9,0,0.0,362598661.09999985
2025-08-01 10:38:14 AM,3904.9,1016,3967378.4,366566039.4999998
2025-08-01 10:38:17 AM,3907.0,43,168001.0,366734040.4999998
2025-08-01 10:38:20 AM,3907.2,0,0.0,366734040.4999998
2025-08-01 10:38:20 AM,3907.2,30,117216.0,366851256.4999998
2025-08-01 10:38:23 AM,3907.2,6,23443.199999999997,366874699.6999998
2025-08-01 10:38:25 AM,3909.3,0,0.0,366874699.6999998
2025-08-01 10:38:27 AM,3908.6,0,0.0,366874699.6999998
2025-08-01 10:38:27 AM,3908.6,231,902886.6,367777586.29999983
2025-08-01 10:38:29 AM,3908.3,0,0.0,367777586.29999983
2025-08-01 10:38:29 AM,3908.3,9,35174.700000000004,367812760.9999998
2025-08-01 10:38:35 AM,3906.8,22,85949.6,367898710.59999985
2025-08-01 10:38:41 AM,3905.5,0,0.0,367898710.59999985
2025-08-01 10:38:41 AM,3902.5,111,433177.5,368331888.09999985
2025-08-01 10:38:44 AM,3902.5,110,429275.0,368761163.09999985
2025-08-01 10:38:47 AM,3901.0,0,0.0,368761163.09999985
2025-08-01 10:38:47 AM,3901.0,126,491526.0,369252689.09999985
2025-08-01 10:39:05 AM,3900.8,0,0.0,369252689.09999985
2025-08-01 10:39:06 AM,3901.0,0,0.0,369252689.09999985
2025-08-01 10:39:06 AM,3901.0,672,2621472.0,371874161.09999985
2025-08-01 10:39:08 AM,3901.8,0,0.0,371874161.09999985
2025-08-01 10:39:09 AM,3901.8,25,97545.0,371971706.09999985
2025-08-01 10:39:12 AM,3901.3,0,0.0,371971706.09999985
2025-08-01 10:39:12 AM,3901.3,10,39013.0,372010719.09999985
2025-08-01 10:39:17 AM,3903.9,0,0.0,372010719.09999985
2025-08-01 10:39:18 AM,3903.9,2,7807.8,372018526.89999986
2025-08-01 10:39:40 AM,3903.1,1,3903.1,372022429.9999999
2025-08-01 10:40:02 AM,3901.0,70,273070.0,372295499.9999999
2025-08-01 10:40:07 AM,3900.0,192,748800.0,373044299.9999999
2025-08-01 10:40:17 AM,3897.6,0,0.0,373044299.9999999
2025-08-01 10:40:19 AM,3897.6,2,7795.2,373052095.19999987
2025-08-01 10:40:21 AM,3895.1,0,0.0,373052095.19999987
2025-08-01 10:40:22 AM,3895.1,13,50636.299999999996,373102731.4999999
2025-08-01 10:40:27 AM,3895.0,0,0.0,373102731.4999999
2025-08-01 10:40:27 AM,3895.0,26,101270.0,373204001.4999999
2025-08-01 10:40:31 AM,3896.9,0,0.0,373204001.4999999
2025-08-01 10:40:32 AM,3896.9,17,66247.3,373270248.7999999
2025-08-01 10:40:37 AM,3896.0,0,0.0,373270248.7999999
2025-08-01 10:40:38 AM,3896.0,60,233760.0,373504008.7999999
2025-08-01 10:40:55 AM,3896.9,0,0.0,373504008.7999999
2025-08-01 10:40:58 AM,3896.9,5,19484.5,373523493.2999999
2025-08-01 10:41:04 AM,3897.4,0,0.0,373523493.2999999
2025-08-01 10:41:05 AM,3897.5,0,0.0,373523493.2999999
2025-08-01 10:41:05 AM,3897.5,7,27282.5,373550775.7999999
2025-08-01 10:41:06 AM,3896.1,0,0.0,373550775.7999999
2025-08-01 10:41:09 AM,3896.1,20,77922.0,373628697.7999999
2025-08-01 10:41:10 AM,3897.6,0,0.0,373628697.7999999
2025-08-01 10:41:11 AM,3897.6,1,3897.6,373632595.3999999
2025-08-01 10:41:16 AM,3899.1,0,0.0,373632595.3999999
2025-08-01 10:41:17 AM,3899.1,4,15596.4,373648191.7999999
2025-08-01 10:41:27 AM,3897.0,8,31176.0,373679367.7999999
2025-08-01 10:41:28 AM,3898.9,0,0.0,373679367.7999999
2025-08-01 10:41:29 AM,3899.1,0,0.0,373679367.7999999
2025-08-01 10:41:32 AM,3899.1,21,81881.09999999999,373761248.8999999
2025-08-01 10:41:44 AM,3900.0,10,39000.0,373800248.8999999
2025-08-01 10:41:47 AM,3899.1,0,0.0,373800248.8999999
2025-08-01 10:41:48 AM,3897.9,164,639255.6,374439504.49999994
2025-08-01 10:41:49 AM,3893.9,0,0.0,374439504.49999994
2025-08-01 10:41:50 AM,3893.9,83,323193.7,374762698.1999999
2025-08-01 10:41:51 AM,3900.3,0,0.0,374762698.1999999
2025-08-01 10:41:53 AM,3902.6,0,0.0,374762698.1999999
2025-08-01 10:41:53 AM,3902.6,613,2392293.8,377154991.99999994
2025-08-01 10:42:00 AM,3904.5,5,19522.5,377174514.49999994
2025-08-01 10:42:03 AM,3904.9,0,0.0,377174514.49999994
2025-08-01 10:42:04 AM,3904.9,110,429539.0,377604053.49999994
2025-08-01 10:42:06 AM,3902.6,130,507338.0,378111391.49999994
2025-08-01 10:42:11 AM,3904.9,0,0.0,378111391.49999994
2025-08-01 10:42:12 AM,3904.9,9,35144.1,378146535.59999996
2025-08-01 10:42:16 AM,3902.2,25,97555.0,378244090.59999996
2025-08-01 10:42:40 AM,3904.2,2,7808.4,378251898.99999994
2025-08-01 10:42:43 AM,3903.7,8,31229.6,378283128.59999996
2025-08-01 10:42:53 AM,3904.2,0,0.0,378283128.59999996
2025-08-01 10:42:54 AM,3904.2,2,7808.4,378290936.99999994
2025-08-01 10:43:28 AM,3901.8,0,0.0,378290936.99999994
2025-08-01 10:43:29 AM,3900.0,14,54600.0,378345536.99999994
2025-08-01 10:43:34 AM,3901.8,0,0.0,378345536.99999994
2025-08-01 10:43:35 AM,3901.8,3,11705.400000000001,378357242.3999999
2025-08-01 10:43:40 AM,3901.8,2,7803.6,378365045.99999994
2025-08-01 10:43:53 AM,3901.8,107,417492.60000000003,378782538.59999996
2025-08-01 10:44:02 AM,3902.8,0,0.0,378782538.59999996
2025-08-01 10:44:03 AM,3902.8,7,27319.600000000002,378809858.2
2025-08-01 10:44:06 AM,3902.5,0,0.0,378809858.2
2025-08-01 10:44:06 AM,3902.5,21,81952.5,378891810.7
2025-08-01 10:44:16 AM,3900.0,0,0.0,378891810.7
2025-08-01 10:44:17 AM,3900.0,50,195000.0,379086810.7
2025-08-01 10:44:20 AM,3901.9,0,0.0,379086810.7
2025-08-01 10:44:20 AM,3901.9,1,3901.9,379090712.59999996
2025-08-01 10:44:24 AM,3900.0,0,0.0,379090712.59999996
2025-08-01 10:44:25 AM,3900.0,3,11700.0,379102412.59999996
2025-08-01 10:44:28 AM,3900.0,4,15600.0,379118012.59999996
2025-08-01 10:44:39 AM,3899.0,0,0.0,379118012.59999996
2025-08-01 10:44:42 AM,3899.0,77,300223.0,379418235.59999996
2025-08-01 10:44:46 AM,3900.0,0,0.0,379418235.59999996
2025-08-01 10:44:47 AM,3900.0,1,3900.0,379422135.59999996
2025-08-01 10:45:06 AM,3900.0,3,11700.0,379433835.59999996
2025-08-01 10:45:11 AM,3901.6,5,19508.0,379453343.59999996
2025-08-01 10:45:20 AM,3900.0,2,7800.0,379461143.59999996
2025-08-01 10:45:38 AM,3901.4,0,0.0,379461143.59999996
2025-08-01 10:45:39 AM,3901.4,4,15605.6,379476749.2
2025-08-01 10:45:48 AM,3900.0,0,0.0,379476749.2
2025-08-01 10:45:49 AM,3900.0,17,66300.0,379543049.2
2025-08-01 10:45:52 AM,3901.2,0,0.0,379543049.2
2025-08-01 10:45:52 AM,3901.2,1,3901.2,379546950.4
2025-08-01 10:46:05 AM,3901.2,3,11703.599999999999,379558654.0
2025-08-01 10:46:14 AM,3885.8,0,0.0,379558654.0
2025-08-01 10:46:15 AM,3885.8,696,2704516.8000000003,382263170.8
2025-08-01 10:46:25 AM,3882.1,0,0.0,382263170.8
2025-08-01 10:46:26 AM,3882.1,2,7764.2,382270935.0
2025-08-01 10:46:31 AM,3876.5,0,0.0,382270935.0
2025-08-01 10:46:32 AM,3876.5,137,531080.5,382802015.5
2025-08-01 10:46:33 AM,3879.2,11,42671.2,382844686.7
2025-08-01 10:46:39 AM,3876.5,6,23259.0,382867945.7
2025-08-01 10:46:43 AM,3879.4,32,124140.8,382992086.5
2025-08-01 10:46:46 AM,3880.7,0,0.0,382992086.5
2025-08-01 10:46:49 AM,3878.9,18,69820.2,383061906.7
2025-08-01 10:46:50 AM,3878.9,7,27152.3,383089059.0
2025-08-01 10:46:53 AM,3876.8,0,0.0,383089059.0
2025-08-01 10:46:54 AM,3876.8,10,38768.0,383127827.0
2025-08-01 10:47:09 AM,3880.0,0,0.0,383127827.0
2025-08-01 10:47:10 AM,3880.0,10,38800.0,383166627.0
2025-08-01 10:47:21 AM,3878.9,0,0.0,383166627.0
2025-08-01 10:47:21 AM,3878.9,60,232734.0,383399361.0
2025-08-01 10:47:24 AM,3879.7,0,0.0,383399361.0
2025-08-01 10:47:26 AM,3881.4,0,0.0,383399361.0
2025-08-01 10:47:26 AM,3881.4,55,213477.0,383612838.0
2025-08-01 10:47:28 AM,3879.5,5,19397.5,383632235.5
2025-08-01 10:47:36 AM,3872.0,0,0.0,383632235.5
2025-08-01 10:47:37 AM,3872.0,595,2303840.0,385936075.5
2025-08-01 10:47:44 AM,3867.4,0,0.0,385936075.5
2025-08-01 10:47:45 AM,3867.4,277,1071269.8,387007345.3
2025-08-01 10:47:50 AM,3869.9,101,390859.9,387398205.2
2025-08-01 10:47:51 AM,3869.8,0,0.0,387398205.2
2025-08-01 10:47:53 AM,3869.8,50,193490.0,387591695.2
2025-08-01 10:47:56 AM,3866.4,25,96660.0,387688355.2
2025-08-01 10:47:58 AM,3868.0,1,3868.0,387692223.2
2025-08-01 10:48:01 AM,3866.0,21,81186.0,387773409.2
2025-08-01 10:48:09 AM,3869.2,0,0.0,387773409.2
2025-08-01 10:48:09 AM,3869.2,30,116076.0,387889485.2
2025-08-01 10:48:16 AM,3869.0,0,0.0,387889485.2
2025-08-01 10:48:17 AM,3869.0,2,7738.0,387897223.2
2025-08-01 10:48:18 AM,3868.0,0,0.0,387897223.2
2025-08-01 10:48:20 AM,3868.0,10,38680.0,387935903.2
2025-08-01 10:48:21 AM,3869.0,0,0.0,387935903.2
2025-08-01 10:48:22 AM,3868.0,0,0.0,387935903.2
2025-08-01 10:48:22 AM,3868.0,12,46416.0,387982319.2
2025-08-01 10:48:24 AM,3861.3,0,0.0,387982319.2
2025-08-01 10:48:26 AM,3861.3,265,1023244.5,389005563.7
2025-08-01 10:48:29 AM,3862.7,0,0.0,389005563.7
2025-08-01 10:48:30 AM,3861.0,0,0.0,389005563.7
2025-08-01 10:48:31 AM,3861.0,2,7722.0,389013285.7
2025-08-01 10:48:33 AM,3861.0,22,84942.0,389098227.7
2025-08-01 10:48:35 AM,3862.8,0,0.0,389098227.7
2025-08-01 10:48:36 AM,3862.8,2,7725.6,389105953.3
2025-08-01 10:48:39 AM,3862.9,25,96572.5,389202525.8
2025-08-01 10:48:40 AM,3862.0,0,0.0,389202525.8
2025-08-01 10:48:42 AM,3862.0,8,30896.0,389233421.8
2025-08-01 10:48:45 AM,3861.0,0,0.0,389233421.8
2025-08-01 10:48:48 AM,3861.0,2,7722.0,389241143.8
2025-08-01 10:48:59 AM,3861.0,2,7722.0,389248865.8
2025-08-01 10:49:00 AM,3859.3,391,1508986.3,390757852.1
2025-08-01 10:49:05 AM,3859.5,0,0.0,390757852.1
2025-08-01 10:49:06 AM,3859.5,10,38595.0,390796447.1
2025-08-01 10:49:08 AM,3858.0,0,0.0,390796447.1
2025-08-01 10:49:10 AM,3858.0,5,19290.0,390815737.1
2025-08-01 10:49:15 AM,3858.0,16,61728.0,390877465.1
2025-08-01 10:49:18 AM,3863.3,0,0.0,390877465.1
2025-08-01 10:49:19 AM,3864.4,0,0.0,390877465.1
2025-08-01 10:49:20 AM,3864.4,507,1959250.8,392836715.90000004
2025-08-01 10:49:22 AM,3865.9,1,3865.9,392840581.8
2025-08-01 10:49:25 AM,3865.8,0,0.0,392840581.8
2025-08-01 10:49:25 AM,3865.8,5,19329.0,392859910.8
2025-08-01 10:49:29 AM,3865.9,0,0.0,392859910.8
2025-08-01 10:49:31 AM,3865.9,10,38659.0,392898569.8
2025-08-01 10:49:34 AM,3864.8,0,0.0,392898569.8
2025-08-01 10:49:36 AM,3864.8,1,3864.8,392902434.6
2025-08-01 10:49:41 AM,3864.4,0,0.0,392902434.6
2025-08-01 10:49:42 AM,3864.4,3,11593.2,392914027.8
2025-08-01 10:49:49 AM,3863.7,0,0.0,392914027.8
2025-08-01 10:49:52 AM,3863.7,102,394097.39999999997,393308125.2
2025-08-01 10:50:01 AM,3863.2,0,0.0,393308125.2
2025-08-01 10:50:03 AM,3860.1,0,0.0,393308125.2
2025-08-01 10:50:03 AM,3860.1,19,73341.9,393381467.09999996
2025-08-01 10:50:04 AM,3863.1,0,0.0,393381467.09999996
2025-08-01 10:50:04 AM,3863.1,1,3863.1,393385330.2
2025-08-01 10:50:11 AM,3862.8,0,0.0,393385330.2
2025-08-01 10:50:14 AM,3862.8,2,7725.6,393393055.8
2025-08-01 10:50:25 AM,3863.0,0,0.0,393393055.8
2025-08-01 10:50:26 AM,3863.0,218,842134.0,394235189.8
2025-08-01 10:50:27 AM,3862.8,10,38628.0,394273817.8
2025-08-01 10:50:31 AM,3865.1,0,0.0,394273817.8
2025-08-01 10:50:31 AM,3865.1,1011,3907616.1,398181433.90000004
2025-08-01 10:50:35 AM,3864.5,0,0.0,398181433.90000004
2025-08-01 10:50:37 AM,3864.5,2,7729.0,398189162.90000004
2025-08-01 10:50:43 AM,3863.0,0,0.0,398189162.90000004
2025-08-01 10:50:43 AM,3863.0,22,84986.0,398274148.90000004
2025-08-01 10:50:52 AM,3865.3,0,0.0,398274148.90000004
2025-08-01 10:50:54 AM,3865.3,15,57979.5,398332128.40000004
2025-08-01 10:50:54 AM,3863.8,3,11591.400000000001,398343719.8
2025-08-01 10:50:57 AM,3865.3,0,0.0,398343719.8
2025-08-01 10:51:00 AM,3865.3,2,7730.6,398351450.40000004
2025-08-01 10:51:11 AM,3865.3,9,34787.700000000004,398386238.1
2025-08-01 10:51:36 AM,3867.0,0,0.0,398386238.1
2025-08-01 10:51:38 AM,3867.0,10,38670.0,398424908.1
2025-08-01 10:51:49 AM,3868.0,7,27076.0,398451984.1
2025-08-01 10:52:00 AM,3868.0,47,181796.0,398633780.1
2025-08-01 10:52:04 AM,3869.5,0,0.0,398633780.1
2025-08-01 10:52:05 AM,3869.5,5,19347.5,398653127.6
2025-08-01 10:52:08 AM,3869.0,0,0.0,398653127.6
2025-08-01 10:52:10 AM,3869.0,5,19345.0,398672472.6
2025-08-01 10:52:16 AM,3872.2,0,0.0,398672472.6
2025-08-01 10:52:16 AM,3872.2,45,174249.0,398846721.6
2025-08-01 10:52:28 AM,3869.2,53,205067.59999999998,399051789.20000005
2025-08-01 10:52:34 AM,3869.0,0,0.0,399051789.20000005
2025-08-01 10:52:38 AM,3875.0,473,1832875.0,400884664.20000005
2025-08-01 10:52:43 AM,3869.5,1,3869.5,400888533.70000005
2025-08-01 10:52:46 AM,3869.2,0,0.0,400888533.70000005
2025-08-01 10:52:48 AM,3872.8,0,0.0,400888533.70000005
2025-08-01 10:52:48 AM,3872.8,65,251732.0,401140265.70000005
2025-08-01 10:53:04 AM,3871.5,0,0.0,401140265.70000005
2025-08-01 10:53:04 AM,3871.5,5,19357.5,401159623.20000005
2025-08-01 10:53:18 AM,3871.6,0,0.0,401159623.20000005
2025-08-01 10:53:20 AM,3871.6,21,81303.59999999999,401240926.8000001
2025-08-01 10:53:22 AM,3873.7,0,0.0,401240926.8000001
2025-08-01 10:53:25 AM,3873.7,5,19368.5,401260295.3000001
2025-08-01 10:53:40 AM,3874.0,0,0.0,401260295.3000001
2025-08-01 10:53:41 AM,3874.0,50,193700.0,401453995.3000001
2025-08-01 10:54:00 AM,3871.5,0,0.0,401453995.3000001
2025-08-01 10:54:02 AM,3871.5,127,491680.5,401945675.8000001
2025-08-01 10:54:06 AM,3875.9,0,0.0,401945675.8000001
2025-08-01 10:54:08 AM,3875.9,200,775180.0,402720855.8000001
2025-08-01 10:54:40 AM,3874.1,0,0.0,402720855.8000001
2025-08-01 10:54:40 AM,3874.1,70,271187.0,402992042.8000001
2025-08-01 10:55:06 AM,3871.1,0,0.0,402992042.8000001
2025-08-01 10:55:06 AM,3871.1,33,127746.3,403119789.1000001
2025-08-01 10:55:11 AM,3871.1,1,3871.1,403123660.2000001
2025-08-01 10:55:22 AM,3871.1,6,23226.6,403146886.80000013
2025-08-01 10:55:50 AM,3870.0,0,0.0,403146886.80000013
2025-08-01 10:55:50 AM,3870.0,50,193500.0,403340386.80000013
2025-08-01 10:55:52 AM,3869.0,0,0.0,403340386.80000013
2025-08-01 10:55:55 AM,3869.0,107,413983.0,403754369.80000013
2025-08-01 10:56:08 AM,3868.0,0,0.0,403754369.80000013
2025-08-01 10:56:10 AM,3868.0,3,11604.0,403765973.80000013
2025-08-01 10:56:21 AM,3868.8,29,112195.20000000001,403878169.0000001
2025-08-01 10:56:53 AM,3868.8,66,255340.80000000002,404133509.80000013
2025-08-01 10:57:02 AM,3870.0,0,0.0,404133509.80000013
2025-08-01 10:57:03 AM,3870.0,15,58050.0,404191559.80000013
2025-08-01 10:57:14 AM,3870.0,3,11610.0,404203169.80000013
2025-08-01 10:57:30 AM,3870.0,5,19350.0,404222519.80000013
2025-08-01 10:57:36 AM,3870.0,3,11610.0,404234129.80000013
2025-08-01 10:57:52 AM,3870.0,1,3870.0,404237999.80000013
2025-08-01 10:57:56 AM,3870.0,16,61920.0,404299919.80000013
2025-08-01 10:58:02 AM,3870.1,7,27090.7,404327010.5000001
2025-08-01 10:58:06 AM,3871.1,0,0.0,404327010.5000001
2025-08-01 10:58:07 AM,3871.1,19,73550.9,404400561.4000001
2025-08-01 10:58:40 AM,3870.0,0,0.0,404400561.4000001
2025-08-01 10:58:40 AM,3870.0,2,7740.0,404408301.4000001
2025-08-01 10:59:00 AM,3871.5,0,0.0,404408301.4000001
2025-08-01 10:59:01 AM,3871.5,65,251647.5,404659948.9000001
2025-08-01 10:59:16 AM,3872.1,0,0.0,404659948.9000001
2025-08-01 10:59:16 AM,3872.1,3,11616.3,404671565.2000001
2025-08-01 10:59:46 AM,3874.4,0,0.0,404671565.2000001
2025-08-01 10:59:48 AM,3874.4,50,193720.0,404865285.2000001
2025-08-01 10:59:58 AM,3874.3,0,0.0,404865285.2000001
2025-08-01 10:59:59 AM,3874.1,21,81356.09999999999,404946641.30000013
2025-08-01 11:00:04 AM,3875.0,71,275125.0,405221766.30000013
2025-08-01 11:00:07 AM,3878.7,0,0.0,405221766.30000013
2025-08-01 11:00:11 AM,3878.6,3,11635.8,405233402.10000014
2025-08-01 11:00:16 AM,3875.7,0,0.0,405233402.10000014
2025-08-01 11:00:16 AM,3875.7,12,46508.399999999994,405279910.5000001
2025-08-01 11:00:21 AM,3875.5,0,0.0,405279910.5000001
2025-08-01 11:00:22 AM,3875.5,10,38755.0,405318665.5000001
2025-08-01 11:00:25 AM,3875.0,0,0.0,405318665.5000001
2025-08-01 11:00:28 AM,3875.0,2,7750.0,405326415.5000001
2025-08-01 11:00:33 AM,3874.8,1,3874.8,405330290.30000013
2025-08-01 11:00:59 AM,3874.8,5,19374.0,405349664.30000013
2025-08-01 11:01:07 AM,3873.6,0,0.0,405349664.30000013
2025-08-01 11:01:09 AM,3874.8,0,0.0,405349664.30000013
2025-08-01 11:01:10 AM,3874.8,21,81370.8,405431035.10000014
2025-08-01 11:01:23 AM,3875.5,0,0.0,405431035.10000014
2025-08-01 11:01:26 AM,3875.5,33,127891.5,405558926.60000014
2025-08-01 11:01:35 AM,3880.0,0,0.0,405558926.60000014
2025-08-01 11:01:36 AM,3880.0,81,314280.0,405873206.60000014
2025-08-01 11:01:47 AM,3875.1,60,232506.0,406105712.60000014
2025-08-01 11:02:03 AM,3877.6,0,0.0,406105712.60000014
2025-08-01 11:02:03 AM,3877.6,1,3877.6,406109590.20000017
2025-08-01 11:02:13 AM,3879.8,0,0.0,406109590.20000017
2025-08-01 11:02:13 AM,3879.8,100,387980.0,406497570.20000017
2025-08-01 11:02:49 AM,3878.2,0,0.0,406497570.20000017
2025-08-01 11:02:51 AM,3878.2,7,27147.399999999998,406524717.60000014
2025-08-01 11:02:53 AM,3878.0,0,0.0,406524717.60000014
2025-08-01 11:02:56 AM,3878.0,50,193900.0,406718617.60000014
2025-08-01 11:02:58 AM,3877.4,2,7754.8,406726372.40000015
2025-08-01 11:03:03 AM,3877.3,1,3877.3,406730249.70000017
2025-08-01 11:03:31 AM,3875.0,0,0.0,406730249.70000017
2025-08-01 11:03:32 AM,3875.0,1,3875.0,406734124.70000017
2025-08-01 11:03:53 AM,3876.5,1,3876.5,406738001.20000017
2025-08-01 11:03:55 AM,3875.0,0,0.0,406738001.20000017
2025-08-01 11:03:56 AM,3875.0,1,3875.0,406741876.20000017
2025-08-01 11:04:04 AM,3875.0,1,3875.0,406745751.20000017
2025-08-01 11:04:09 AM,3875.0,3,11625.0,406757376.20000017
2025-08-01 11:04:11 AM,3876.2,0,0.0,406757376.20000017
2025-08-01 11:04:11 AM,3876.2,1,3876.2,406761252.40000015
2025-08-01 11:04:21 AM,3875.7,0,0.0,406761252.40000015
2025-08-01 11:04:21 AM,3875.7,3,11627.099999999999,406772879.5000002
2025-08-01 11:04:24 AM,3875.7,6,23254.199999999997,406796133.70000017
2025-08-01 11:04:26 AM,3875.7,6,23254.199999999997,406819387.90000015
2025-08-01 11:04:40 AM,3875.7,1,3875.7,406823263.60000014
2025-08-01 11:04:42 AM,3875.0,3,11625.0,406834888.60000014
2025-08-01 11:04:44 AM,3873.8,0,0.0,406834888.60000014
2025-08-01 11:04:45 AM,3873.8,4,15495.2,406850383.80000013
2025-08-01 11:04:52 AM,3877.7,61,236539.69999999998,407086923.5000001
2025-08-01 11:04:59 AM,3873.9,0,0.0,407086923.5000001
2025-08-01 11:05:01 AM,3873.9,10,38739.0,407125662.5000001
2025-08-01 11:05:40 AM,3873.9,1,3873.9,407129536.4000001
2025-08-01 11:05:59 AM,3875.4,0,0.0,407129536.4000001
2025-08-01 11:06:00 AM,3875.4,10,38754.0,407168290.4000001
2025-08-01 11:06:05 AM,3873.9,0,0.0,407168290.4000001
2025-08-01 11:06:06 AM,3873.9,4,15495.6,407183786.0000001
2025-08-01 11:06:13 AM,3872.6,0,0.0,407183786.0000001
2025-08-01 11:06:16 AM,3872.6,46,178139.6,407361925.60000014
2025-08-01 11:06:55 AM,3871.9,5,19359.5,407381285.10000014
2025-08-01 11:07:01 AM,3873.6,0,0.0,407381285.10000014
2025-08-01 11:07:03 AM,3872.6,0,0.0,407381285.10000014
2025-08-01 11:07:03 AM,3872.6,57,220738.19999999998,407602023.30000013
2025-08-01 11:07:30 AM,3872.6,10,38726.0,407640749.30000013
2025-08-01 11:07:37 AM,3872.6,2,7745.2,407648494.5000001
2025-08-01 11:07:41 AM,3871.4,0,0.0,407648494.5000001
2025-08-01 11:07:41 AM,3871.4,6,23228.4,407671722.9000001
2025-08-01 11:08:03 AM,3871.4,2,7742.8,407679465.7000001
2025-08-01 11:08:15 AM,3872.6,0,0.0,407679465.7000001
2025-08-01 11:08:15 AM,3872.6,3,11617.8,407691083.5000001
2025-08-01 11:08:19 AM,3872.5,5,19362.5,407710446.0000001
2025-08-01 11:08:24 AM,3871.1,41,158715.1,407869161.10000014
2025-08-01 11:08:39 AM,3871.1,1,3871.1,407873032.20000017
2025-08-01 11:08:55 AM,3868.8,0,0.0,407873032.20000017
2025-08-01 11:08:55 AM,3868.8,388,1501094.4000000001,409374126.60000014
2025-08-01 11:08:57 AM,3868.0,0,0.0,409374126.60000014
2025-08-01 11:08:58 AM,3868.0,16,61888.0,409436014.60000014
2025-08-01 11:09:40 AM,3865.2,0,0.0,409436014.60000014
2025-08-01 11:09:40 AM,3865.2,10,38652.0,409474666.60000014
2025-08-01 11:09:42 AM,3865.2,8,30921.6,409505588.20000017
2025-08-01 11:09:51 AM,3865.4,5,19327.0,409524915.20000017
2025-08-01 11:09:58 AM,3865.2,0,0.0,409524915.20000017
2025-08-01 11:09:58 AM,3865.2,3,11595.599999999999,409536510.8000002
2025-08-01 11:10:00 AM,3865.0,0,0.0,409536510.8000002
2025-08-01 11:10:01 AM,3865.0,157,606805.0,410143315.8000002
2025-08-01 11:10:06 AM,3865.6,0,0.0,410143315.8000002
2025-08-01 11:10:07 AM,3865.6,120,463872.0,410607187.8000002
2025-08-01 11:10:12 AM,3864.6,0,0.0,410607187.8000002
2025-08-01 11:10:12 AM,3864.6,20,77292.0,410684479.8000002
2025-08-01 11:10:18 AM,3862.1,0,0.0,410684479.8000002
2025-08-01 11:10:19 AM,3862.1,4,15448.4,410699928.20000017
2025-08-01 11:10:23 AM,3862.0,1,3862.0,410703790.20000017
2025-08-01 11:10:28 AM,3861.0,0,0.0,410703790.20000017
2025-08-01 11:10:28 AM,3861.0,45,173745.0,410877535.20000017
2025-08-01 11:10:35 AM,3863.5,10,38635.0,410916170.20000017
2025-08-01 11:10:45 AM,3863.5,5,19317.5,410935487.70000017
2025-08-01 11:10:50 AM,3863.5,1,3863.5,410939351.20000017
2025-08-01 11:10:52 AM,3863.4,0,0.0,410939351.20000017
2025-08-01 11:10:56 AM,3863.4,5,19317.0,410958668.20000017
2025-08-01 11:10:56 AM,3863.5,0,0.0,410958668.20000017
2025-08-01 11:10:56 AM,3863.5,9,34771.5,410993439.70000017
2025-08-01 11:11:00 AM,3863.3,0,0.0,410993439.70000017
2025-08-01 11:11:01 AM,3861.5,4,15446.0,411008885.70000017
2025-08-01 11:11:04 AM,3863.3,0,0.0,411008885.70000017
2025-08-01 11:11:07 AM,3863.3,5,19316.5,411028202.20000017
2025-08-01 11:11:22 AM,3861.5,0,0.0,411028202.20000017
2025-08-01 11:11:23 AM,3861.5,3,11584.5,411039786.70000017
2025-08-01 11:11:40 AM,3864.4,17,65694.8,411105481.5000002
2025-08-01 11:11:44 AM,3864.9,0,0.0,411105481.5000002
2025-08-01 11:11:45 AM,3864.9,14,54108.6,411159590.1000002
2025-08-01 11:11:46 AM,3867.7,1,3867.7,411163457.8000002
2025-08-01 11:11:50 AM,3864.0,0,0.0,411163457.8000002
2025-08-01 11:11:50 AM,3864.0,1004,3879456.0,415042913.8000002
2025-08-01 11:11:56 AM,3865.6,0,0.0,415042913.8000002
2025-08-01 11:11:56 AM,3865.6,50,193280.0,415236193.8000002
2025-08-01 11:12:08 AM,3865.1,0,0.0,415236193.8000002
2025-08-01 11:12:11 AM,3866.4,22,85060.8,415321254.6000002
2025-08-01 11:12:14 AM,3866.2,0,0.0,415321254.6000002
2025-08-01 11:12:17 AM,3866.2,13,50260.6,415371515.2000002
2025-08-01 11:12:23 AM,3866.2,13,50260.6,415421775.80000025
2025-08-01 11:12:42 AM,3867.7,0,0.0,415421775.80000025
2025-08-01 11:12:44 AM,3867.7,50,193385.0,415615160.80000025
2025-08-01 11:12:59 AM,3864.6,61,235740.6,415850901.4000003
2025-08-01 11:13:00 AM,3863.8,3,11591.400000000001,415862492.80000025
2025-08-01 11:13:18 AM,3861.9,0,0.0,415862492.80000025
2025-08-01 11:13:18 AM,3862.1,0,0.0,415862492.80000025
2025-08-01 11:13:21 AM,3862.1,7,27034.7,415889527.50000024
2025-08-01 11:13:34 AM,3861.6,0,0.0,415889527.50000024
2025-08-01 11:13:37 AM,3861.6,9,34754.4,415924281.9000002
2025-08-01 11:13:44 AM,3861.5,30,115845.0,416040126.9000002
2025-08-01 11:13:48 AM,3861.5,1,3861.5,416043988.4000002
2025-08-01 11:13:59 AM,3861.6,1,3861.6,416047850.00000024
2025-08-01 11:14:04 AM,3863.9,10,38639.0,416086489.00000024
2025-08-01 11:14:13 AM,3863.8,0,0.0,416086489.00000024
2025-08-01 11:14:15 AM,3863.8,4,15455.2,416101944.2000002
2025-08-01 11:14:16 AM,3861.5,4,15446.0,416117390.2000002
2025-08-01 11:14:43 AM,3863.6,0,0.0,416117390.2000002
2025-08-01 11:14:43 AM,3863.6,5,19318.0,416136708.2000002
2025-08-01 11:14:45 AM,3861.5,0,0.0,416136708.2000002
2025-08-01 11:14:47 AM,3861.5,8,30892.0,416167600.2000002
2025-08-01 11:15:19 AM,3863.0,1,3863.0,416171463.2000002
2025-08-01 11:15:55 AM,3862.0,0,0.0,416171463.2000002
2025-08-01 11:15:55 AM,3862.0,4,15448.0,416186911.2000002
2025-08-01 11:16:09 AM,3862.3,0,0.0,416186911.2000002
2025-08-01 11:16:12 AM,3862.3,7,27036.100000000002,416213947.30000025
2025-08-01 11:16:37 AM,3862.5,0,0.0,416213947.30000025
2025-08-01 11:16:37 AM,3862.8,0,0.0,416213947.30000025
2025-08-01 11:16:38 AM,3862.8,52,200865.6,416414812.9000003
2025-08-01 11:16:39 AM,3864.2,1,3864.2,416418677.10000026
2025-08-01 11:16:55 AM,3867.4,0,0.0,416418677.10000026
2025-08-01 11:16:56 AM,3867.4,10,38674.0,416457351.10000026
2025-08-01 11:17:17 AM,3864.6,0,0.0,416457351.10000026
2025-08-01 11:17:17 AM,3864.6,5,19323.0,416476674.10000026
2025-08-01 11:17:22 AM,3864.6,3,11593.8,416488267.9000003
2025-08-01 11:17:28 AM,3862.5,22,84975.0,416573242.9000003
2025-08-01 11:17:41 AM,3865.7,0,0.0,416573242.9000003
2025-08-01 11:17:42 AM,3865.7,1,3865.7,416577108.60000026
2025-08-01 11:17:53 AM,3866.7,0,0.0,416577108.60000026
2025-08-01 11:17:54 AM,3866.7,5,19333.5,416596442.10000026
2025-08-01 11:18:01 AM,3866.8,0,0.0,416596442.10000026
2025-08-01 11:18:03 AM,3866.8,3,11600.400000000001,416608042.50000024
2025-08-01 11:18:06 AM,3864.8,0,0.0,416608042.50000024
2025-08-01 11:18:09 AM,3864.8,5,19324.0,416627366.50000024
2025-08-01 11:18:10 AM,3865.0,7,27055.0,416654421.50000024
2025-08-01 11:18:31 AM,3866.6,20,77332.0,416731753.50000024
2025-08-01 11:18:43 AM,3862.0,0,0.0,416731753.50000024
