date,price,qty,trnvr,cum_trnvr
2025-08-01 09:15:01 AM,169.2,4653,787287.6,787287.6
2025-08-01 09:15:11 AM,169.65,0,0.0,787287.6
2025-08-01 09:15:13 AM,169.65,3122,529647.3,1316934.9
2025-08-01 09:15:20 AM,170.1,0,0.0,1316934.9
2025-08-01 09:15:21 AM,169.7,0,0.0,1316934.9
2025-08-01 09:15:23 AM,170.02,19296,3280705.9200000004,4597640.82
2025-08-01 09:15:32 AM,169.23,884,149599.31999999998,4747240.140000001
2025-08-01 09:15:34 AM,169.69,1000,169690.0,4916930.140000001
2025-08-01 09:15:40 AM,169.34,330,55882.200000000004,4972812.340000001
2025-08-01 09:15:42 AM,168.45,12248,2063175.5999999999,7035987.94
2025-08-01 09:15:44 AM,168.53,0,0.0,7035987.94
2025-08-01 09:15:49 AM,168.53,501,84433.53,7120421.470000001
2025-08-01 09:15:51 AM,168.19,4611,775524.09,7895945.5600000005
2025-08-01 09:16:02 AM,167.32,0,0.0,7895945.5600000005
2025-08-01 09:16:04 AM,166.0,0,0.0,7895945.5600000005
2025-08-01 09:16:05 AM,166.0,9496,1576336.0,9472281.56
2025-08-01 09:16:07 AM,166.07,2378,394914.45999999996,9867196.02
2025-08-01 09:16:10 AM,165.81,0,0.0,9867196.02
2025-08-01 09:16:13 AM,165.02,18232,3008644.64,12875840.66
2025-08-01 09:16:18 AM,165.11,0,0.0,12875840.66
2025-08-01 09:16:21 AM,165.11,103,17006.33,12892846.99
2025-08-01 09:16:23 AM,165.34,10,1653.4,12894500.39
2025-08-01 09:16:26 AM,165.39,0,0.0,12894500.39
2025-08-01 09:16:28 AM,165.33,0,0.0,12894500.39
2025-08-01 09:16:30 AM,165.33,2773,458460.09,13352960.48
2025-08-01 09:16:36 AM,165.77,0,0.0,13352960.48
2025-08-01 09:16:38 AM,165.6,1320,218592.0,13571552.48
2025-08-01 09:16:46 AM,165.96,162,26885.52,13598438.0
2025-08-01 09:16:48 AM,165.83,33,5472.39,13603910.39
2025-08-01 09:16:48 AM,166.03,0,0.0,13603910.39
2025-08-01 09:16:54 AM,166.21,4068,676142.28,14280052.67
2025-08-01 09:16:56 AM,166.22,74,12300.28,14292352.95
2025-08-01 09:17:03 AM,166.29,914,151989.06,14444342.01
2025-08-01 09:17:05 AM,166.21,0,0.0,14444342.01
2025-08-01 09:17:11 AM,166.5,1683,280219.5,14724561.51
2025-08-01 09:17:12 AM,166.34,300,49902.0,14774463.51
2025-08-01 09:17:14 AM,166.32,0,0.0,14774463.51
2025-08-01 09:17:16 AM,166.5,0,0.0,14774463.51
2025-08-01 09:17:19 AM,166.6,665,110789.0,14885252.51
2025-08-01 09:17:20 AM,166.34,100,16634.0,14901886.51
2025-08-01 09:17:23 AM,166.5,0,0.0,14901886.51
2025-08-01 09:17:27 AM,166.5,230,38295.0,14940181.51
2025-08-01 09:17:28 AM,166.5,250,41625.0,14981806.51
2025-08-01 09:17:31 AM,166.54,0,0.0,14981806.51
2025-08-01 09:17:33 AM,166.5,0,0.0,14981806.51
2025-08-01 09:17:36 AM,166.47,574,95553.78,15077360.29
2025-08-01 09:17:37 AM,166.51,1001,166676.50999999998,15244036.799999999
2025-08-01 09:17:39 AM,166.44,0,0.0,15244036.799999999
2025-08-01 09:17:41 AM,166.31,0,0.0,15244036.799999999
2025-08-01 09:17:44 AM,166.0,4131,685746.0,15929782.799999999
2025-08-01 09:17:48 AM,166.33,0,0.0,15929782.799999999
2025-08-01 09:17:52 AM,166.33,201,33432.33,15963215.129999999
2025-08-01 09:17:57 AM,166.23,0,0.0,15963215.129999999
2025-08-01 09:18:01 AM,166.23,25,4155.75,15967370.879999999
2025-08-01 09:18:02 AM,166.26,1000,166260.0,16133630.879999999
2025-08-01 09:18:07 AM,166.46,0,0.0,16133630.879999999
2025-08-01 09:18:09 AM,166.46,1149,191262.54,16324893.419999998
2025-08-01 09:18:10 AM,166.48,35,5826.799999999999,16330720.219999999
2025-08-01 09:18:12 AM,166.56,0,0.0,16330720.219999999
2025-08-01 09:18:17 AM,166.56,90,14990.4,16345710.62
2025-08-01 09:18:21 AM,166.77,0,0.0,16345710.62
2025-08-01 09:18:26 AM,166.77,185,30852.45,16376563.069999998
2025-08-01 09:18:28 AM,166.9,0,0.0,16376563.069999998
2025-08-01 09:18:34 AM,166.6,3283,546947.7999999999,16923510.869999997
2025-08-01 09:18:35 AM,166.89,750,125167.49999999999,17048678.369999997
2025-08-01 09:18:42 AM,167.08,246,41101.68,17089780.049999997
2025-08-01 09:18:46 AM,166.63,0,0.0,17089780.049999997
2025-08-01 09:18:50 AM,166.84,1778,296641.52,17386421.569999997
2025-08-01 09:18:58 AM,166.93,1,166.93,17386588.499999996
2025-08-01 09:18:59 AM,166.4,5704,949145.6,18335734.099999998
2025-08-01 09:19:00 AM,166.3,0,0.0,18335734.099999998
2025-08-01 09:19:02 AM,166.56,0,0.0,18335734.099999998
2025-08-01 09:19:06 AM,166.67,2540,423341.8,18759075.9
2025-08-01 09:19:10 AM,166.61,0,0.0,18759075.9
2025-08-01 09:19:14 AM,166.41,563,93688.83,18852764.729999997
2025-08-01 09:19:16 AM,166.11,0,0.0,18852764.729999997
2025-08-01 09:19:18 AM,166.47,0,0.0,18852764.729999997
2025-08-01 09:19:22 AM,166.46,3651,607745.4600000001,19460510.189999998
2025-08-01 09:19:25 AM,166.67,0,0.0,19460510.189999998
2025-08-01 09:19:30 AM,166.47,0,0.0,19460510.189999998
2025-08-01 09:19:30 AM,166.47,1617,269181.99,19729692.179999996
2025-08-01 09:19:32 AM,166.67,10,1666.6999999999998,19731358.879999995
2025-08-01 09:19:33 AM,166.48,0,0.0,19731358.879999995
2025-08-01 09:19:38 AM,166.91,0,0.0,19731358.879999995
2025-08-01 09:19:39 AM,166.91,1112,185603.91999999998,19916962.799999997
2025-08-01 09:19:41 AM,166.92,0,0.0,19916962.799999997
2025-08-01 09:19:46 AM,167.0,0,0.0,19916962.799999997
2025-08-01 09:19:47 AM,167.0,217,36239.0,19953201.799999997
2025-08-01 09:19:48 AM,166.84,177,29530.68,19982732.479999997
2025-08-01 09:19:54 AM,167.04,0,0.0,19982732.479999997
2025-08-01 09:19:54 AM,167.04,150,25056.0,20007788.479999997
2025-08-01 09:20:02 AM,166.77,150,25015.5,20032803.979999997
2025-08-01 09:20:04 AM,166.71,74,12336.54,20045140.519999996
2025-08-01 09:20:09 AM,166.81,0,0.0,20045140.519999996
2025-08-01 09:20:11 AM,166.81,100,16681.0,20061821.519999996
2025-08-01 09:20:16 AM,166.55,0,0.0,20061821.519999996
2025-08-01 09:20:18 AM,166.74,912,152066.88,20213888.399999995
2025-08-01 09:20:23 AM,166.4,0,0.0,20213888.399999995
2025-08-01 09:20:26 AM,166.43,3867,643584.81,20857473.209999993
2025-08-01 09:20:28 AM,166.46,635,105702.1,20963175.309999995
2025-08-01 09:20:34 AM,166.43,104,17308.72,20980484.029999994
2025-08-01 09:20:41 AM,166.49,0,0.0,20980484.029999994
2025-08-01 09:20:42 AM,166.49,858,142848.42,21123332.449999996
2025-08-01 09:20:48 AM,166.5,0,0.0,21123332.449999996
2025-08-01 09:20:50 AM,166.49,1001,166656.49000000002,21289988.939999994
2025-08-01 09:21:02 AM,166.4,0,0.0,21289988.939999994
2025-08-01 09:21:04 AM,166.39,0,0.0,21289988.939999994
2025-08-01 09:21:05 AM,166.39,624,103827.35999999999,21393816.299999993
2025-08-01 09:21:06 AM,166.41,154,25627.14,21419443.439999994
2025-08-01 09:21:09 AM,166.4,0,0.0,21419443.439999994
2025-08-01 09:21:11 AM,166.31,0,0.0,21419443.439999994
2025-08-01 09:21:13 AM,166.31,156,25944.36,21445387.799999993
2025-08-01 09:21:21 AM,166.34,4,665.36,21446053.159999993
2025-08-01 09:21:22 AM,166.53,1364,227146.92,21673200.079999994
2025-08-01 09:21:25 AM,166.8,0,0.0,21673200.079999994
2025-08-01 09:21:29 AM,166.74,82,13672.68,21686872.759999994
2025-08-01 09:21:30 AM,166.73,0,0.0,21686872.759999994
2025-08-01 09:21:36 AM,166.95,0,0.0,21686872.759999994
2025-08-01 09:21:37 AM,166.95,7863,1312727.8499999999,22999600.609999996
2025-08-01 09:21:42 AM,166.97,0,0.0,22999600.609999996
2025-08-01 09:21:44 AM,166.97,54,9016.38,23008616.989999995
2025-08-01 09:21:51 AM,167.1,0,0.0,23008616.989999995
2025-08-01 09:21:52 AM,167.1,201,33587.1,23042204.089999996
2025-08-01 09:21:55 AM,166.89,0,0.0,23042204.089999996
2025-08-01 09:21:59 AM,166.89,3061,510850.29,23553054.379999995
2025-08-01 09:22:05 AM,166.87,0,0.0,23553054.379999995
2025-08-01 09:22:07 AM,166.87,100,16687.0,23569741.379999995
2025-08-01 09:22:12 AM,166.78,0,0.0,23569741.379999995
2025-08-01 09:22:15 AM,166.71,1011,168543.81,23738285.189999994
2025-08-01 09:22:19 AM,166.8,0,0.0,23738285.189999994
2025-08-01 09:22:22 AM,167.0,1504,251168.0,23989453.189999994
2025-08-01 09:22:23 AM,166.86,0,0.0,23989453.189999994
2025-08-01 09:22:24 AM,166.86,10,1668.6000000000001,23991121.789999995
2025-08-01 09:22:30 AM,166.75,1,166.75,23991288.539999995
2025-08-01 09:22:31 AM,166.65,72,11998.800000000001,24003287.339999996
2025-08-01 09:22:39 AM,166.79,5,833.9499999999999,24004121.289999995
2025-08-01 09:22:51 AM,166.6,0,0.0,24004121.289999995
2025-08-01 09:22:53 AM,166.6,498,82966.8,24087088.089999996
2025-08-01 09:22:54 AM,166.42,500,83210.0,24170298.089999996
2025-08-01 09:23:02 AM,166.46,710,118186.6,24288484.689999998
2025-08-01 09:23:04 AM,166.33,0,0.0,24288484.689999998
2025-08-01 09:23:08 AM,166.33,72,11975.76,24300460.45
2025-08-01 09:23:11 AM,166.42,0,0.0,24300460.45
2025-08-01 09:23:16 AM,166.41,162,26958.42,24327418.87
2025-08-01 09:23:18 AM,166.25,0,0.0,24327418.87
2025-08-01 09:23:23 AM,166.25,101,16791.25,24344210.12
2025-08-01 09:23:25 AM,166.2,10,1662.0,24345872.12
2025-08-01 09:23:31 AM,166.12,399,66281.88,24412154.0
2025-08-01 09:23:33 AM,166.12,10,1661.2,24413815.2
2025-08-01 09:23:38 AM,166.13,232,38542.159999999996,24452357.36
2025-08-01 09:23:45 AM,166.1,0,0.0,24452357.36
2025-08-01 09:23:46 AM,166.1,54,8969.4,24461326.759999998
2025-08-01 09:23:51 AM,166.13,0,0.0,24461326.759999998
2025-08-01 09:23:54 AM,166.18,38,6314.84,24467641.599999998
2025-08-01 09:23:55 AM,166.27,750,124702.50000000001,24592344.099999998
2025-08-01 09:24:03 AM,166.19,4,664.76,24593008.86
2025-08-01 09:24:09 AM,166.32,400,66528.0,24659536.86
2025-08-01 09:24:18 AM,166.32,780,129729.59999999999,24789266.46
2025-08-01 09:24:24 AM,166.32,213,35426.159999999996,24824692.62
2025-08-01 09:24:26 AM,166.32,16,2661.12,24827353.740000002
2025-08-01 09:24:30 AM,166.3,0,0.0,24827353.740000002
2025-08-01 09:24:32 AM,166.3,490,81487.0,24908840.740000002
2025-08-01 09:24:36 AM,166.56,0,0.0,24908840.740000002
2025-08-01 09:24:39 AM,166.56,5730,954388.8,25863229.540000003
2025-08-01 09:24:47 AM,166.54,227,37804.58,25901034.12
2025-08-01 09:24:54 AM,166.47,30,4994.1,25906028.220000003
2025-08-01 09:25:01 AM,166.48,0,0.0,25906028.220000003
2025-08-01 09:25:02 AM,166.48,77,12818.96,25918847.180000003
2025-08-01 09:25:04 AM,166.52,249,41463.48,25960310.660000004
2025-08-01 09:25:15 AM,166.6,0,0.0,25960310.660000004
2025-08-01 09:25:17 AM,166.6,319,53145.4,26013456.060000002
2025-08-01 09:25:19 AM,166.6,500,83300.0,26096756.060000002
2025-08-01 09:25:20 AM,166.82,0,0.0,26096756.060000002
2025-08-01 09:25:24 AM,166.67,1504,250671.68,26347427.740000002
2025-08-01 09:25:33 AM,166.76,0,0.0,26347427.740000002
2025-08-01 09:25:34 AM,166.76,433,72207.08,26419634.82
2025-08-01 09:25:39 AM,166.89,2,333.78,26419968.6
2025-08-01 09:25:49 AM,166.84,50,8342.0,26428310.6
2025-08-01 09:25:49 AM,166.7,0,0.0,26428310.6
2025-08-01 09:25:54 AM,166.84,350,58394.0,26486704.6
2025-08-01 09:25:56 AM,166.75,0,0.0,26486704.6
2025-08-01 09:25:56 AM,166.75,4,667.0,26487371.6
2025-08-01 09:26:09 AM,166.75,4,667.0,26488038.6
2025-08-01 09:26:12 AM,166.84,25,4171.0,26492209.6
2025-08-01 09:26:15 AM,167.09,0,0.0,26492209.6
2025-08-01 09:26:17 AM,167.09,808,135008.72,26627218.32
2025-08-01 09:26:33 AM,167.05,2,334.1,26627552.42
2025-08-01 09:26:34 AM,167.05,2,334.1,26627886.520000003
2025-08-01 09:26:40 AM,167.2,100,16720.0,26644606.520000003
2025-08-01 09:26:45 AM,167.09,0,0.0,26644606.520000003
2025-08-01 09:26:48 AM,167.09,14,2339.26,26646945.780000005
2025-08-01 09:26:52 AM,167.32,0,0.0,26646945.780000005
2025-08-01 09:26:55 AM,167.32,186,31121.52,26678067.300000004
2025-08-01 09:26:57 AM,167.37,5,836.85,26678904.150000006
2025-08-01 09:27:01 AM,167.45,0,0.0,26678904.150000006
2025-08-01 09:27:03 AM,167.45,1604,268589.8,26947493.950000007
2025-08-01 09:27:10 AM,167.5,100,16750.0,26964243.950000007
2025-08-01 09:27:11 AM,167.32,0,0.0,26964243.950000007
2025-08-01 09:27:12 AM,167.32,100,16732.0,26980975.950000007
2025-08-01 09:27:16 AM,167.37,0,0.0,26980975.950000007
2025-08-01 09:27:18 AM,167.37,5,836.85,26981812.80000001
2025-08-01 09:27:31 AM,167.25,0,0.0,26981812.80000001
2025-08-01 09:27:32 AM,167.25,9,1505.25,26983318.05000001
2025-08-01 09:27:36 AM,167.33,0,0.0,26983318.05000001
2025-08-01 09:27:37 AM,167.2,0,0.0,26983318.05000001
2025-08-01 09:27:40 AM,167.2,1032,172550.4,27155868.450000007
2025-08-01 09:27:42 AM,167.15,0,0.0,27155868.450000007
2025-08-01 09:27:46 AM,167.23,0,0.0,27155868.450000007
2025-08-01 09:27:47 AM,167.39,0,0.0,27155868.450000007
2025-08-01 09:27:47 AM,167.39,686,114829.54,27270697.990000006
2025-08-01 09:27:55 AM,167.48,1874,313857.51999999996,27584555.510000005
2025-08-01 09:28:08 AM,167.49,0,0.0,27584555.510000005
2025-08-01 09:28:11 AM,167.49,104,17418.96,27601974.470000006
2025-08-01 09:28:15 AM,167.53,0,0.0,27601974.470000006
2025-08-01 09:28:16 AM,167.28,0,0.0,27601974.470000006
2025-08-01 09:28:18 AM,167.28,1045,174807.6,27776782.070000008
2025-08-01 09:28:49 AM,167.28,500,83640.0,27860422.070000008
2025-08-01 09:28:52 AM,167.23,0,0.0,27860422.070000008
2025-08-01 09:28:57 AM,167.23,1,167.23,27860589.30000001
2025-08-01 09:29:04 AM,167.2,0,0.0,27860589.30000001
2025-08-01 09:29:04 AM,167.2,280,46816.0,27907405.30000001
2025-08-01 09:29:06 AM,167.06,6736,1125316.16,29032721.46000001
2025-08-01 09:29:06 AM,166.93,0,0.0,29032721.46000001
2025-08-01 09:29:12 AM,166.93,50,8346.5,29041067.96000001
2025-08-01 09:29:20 AM,166.84,100,16684.0,29057751.96000001
2025-08-01 09:29:26 AM,166.89,0,0.0,29057751.96000001
2025-08-01 09:29:27 AM,166.89,4,667.56,29058419.520000007
2025-08-01 09:29:35 AM,166.89,200,33378.0,29091797.520000007
2025-08-01 09:29:49 AM,166.89,100,16689.0,29108486.520000007
2025-08-01 09:29:56 AM,166.92,0,0.0,29108486.520000007
2025-08-01 09:29:57 AM,166.92,47,7845.24,29116331.760000005
2025-08-01 09:30:06 AM,167.05,15,2505.75,29118837.510000005
2025-08-01 09:30:24 AM,167.0,0,0.0,29118837.510000005
2025-08-01 09:30:27 AM,167.0,4,668.0,29119505.510000005
2025-08-01 09:30:34 AM,167.0,500,83500.0,29203005.510000005
2025-08-01 09:30:38 AM,167.02,0,0.0,29203005.510000005
2025-08-01 09:30:42 AM,167.02,14,2338.28,29205343.790000007
2025-08-01 09:30:43 AM,167.08,9,1503.72,29206847.510000005
2025-08-01 09:30:49 AM,167.04,17,2839.68,29209687.190000005
2025-08-01 09:31:09 AM,167.02,0,0.0,29209687.190000005
2025-08-01 09:31:11 AM,167.02,271,45262.420000000006,29254949.610000007
2025-08-01 09:31:12 AM,167.0,1,167.0,29255116.610000007
2025-08-01 09:31:25 AM,167.05,0,0.0,29255116.610000007
2025-08-01 09:31:26 AM,167.05,250,41762.5,29296879.110000007
2025-08-01 09:31:26 AM,167.01,0,0.0,29296879.110000007
2025-08-01 09:31:27 AM,167.01,9,1503.09,29298382.200000007
2025-08-01 09:31:38 AM,167.06,0,0.0,29298382.200000007
2025-08-01 09:31:40 AM,167.06,20,3341.2,29301723.400000006
2025-08-01 09:31:41 AM,167.0,173,28891.0,29330614.400000006
2025-08-01 09:31:47 AM,166.95,500,83475.0,29414089.400000006
2025-08-01 09:31:49 AM,167.14,0,0.0,29414089.400000006
2025-08-01 09:31:54 AM,167.14,520,86912.79999999999,29501002.200000007
2025-08-01 09:32:22 AM,167.06,0,0.0,29501002.200000007
2025-08-01 09:32:22 AM,167.06,35,5847.1,29506849.30000001
2025-08-01 09:32:29 AM,167.05,0,0.0,29506849.30000001
2025-08-01 09:32:29 AM,167.05,1,167.05,29507016.35000001
2025-08-01 09:32:34 AM,167.15,0,0.0,29507016.35000001
2025-08-01 09:32:36 AM,167.15,100,16715.0,29523731.35000001
2025-08-01 09:32:50 AM,167.1,100,16710.0,29540441.35000001
2025-08-01 09:33:18 AM,167.1,4,668.4,29541109.750000007
2025-08-01 09:33:25 AM,167.15,0,0.0,29541109.750000007
2025-08-01 09:33:25 AM,167.15,39,6518.85,29547628.60000001
2025-08-01 09:33:25 AM,167.18,0,0.0,29547628.60000001
2025-08-01 09:33:31 AM,167.18,37,6185.66,29553814.26000001
2025-08-01 09:33:35 AM,167.15,0,0.0,29553814.26000001
2025-08-01 09:33:38 AM,167.15,402,67194.3,29621008.56000001
2025-08-01 09:33:45 AM,167.3,200,33460.0,29654468.56000001
2025-08-01 09:33:45 AM,167.27,0,0.0,29654468.56000001
2025-08-01 09:33:52 AM,167.27,4,669.08,29655137.640000008
2025-08-01 09:33:59 AM,167.34,36,6024.24,29661161.880000006
2025-08-01 09:34:05 AM,167.4,0,0.0,29661161.880000006
2025-08-01 09:34:06 AM,167.4,196,32810.4,29693972.280000005
2025-08-01 09:34:14 AM,167.54,10003,1675902.6199999999,31369874.900000006
2025-08-01 09:34:28 AM,167.67,0,0.0,31369874.900000006
2025-08-01 09:34:28 AM,167.67,250,41917.5,31411792.400000006
2025-08-01 09:34:35 AM,167.57,0,0.0,31411792.400000006
2025-08-01 09:34:40 AM,167.65,0,0.0,31411792.400000006
2025-08-01 09:34:41 AM,167.65,210,35206.5,31446998.900000006
2025-08-01 09:34:50 AM,167.53,0,0.0,31446998.900000006
2025-08-01 09:34:55 AM,167.53,500,83765.0,31530763.900000006
2025-08-01 09:35:00 AM,167.4,0,0.0,31530763.900000006
2025-08-01 09:35:02 AM,167.4,983,164554.2,31695318.100000005
2025-08-01 09:35:16 AM,167.27,200,33454.0,31728772.100000005
2025-08-01 09:35:20 AM,167.2,0,0.0,31728772.100000005
2025-08-01 09:35:23 AM,167.2,500,83600.0,31812372.100000005
2025-08-01 09:35:30 AM,167.2,350,58519.99999999999,31870892.100000005
2025-08-01 09:35:37 AM,167.2,1482,247790.4,32118682.500000004
2025-08-01 09:36:12 AM,167.1,0,0.0,32118682.500000004
2025-08-01 09:36:16 AM,167.17,0,0.0,32118682.500000004
2025-08-01 09:36:17 AM,167.17,165,27583.05,32146265.550000004
2025-08-01 09:36:28 AM,167.12,0,0.0,32146265.550000004
2025-08-01 09:36:30 AM,167.12,27,4512.24,32150777.790000003
2025-08-01 09:36:36 AM,167.05,0,0.0,32150777.790000003
2025-08-01 09:36:37 AM,167.05,5,835.25,32151613.040000003
2025-08-01 09:36:48 AM,167.04,0,0.0,32151613.040000003
2025-08-01 09:36:50 AM,167.04,95,15868.8,32167481.840000004
2025-08-01 09:36:52 AM,167.05,0,0.0,32167481.840000004
2025-08-01 09:36:57 AM,167.05,46,7684.3,32175166.140000004
2025-08-01 09:37:13 AM,167.03,0,0.0,32175166.140000004
2025-08-01 09:37:18 AM,167.05,81,13531.050000000001,32188697.190000005
2025-08-01 09:37:28 AM,167.03,0,0.0,32188697.190000005
2025-08-01 09:37:31 AM,167.03,10,1670.3,32190367.490000006
2025-08-01 09:37:38 AM,167.03,1,167.03,32190534.520000007
2025-08-01 09:37:45 AM,167.03,29,4843.87,32195378.390000008
2025-08-01 09:37:51 AM,167.03,5,835.15,32196213.540000007
2025-08-01 09:38:00 AM,167.04,0,0.0,32196213.540000007
2025-08-01 09:38:05 AM,167.04,105,17539.2,32213752.740000006
2025-08-01 09:38:09 AM,167.05,0,0.0,32213752.740000006
2025-08-01 09:38:12 AM,167.05,290,48444.5,32262197.240000006
2025-08-01 09:38:20 AM,167.07,0,0.0,32262197.240000006
2025-08-01 09:38:25 AM,167.07,31,5179.17,32267376.410000008
2025-08-01 09:38:30 AM,167.11,0,0.0,32267376.410000008
2025-08-01 09:38:32 AM,167.11,1,167.11,32267543.520000007
2025-08-01 09:38:40 AM,167.09,0,0.0,32267543.520000007
2025-08-01 09:38:45 AM,167.09,5,835.45,32268378.970000006
2025-08-01 09:38:52 AM,167.11,40,6684.400000000001,32275063.370000005
2025-08-01 09:39:05 AM,167.04,1589,265426.56,32540489.930000003
2025-08-01 09:39:10 AM,166.95,0,0.0,32540489.930000003
2025-08-01 09:39:12 AM,166.95,518,86480.09999999999,32626970.030000005
2025-08-01 09:39:15 AM,167.01,0,0.0,32626970.030000005
2025-08-01 09:39:19 AM,166.95,300,50085.0,32677055.030000005
2025-08-01 09:39:26 AM,166.89,2361,394027.29,33071082.320000004
2025-08-01 09:39:32 AM,166.92,100,16692.0,33087774.320000004
2025-08-01 09:39:37 AM,166.85,0,0.0,33087774.320000004
2025-08-01 09:39:39 AM,166.85,100,16685.0,33104459.320000004
2025-08-01 09:39:41 AM,166.92,0,0.0,33104459.320000004
2025-08-01 09:39:45 AM,166.92,100,16692.0,33121151.320000004
2025-08-01 09:39:52 AM,166.92,100,16692.0,33137843.320000004
2025-08-01 09:39:57 AM,166.33,0,0.0,33137843.320000004
2025-08-01 09:39:58 AM,166.32,20052,3335048.6399999997,36472891.96
2025-08-01 09:40:01 AM,166.21,0,0.0,36472891.96
2025-08-01 09:40:05 AM,166.27,367,61021.090000000004,36533913.050000004
2025-08-01 09:40:11 AM,166.2,50,8310.0,36542223.050000004
2025-08-01 09:40:15 AM,166.28,0,0.0,36542223.050000004
2025-08-01 09:40:18 AM,166.28,166,27602.48,36569825.53
2025-08-01 09:40:22 AM,166.25,0,0.0,36569825.53
2025-08-01 09:40:25 AM,166.27,25,4156.75,36573982.28
2025-08-01 09:40:25 AM,166.27,18,2992.86,36576975.14
2025-08-01 09:40:29 AM,167.14,0,0.0,36576975.14
2025-08-01 09:40:31 AM,167.14,18282,3055653.48,39632628.62
2025-08-01 09:40:48 AM,167.19,0,0.0,39632628.62
2025-08-01 09:40:49 AM,167.39,0,0.0,39632628.62
2025-08-01 09:40:51 AM,167.39,95,15902.05,39648530.669999994
2025-08-01 09:40:58 AM,167.35,15,2510.25,39651040.919999994
2025-08-01 09:40:58 AM,167.3,0,0.0,39651040.919999994
2025-08-01 09:41:04 AM,167.3,1000,167300.0,39818340.919999994
2025-08-01 09:41:11 AM,167.34,1,167.34,39818508.26
2025-08-01 09:41:24 AM,167.34,4,669.36,39819177.62
2025-08-01 09:41:37 AM,167.34,11,1840.74,39821018.36
2025-08-01 09:41:51 AM,167.38,36,6025.68,39827044.04
2025-08-01 09:41:51 AM,167.39,3,502.16999999999996,39827546.21
2025-08-01 09:41:57 AM,167.39,126,21091.14,39848637.35
2025-08-01 09:42:13 AM,167.5,0,0.0,39848637.35
2025-08-01 09:42:17 AM,167.5,897,150247.5,39998884.85
2025-08-01 09:42:21 AM,167.8,0,0.0,39998884.85
2025-08-01 09:42:23 AM,167.8,4051,679757.8,40678642.65
2025-08-01 09:42:26 AM,167.81,0,0.0,40678642.65
2025-08-01 09:42:30 AM,167.77,200,33554.0,40712196.65
2025-08-01 09:42:43 AM,167.71,0,0.0,40712196.65
2025-08-01 09:42:43 AM,167.71,1,167.71,40712364.36
2025-08-01 09:42:49 AM,167.71,5,838.5500000000001,40713202.91
2025-08-01 09:42:55 AM,167.7,0,0.0,40713202.91
2025-08-01 09:42:56 AM,167.7,500,83850.0,40797052.91
2025-08-01 09:42:57 AM,167.7,79,13248.3,40810301.20999999
2025-08-01 09:42:59 AM,167.65,0,0.0,40810301.20999999
2025-08-01 09:43:02 AM,167.83,2515,422092.45,41232393.66
2025-08-01 09:43:19 AM,167.9,0,0.0,41232393.66
2025-08-01 09:43:19 AM,167.82,0,0.0,41232393.66
2025-08-01 09:43:22 AM,167.86,5129,860953.9400000001,42093347.599999994
2025-08-01 09:43:42 AM,167.69,142,23811.98,42117159.57999999
2025-08-01 09:43:47 AM,167.79,0,0.0,42117159.57999999
2025-08-01 09:43:48 AM,167.79,500,83895.0,42201054.57999999
2025-08-01 09:43:51 AM,167.69,0,0.0,42201054.57999999
2025-08-01 09:43:55 AM,167.72,0,0.0,42201054.57999999
2025-08-01 09:43:55 AM,167.72,105,17610.6,42218665.17999999
2025-08-01 09:43:59 AM,167.7,0,0.0,42218665.17999999
2025-08-01 09:44:01 AM,167.7,1533,257084.09999999998,42475749.279999994
2025-08-01 09:44:02 AM,167.7,5,838.5,42476587.779999994
2025-08-01 09:44:07 AM,167.62,0,0.0,42476587.779999994
2025-08-01 09:44:07 AM,167.67,0,0.0,42476587.779999994
2025-08-01 09:44:08 AM,167.67,505,84673.34999999999,42561261.129999995
2025-08-01 09:44:45 AM,167.56,0,0.0,42561261.129999995
2025-08-01 09:44:47 AM,167.61,27,4525.47,42565786.599999994
2025-08-01 09:44:51 AM,167.51,0,0.0,42565786.599999994
2025-08-01 09:44:54 AM,167.51,900,150759.0,42716545.599999994
2025-08-01 09:44:55 AM,167.35,100,16735.0,42733280.599999994
2025-08-01 09:45:01 AM,167.35,5,836.75,42734117.349999994
2025-08-01 09:45:14 AM,167.35,5,836.75,42734954.099999994
2025-08-01 09:45:19 AM,167.46,0,0.0,42734954.099999994
2025-08-01 09:45:20 AM,167.46,73,12224.58,42747178.67999999
2025-08-01 09:45:22 AM,167.35,4,669.4,42747848.07999999
2025-08-01 09:45:34 AM,167.4,4,669.6,42748517.67999999
2025-08-01 09:45:39 AM,167.52,100,16752.0,42765269.67999999
2025-08-01 09:45:46 AM,167.4,27,4519.8,42769789.47999999
2025-08-01 09:45:59 AM,167.4,4,669.6,42770459.07999999
2025-08-01 09:46:05 AM,167.4,6,1004.4000000000001,42771463.47999999
2025-08-01 09:46:06 AM,167.49,0,0.0,42771463.47999999
2025-08-01 09:46:07 AM,167.49,500,83745.0,42855208.47999999
2025-08-01 09:46:24 AM,167.45,0,0.0,42855208.47999999
2025-08-01 09:46:25 AM,167.45,1,167.45,42855375.92999999
2025-08-01 09:46:31 AM,167.25,1361,227627.25,43083003.17999999
2025-08-01 09:47:08 AM,167.29,0,0.0,43083003.17999999
2025-08-01 09:47:09 AM,167.29,139,23253.309999999998,43106256.489999995
2025-08-01 09:47:13 AM,167.45,0,0.0,43106256.489999995
2025-08-01 09:47:15 AM,167.45,1100,184195.0,43290451.489999995
2025-08-01 09:47:21 AM,167.44,6,1004.64,43291456.129999995
2025-08-01 09:47:25 AM,167.28,0,0.0,43291456.129999995
2025-08-01 09:47:27 AM,167.28,80,13382.4,43304838.529999994
2025-08-01 09:47:41 AM,167.28,30,5018.4,43309856.92999999
2025-08-01 09:47:54 AM,167.47,0,0.0,43309856.92999999
2025-08-01 09:47:54 AM,167.47,35,5861.45,43315718.379999995
2025-08-01 09:47:58 AM,167.49,0,0.0,43315718.379999995
2025-08-01 09:48:00 AM,167.49,15,2512.3500000000004,43318230.73
2025-08-01 09:48:07 AM,167.47,0,0.0,43318230.73
2025-08-01 09:48:07 AM,167.47,10,1674.7,43319905.43
2025-08-01 09:48:22 AM,167.32,75,12549.0,43332454.43
2025-08-01 09:48:27 AM,167.51,0,0.0,43332454.43
2025-08-01 09:48:29 AM,167.51,2148,359811.48,43692265.91
2025-08-01 09:48:51 AM,167.55,0,0.0,43692265.91
2025-08-01 09:48:52 AM,167.55,50,8377.5,43700643.41
2025-08-01 09:48:55 AM,167.56,2001,335287.56,44035930.97
2025-08-01 09:49:11 AM,167.79,0,0.0,44035930.97
2025-08-01 09:49:11 AM,167.79,57,9564.029999999999,44045495.0
2025-08-01 09:49:17 AM,167.8,2,335.6,44045830.6
2025-08-01 09:49:26 AM,167.8,4,671.2,44046501.800000004
2025-08-01 09:49:36 AM,167.8,15,2517.0,44049018.800000004
2025-08-01 09:50:01 AM,167.8,1,167.8,44049186.6
2025-08-01 09:50:04 AM,167.8,200,33560.0,44082746.6
2025-08-01 09:50:11 AM,167.8,78,13088.400000000001,44095835.0
2025-08-01 09:50:17 AM,167.8,100,16780.0,44112615.0
2025-08-01 09:50:33 AM,167.8,20,3356.0,44115971.0
2025-08-01 09:50:45 AM,167.81,5,839.05,44116810.05
2025-08-01 09:51:04 AM,168.0,838,140784.0,44257594.05
2025-08-01 09:51:09 AM,168.01,0,0.0,44257594.05
2025-08-01 09:51:11 AM,168.01,614,103158.14,44360752.19
2025-08-01 09:51:22 AM,167.9,0,0.0,44360752.19
2025-08-01 09:51:23 AM,167.9,4600,772340.0,45133092.19
2025-08-01 09:51:36 AM,168.07,0,0.0,45133092.19
2025-08-01 09:51:38 AM,168.14,0,0.0,45133092.19
2025-08-01 09:51:38 AM,168.14,351,59017.13999999999,45192109.33
2025-08-01 09:51:48 AM,168.12,0,0.0,45192109.33
2025-08-01 09:51:48 AM,168.12,50,8406.0,45200515.33
2025-08-01 09:51:52 AM,168.0,0,0.0,45200515.33
2025-08-01 09:51:54 AM,168.0,4,672.0,45201187.33
2025-08-01 09:52:00 AM,168.0,460,77280.0,45278467.33
2025-08-01 09:52:10 AM,167.99,0,0.0,45278467.33
2025-08-01 09:52:12 AM,167.99,100,16799.0,45295266.33
2025-08-01 09:52:22 AM,168.0,0,0.0,45295266.33
2025-08-01 09:52:25 AM,168.0,5,840.0,45296106.33
2025-08-01 09:52:31 AM,167.87,0,0.0,45296106.33
2025-08-01 09:52:31 AM,167.87,6,1007.22,45297113.55
2025-08-01 09:52:52 AM,168.01,0,0.0,45297113.55
2025-08-01 09:52:52 AM,168.01,15,2520.1499999999996,45299633.699999996
2025-08-01 09:53:07 AM,168.04,0,0.0,45299633.699999996
2025-08-01 09:53:07 AM,168.04,2,336.08,45299969.779999994
2025-08-01 09:53:11 AM,168.17,0,0.0,45299969.779999994
2025-08-01 09:53:14 AM,168.17,500,84085.0,45384054.779999994
2025-08-01 09:54:00 AM,168.16,0,0.0,45384054.779999994
2025-08-01 09:54:03 AM,168.16,5,840.8,45384895.57999999
2025-08-01 09:54:10 AM,168.16,4,672.64,45385568.21999999
2025-08-01 09:54:27 AM,168.33,0,0.0,45385568.21999999
2025-08-01 09:54:29 AM,168.33,4000,673320.0,46058888.21999999
2025-08-01 09:54:34 AM,168.17,0,0.0,46058888.21999999
2025-08-01 09:54:35 AM,168.17,145,24384.649999999998,46083272.86999999
2025-08-01 09:54:45 AM,168.25,0,0.0,46083272.86999999
2025-08-01 09:54:47 AM,168.25,27,4542.75,46087815.61999999
2025-08-01 09:55:10 AM,168.25,6,1009.5,46088825.11999999
2025-08-01 09:55:19 AM,168.22,0,0.0,46088825.11999999
2025-08-01 09:55:22 AM,168.22,150,25233.0,46114058.11999999
2025-08-01 09:55:26 AM,168.2,0,0.0,46114058.11999999
2025-08-01 09:55:28 AM,168.2,27,4541.4,46118599.51999999
2025-08-01 09:55:43 AM,168.08,0,0.0,46118599.51999999
2025-08-01 09:55:46 AM,168.08,2,336.16,46118935.679999985
2025-08-01 09:55:59 AM,168.05,82,13780.1,46132715.77999999
2025-08-01 09:56:00 AM,167.72,0,0.0,46132715.77999999
2025-08-01 09:56:04 AM,167.72,3508,588361.76,46721077.539999984
2025-08-01 09:56:10 AM,167.7,0,0.0,46721077.539999984
2025-08-01 09:56:10 AM,167.7,100,16770.0,46737847.539999984
2025-08-01 09:56:16 AM,167.7,19,3186.2999999999997,46741033.83999998
2025-08-01 09:56:34 AM,167.84,15,2517.6,46743551.43999998
2025-08-01 09:57:23 AM,167.69,200,33538.0,46777089.43999998
2025-08-01 09:57:35 AM,167.77,75,12582.75,46789672.18999998
2025-08-01 09:57:45 AM,167.77,1,167.77,46789839.959999986
2025-08-01 09:58:36 AM,167.61,100,16761.0,46806600.959999986
2025-08-01 09:58:52 AM,167.62,35,5866.7,46812467.65999999
2025-08-01 09:59:10 AM,167.62,35,5866.7,46818334.35999999
2025-08-01 09:59:19 AM,167.64,1,167.64,46818501.99999999
2025-08-01 09:59:23 AM,167.62,205,34362.1,46852864.099999994
2025-08-01 09:59:35 AM,167.62,50,8381.0,46861245.099999994
2025-08-01 09:59:45 AM,167.62,35,5866.7,46867111.8
2025-08-01 09:59:55 AM,167.71,0,0.0,46867111.8
2025-08-01 09:59:57 AM,167.71,295,49474.450000000004,46916586.25
2025-08-01 10:00:22 AM,167.71,1,167.71,46916753.96
2025-08-01 10:00:26 AM,167.71,7,1173.97,46917927.93
2025-08-01 10:00:32 AM,167.76,310,52005.6,46969933.53
2025-08-01 10:00:41 AM,167.71,30,5031.3,46974964.83
2025-08-01 10:00:44 AM,167.71,84,14087.640000000001,46989052.47
2025-08-01 10:00:54 AM,167.6,100,16760.0,47005812.47
2025-08-01 10:01:00 AM,167.72,1,167.72,47005980.19
2025-08-01 10:01:07 AM,167.72,200,33544.0,47039524.19
2025-08-01 10:01:10 AM,167.71,10,1677.1000000000001,47041201.29
2025-08-01 10:01:19 AM,167.6,0,0.0,47041201.29
2025-08-01 10:01:19 AM,167.6,250,41900.0,47083101.29
2025-08-01 10:01:40 AM,167.59,50,8379.5,47091480.79
2025-08-01 10:01:44 AM,167.7,1,167.7,47091648.49
2025-08-01 10:01:46 AM,167.7,15,2515.5,47094163.99
2025-08-01 10:02:07 AM,167.56,0,0.0,47094163.99
2025-08-01 10:02:09 AM,167.56,300,50268.0,47144431.99
2025-08-01 10:02:40 AM,167.66,0,0.0,47144431.99
2025-08-01 10:02:40 AM,167.66,10,1676.6,47146108.59
2025-08-01 10:02:58 AM,167.54,0,0.0,47146108.59
2025-08-01 10:03:00 AM,167.6,81,13575.6,47159684.190000005
2025-08-01 10:03:14 AM,167.43,658,110168.94,47269853.13
2025-08-01 10:03:18 AM,167.5,0,0.0,47269853.13
2025-08-01 10:03:19 AM,167.5,119,19932.5,47289785.63
2025-08-01 10:03:38 AM,167.4,0,0.0,47289785.63
2025-08-01 10:03:38 AM,167.4,50,8370.0,47298155.63
2025-08-01 10:03:57 AM,167.4,76,12722.4,47310878.03
2025-08-01 10:04:49 AM,167.4,65,10881.0,47321759.03
2025-08-01 10:05:01 AM,167.47,64,10718.08,47332477.11
2025-08-01 10:05:08 AM,167.54,0,0.0,47332477.11
2025-08-01 10:05:08 AM,167.54,36,6031.44,47338508.55
2025-08-01 10:05:36 AM,167.49,10,1674.9,47340183.449999996
2025-08-01 10:05:40 AM,167.5,0,0.0,47340183.449999996
2025-08-01 10:05:42 AM,167.5,50,8375.0,47348558.449999996
2025-08-01 10:05:50 AM,167.5,10,1675.0,47350233.449999996
2025-08-01 10:06:02 AM,167.4,114,19083.600000000002,47369317.05
2025-08-01 10:06:18 AM,167.46,0,0.0,47369317.05
2025-08-01 10:06:18 AM,167.46,6,1004.76,47370321.809999995
2025-08-01 10:06:36 AM,167.45,2,334.9,47370656.70999999
2025-08-01 10:06:41 AM,167.35,0,0.0,47370656.70999999
2025-08-01 10:06:42 AM,167.35,632,105765.2,47476421.91
2025-08-01 10:06:44 AM,167.43,50,8371.5,47484793.41
2025-08-01 10:07:00 AM,167.35,82,13722.699999999999,47498516.11
2025-08-01 10:07:02 AM,167.39,15,2510.85,47501026.96
2025-08-01 10:07:06 AM,167.32,0,0.0,47501026.96
2025-08-01 10:07:06 AM,167.32,277,46347.64,47547374.6
2025-08-01 10:07:15 AM,167.38,100,16738.0,47564112.6
2025-08-01 10:07:33 AM,167.39,4,669.56,47564782.160000004
2025-08-01 10:07:39 AM,167.45,200,33490.0,47598272.160000004
2025-08-01 10:07:43 AM,167.33,0,0.0,47598272.160000004
2025-08-01 10:07:43 AM,167.33,15,2509.9500000000003,47600782.11000001
2025-08-01 10:08:29 AM,167.42,35,5859.7,47606641.81000001
2025-08-01 10:08:38 AM,167.33,0,0.0,47606641.81000001
2025-08-01 10:08:39 AM,167.33,75,12549.750000000002,47619191.56000001
2025-08-01 10:08:41 AM,167.33,30,5019.900000000001,47624211.46000001
2025-08-01 10:09:44 AM,167.33,1,167.33,47624378.79000001
2025-08-01 10:09:55 AM,167.33,217,36310.61,47660689.400000006
2025-08-01 10:10:24 AM,167.3,0,0.0,47660689.400000006
2025-08-01 10:10:24 AM,167.3,281,47011.3,47707700.7
2025-08-01 10:10:47 AM,167.35,0,0.0,47707700.7
2025-08-01 10:10:48 AM,167.35,193,32298.55,47739999.25
2025-08-01 10:11:23 AM,167.51,0,0.0,47739999.25
2025-08-01 10:11:23 AM,167.51,600,100506.0,47840505.25
2025-08-01 10:11:29 AM,167.37,0,0.0,47840505.25
2025-08-01 10:11:29 AM,167.37,91,15230.67,47855735.92
2025-08-01 10:11:48 AM,167.2,0,0.0,47855735.92
2025-08-01 10:11:48 AM,167.2,1395,233243.99999999997,48088979.92
2025-08-01 10:11:52 AM,167.2,40,6688.0,48095667.92
2025-08-01 10:12:11 AM,167.32,0,0.0,48095667.92
2025-08-01 10:12:11 AM,167.32,1,167.32,48095835.24
2025-08-01 10:12:48 AM,167.3,0,0.0,48095835.24
2025-08-01 10:12:51 AM,167.3,1,167.3,48096002.54
2025-08-01 10:12:53 AM,167.32,0,0.0,48096002.54
2025-08-01 10:12:56 AM,167.32,350,58562.0,48154564.54
2025-08-01 10:13:08 AM,167.39,100,16739.0,48171303.54
2025-08-01 10:13:44 AM,167.4,1,167.4,48171470.94
2025-08-01 10:13:50 AM,167.4,20,3348.0,48174818.94
2025-08-01 10:14:01 AM,167.4,59,9876.6,48184695.54
2025-08-01 10:14:07 AM,167.49,125,20936.25,48205631.79
2025-08-01 10:14:11 AM,167.41,0,0.0,48205631.79
2025-08-01 10:14:13 AM,167.41,2,334.82,48205966.61
2025-08-01 10:14:17 AM,167.49,0,0.0,48205966.61
2025-08-01 10:14:19 AM,167.53,51,8544.03,48214510.64
2025-08-01 10:14:36 AM,167.53,500,83765.0,48298275.64
2025-08-01 10:14:42 AM,167.57,50,8378.5,48306654.14
2025-08-01 10:15:56 AM,167.2,0,0.0,48306654.14
2025-08-01 10:15:58 AM,167.05,0,0.0,48306654.14
2025-08-01 10:15:58 AM,167.05,5436,908083.8,49214737.94
2025-08-01 10:16:01 AM,167.21,0,0.0,49214737.94
2025-08-01 10:16:04 AM,167.17,501,83752.17,49298490.11
2025-08-01 10:16:29 AM,167.05,0,0.0,49298490.11
2025-08-01 10:16:34 AM,167.05,380,63479.00000000001,49361969.11
2025-08-01 10:16:49 AM,167.1,0,0.0,49361969.11
2025-08-01 10:16:50 AM,167.1,2,334.2,49362303.31
2025-08-01 10:16:56 AM,167.06,0,0.0,49362303.31
2025-08-01 10:16:56 AM,167.06,25,4176.5,49366479.81
2025-08-01 10:17:22 AM,167.14,0,0.0,49366479.81
2025-08-01 10:17:23 AM,167.08,0,0.0,49366479.81
2025-08-01 10:17:24 AM,167.08,1102,184122.16,49550601.97
2025-08-01 10:17:42 AM,167.16,350,58506.0,49609107.97
2025-08-01 10:17:52 AM,166.99,0,0.0,49609107.97
2025-08-01 10:17:53 AM,166.9,0,0.0,49609107.97
2025-08-01 10:17:53 AM,166.9,4786,798783.4,50407891.37
2025-08-01 10:17:59 AM,166.89,0,0.0,50407891.37
2025-08-01 10:17:59 AM,166.89,100,16689.0,50424580.37
2025-08-01 10:18:07 AM,166.8,0,0.0,50424580.37
2025-08-01 10:18:11 AM,166.8,123,20516.4,50445096.769999996
2025-08-01 10:18:14 AM,166.67,0,0.0,50445096.769999996
2025-08-01 10:18:16 AM,166.8,0,0.0,50445096.769999996
2025-08-01 10:18:17 AM,166.8,985,164298.0,50609394.769999996
2025-08-01 10:18:37 AM,166.82,0,0.0,50609394.769999996
2025-08-01 10:18:40 AM,166.82,28,4670.96,50614065.73
2025-08-01 10:18:50 AM,166.89,0,0.0,50614065.73
2025-08-01 10:18:51 AM,166.89,100,16689.0,50630754.73
2025-08-01 10:19:26 AM,166.52,5612,934510.2400000001,51565264.97
2025-08-01 10:19:37 AM,166.67,3175,529177.25,52094442.22
2025-08-01 10:19:42 AM,166.58,0,0.0,52094442.22
2025-08-01 10:19:43 AM,166.58,89,14825.62,52109267.839999996
2025-08-01 10:19:45 AM,166.57,0,0.0,52109267.839999996
2025-08-01 10:19:49 AM,166.57,2,333.14,52109600.98
2025-08-01 10:20:01 AM,166.7,100,16670.0,52126270.98
2025-08-01 10:20:06 AM,166.71,0,0.0,52126270.98
2025-08-01 10:20:06 AM,166.71,100,16671.0,52142941.98
2025-08-01 10:20:15 AM,166.56,0,0.0,52142941.98
2025-08-01 10:20:16 AM,166.7,320,53344.0,52196285.98
2025-08-01 10:20:21 AM,166.68,0,0.0,52196285.98
2025-08-01 10:20:22 AM,166.68,1,166.68,52196452.66
2025-08-01 10:20:34 AM,166.68,1,166.68,52196619.339999996
2025-08-01 10:20:49 AM,166.67,0,0.0,52196619.339999996
2025-08-01 10:20:52 AM,166.67,10,1666.6999999999998,52198286.04
2025-08-01 10:21:03 AM,166.65,100,16665.0,52214951.04
2025-08-01 10:21:26 AM,166.65,1,166.65,52215117.69
2025-08-01 10:21:41 AM,166.68,0,0.0,52215117.69
2025-08-01 10:21:42 AM,166.68,250,41670.0,52256787.69
2025-08-01 10:21:48 AM,166.45,0,0.0,52256787.69
2025-08-01 10:21:48 AM,166.45,950,158127.5,52414915.19
2025-08-01 10:21:59 AM,166.43,0,0.0,52414915.19
2025-08-01 10:21:59 AM,166.43,300,49929.0,52464844.19
2025-08-01 10:22:05 AM,166.49,0,0.0,52464844.19
2025-08-01 10:22:07 AM,166.49,1,166.49,52465010.68
2025-08-01 10:22:08 AM,166.66,0,0.0,52465010.68
2025-08-01 10:22:10 AM,166.66,199,33165.34,52498176.02
2025-08-01 10:22:16 AM,166.66,2,333.32,52498509.34
2025-08-01 10:22:20 AM,166.52,0,0.0,52498509.34
2025-08-01 10:22:22 AM,166.52,500,83260.0,52581769.34
2025-08-01 10:22:26 AM,166.66,0,0.0,52581769.34
2025-08-01 10:22:28 AM,166.91,4230,706029.2999999999,53287798.64
2025-08-01 10:22:41 AM,166.68,0,0.0,53287798.64
2025-08-01 10:22:42 AM,166.68,600,100008.0,53387806.64
2025-08-01 10:22:55 AM,166.81,20,3336.2,53391142.84
2025-08-01 10:23:18 AM,166.86,0,0.0,53391142.84
2025-08-01 10:23:18 AM,166.86,10,1668.6000000000001,53392811.440000005
2025-08-01 10:23:21 AM,166.89,400,66756.0,53459567.440000005
2025-08-01 10:23:27 AM,166.93,200,33386.0,53492953.440000005
2025-08-01 10:23:34 AM,166.92,0,0.0,53492953.440000005
2025-08-01 10:23:35 AM,166.92,25,4173.0,53497126.440000005
2025-08-01 10:23:58 AM,166.95,0,0.0,53497126.440000005
2025-08-01 10:24:01 AM,166.95,111,18531.449999999997,53515657.89000001
2025-08-01 10:24:16 AM,166.91,0,0.0,53515657.89000001
2025-08-01 10:24:17 AM,166.91,364,60755.24,53576413.13000001
2025-08-01 10:24:35 AM,166.78,0,0.0,53576413.13000001
2025-08-01 10:24:36 AM,166.78,2,333.56,53576746.69000001
2025-08-01 10:24:58 AM,166.34,0,0.0,53576746.69000001
2025-08-01 10:24:58 AM,166.34,7644,1271502.96,54848249.65000001
2025-08-01 10:25:01 AM,166.34,607,100968.38,54949218.030000016
2025-08-01 10:25:06 AM,166.42,0,0.0,54949218.030000016
2025-08-01 10:25:07 AM,166.42,1,166.42,54949384.45000002
2025-08-01 10:25:32 AM,166.42,467,77718.14,55027102.59000002
2025-08-01 10:25:54 AM,166.43,0,0.0,55027102.59000002
2025-08-01 10:25:55 AM,166.4,480,79872.0,55106974.59000002
2025-08-01 10:25:58 AM,166.31,17,2827.27,55109801.86000002
2025-08-01 10:26:02 AM,166.39,0,0.0,55109801.86000002
2025-08-01 10:26:03 AM,166.39,21,3494.1899999999996,55113296.05000002
2025-08-01 10:26:27 AM,166.4,0,0.0,55113296.05000002
2025-08-01 10:26:28 AM,166.4,100,16640.0,55129936.05000002
2025-08-01 10:26:37 AM,166.67,0,0.0,55129936.05000002
2025-08-01 10:26:37 AM,166.72,3909,651708.48,55781644.530000016
2025-08-01 10:26:43 AM,166.72,1,166.72,55781811.250000015
2025-08-01 10:27:54 AM,166.7,0,0.0,55781811.250000015
2025-08-01 10:27:56 AM,166.7,25,4167.5,55785978.750000015
2025-08-01 10:28:33 AM,166.7,270,45009.0,55830987.750000015
2025-08-01 10:29:00 AM,166.75,0,0.0,55830987.750000015
2025-08-01 10:29:01 AM,166.75,500,83375.0,55914362.750000015
2025-08-01 10:29:08 AM,166.7,0,0.0,55914362.750000015
2025-08-01 10:29:10 AM,166.7,4,666.8,55915029.55000001
2025-08-01 10:29:21 AM,166.69,100,16669.0,55931698.55000001
2025-08-01 10:29:22 AM,166.71,0,0.0,55931698.55000001
2025-08-01 10:29:24 AM,166.71,225,37509.75,55969208.30000001
2025-08-01 10:29:50 AM,166.73,0,0.0,55969208.30000001
2025-08-01 10:29:51 AM,166.73,250,41682.5,56010890.80000001
2025-08-01 10:29:54 AM,166.69,0,0.0,56010890.80000001
2025-08-01 10:29:54 AM,166.69,100,16669.0,56027559.80000001
2025-08-01 10:30:03 AM,166.7,1,166.7,56027726.500000015
2025-08-01 10:30:46 AM,166.69,0,0.0,56027726.500000015
2025-08-01 10:30:48 AM,166.69,100,16669.0,56044395.500000015
2025-08-01 10:31:31 AM,166.6,0,0.0,56044395.500000015
2025-08-01 10:31:31 AM,166.6,62,10329.199999999999,56054724.70000002
2025-08-01 10:31:39 AM,166.41,0,0.0,56054724.70000002
2025-08-01 10:31:39 AM,166.41,27,4493.07,56059217.77000002
2025-08-01 10:31:48 AM,166.41,36,5990.76,56065208.530000016
2025-08-01 10:31:51 AM,166.56,0,0.0,56065208.530000016
2025-08-01 10:31:51 AM,166.56,45,7495.2,56072703.73000002
2025-08-01 10:31:57 AM,166.6,0,0.0,56072703.73000002
2025-08-01 10:31:58 AM,166.42,510,84874.2,56157577.93000002
2025-08-01 10:32:16 AM,166.55,0,0.0,56157577.93000002
2025-08-01 10:32:17 AM,166.55,1,166.55,56157744.48000002
2025-08-01 10:32:27 AM,166.46,0,0.0,56157744.48000002
2025-08-01 10:32:27 AM,166.46,208,34623.68,56192368.16000002
2025-08-01 10:32:29 AM,166.48,0,0.0,56192368.16000002
2025-08-01 10:32:30 AM,166.59,20,3331.8,56195699.960000016
2025-08-01 10:32:38 AM,166.5,0,0.0,56195699.960000016
2025-08-01 10:32:40 AM,166.5,72,11988.0,56207687.960000016
2025-08-01 10:32:48 AM,166.6,29,4831.4,56212519.360000014
2025-08-01 10:32:59 AM,166.7,0,0.0,56212519.360000014
2025-08-01 10:33:00 AM,166.7,31,5167.7,56217687.06000002
2025-08-01 10:33:08 AM,166.6,0,0.0,56217687.06000002
2025-08-01 10:33:08 AM,166.6,125,20825.0,56238512.06000002
2025-08-01 10:33:16 AM,166.73,28,4668.44,56243180.500000015
2025-08-01 10:33:46 AM,166.73,10,1667.3,56244847.80000001
2025-08-01 10:34:00 AM,166.71,0,0.0,56244847.80000001
2025-08-01 10:34:01 AM,166.71,4,666.84,56245514.640000015
2025-08-01 10:34:20 AM,166.75,672,112056.0,56357570.640000015
2025-08-01 10:34:29 AM,166.9,46,7677.400000000001,56365248.040000014
2025-08-01 10:34:40 AM,166.89,0,0.0,56365248.040000014
2025-08-01 10:34:41 AM,166.89,68,11348.519999999999,56376596.56000002
2025-08-01 10:34:46 AM,166.91,39,6509.49,56383106.05000002
2025-08-01 10:34:58 AM,166.91,13,2169.83,56385275.88000002
2025-08-01 10:35:00 AM,166.91,3,500.73,56385776.610000014
2025-08-01 10:35:04 AM,166.91,140,23367.399999999998,56409144.01000001
2025-08-01 10:35:26 AM,166.91,1000,166910.0,56576054.01000001
2025-08-01 10:36:22 AM,166.89,100,16689.0,56592743.01000001
2025-08-01 10:36:33 AM,166.89,88,14686.32,56607429.33000001
2025-08-01 10:36:40 AM,166.99,0,0.0,56607429.33000001
2025-08-01 10:36:41 AM,166.99,412,68799.88,56676229.210000016
2025-08-01 10:37:06 AM,166.99,60,10019.400000000001,56686248.610000014
2025-08-01 10:37:53 AM,166.99,100,16699.0,56702947.610000014
2025-08-01 10:38:14 AM,166.99,15,2504.8500000000004,56705452.460000016
2025-08-01 10:38:50 AM,166.92,25,4173.0,56709625.460000016
2025-08-01 10:39:14 AM,166.91,0,0.0,56709625.460000016
2025-08-01 10:39:15 AM,166.9,450,75105.0,56784730.460000016
2025-08-01 10:39:26 AM,166.9,5,834.5,56785564.960000016
2025-08-01 10:39:46 AM,166.9,1,166.9,56785731.860000014
2025-08-01 10:39:57 AM,166.8,0,0.0,56785731.860000014
2025-08-01 10:39:59 AM,166.8,939,156625.2,56942357.06000002
2025-08-01 10:40:15 AM,166.75,0,0.0,56942357.06000002
2025-08-01 10:40:16 AM,166.75,600,100050.0,57042407.06000002
2025-08-01 10:40:52 AM,166.8,3,500.40000000000003,57042907.460000016
2025-08-01 10:41:05 AM,166.8,10,1668.0,57044575.460000016
2025-08-01 10:41:17 AM,166.8,20,3336.0,57047911.460000016
2025-08-01 10:42:03 AM,166.75,0,0.0,57047911.460000016
2025-08-01 10:42:04 AM,166.88,505,84274.4,57132185.860000014
2025-08-01 10:42:21 AM,166.8,0,0.0,57132185.860000014
2025-08-01 10:42:21 AM,166.8,2,333.6,57132519.460000016
2025-08-01 10:44:11 AM,166.8,100,16680.0,57149199.460000016
2025-08-01 10:44:25 AM,166.76,101,16842.76,57166042.22000001
2025-08-01 10:44:33 AM,166.75,100,16675.0,57182717.22000001
2025-08-01 10:45:16 AM,166.82,0,0.0,57182717.22000001
2025-08-01 10:45:17 AM,166.82,160,26691.199999999997,57209408.42000002
2025-08-01 10:45:22 AM,166.81,1,166.81,57209575.23000002
2025-08-01 10:46:02 AM,166.75,0,0.0,57209575.23000002
2025-08-01 10:46:03 AM,166.75,2616,436218.0,57645793.23000002
2025-08-01 10:46:37 AM,166.57,0,0.0,57645793.23000002
2025-08-01 10:46:38 AM,166.54,2223,370218.42,58016011.65000002
2025-08-01 10:46:46 AM,166.57,0,0.0,58016011.65000002
2025-08-01 10:46:49 AM,166.57,5,832.8499999999999,58016844.50000002
2025-08-01 10:47:54 AM,166.5,0,0.0,58016844.50000002
2025-08-01 10:47:55 AM,166.5,300,49950.0,58066794.50000002
2025-08-01 10:48:15 AM,166.51,0,0.0,58066794.50000002
2025-08-01 10:48:17 AM,166.51,14,2331.14,58069125.64000002
2025-08-01 10:48:33 AM,166.57,0,0.0,58069125.64000002
2025-08-01 10:48:33 AM,166.57,140,23319.8,58092445.44000002
2025-08-01 10:48:36 AM,166.63,0,0.0,58092445.44000002
2025-08-01 10:48:36 AM,166.63,5,833.15,58093278.59000002
2025-08-01 10:48:42 AM,166.63,100,16663.0,58109941.59000002
2025-08-01 10:48:54 AM,166.64,0,0.0,58109941.59000002
2025-08-01 10:48:55 AM,166.64,200,33328.0,58143269.59000002
2025-08-01 10:49:39 AM,166.65,0,0.0,58143269.59000002
2025-08-01 10:49:41 AM,166.57,0,0.0,58143269.59000002
2025-08-01 10:49:42 AM,166.57,213,35479.409999999996,58178749.000000015
2025-08-01 10:50:07 AM,166.8,0,0.0,58178749.000000015
2025-08-01 10:50:09 AM,166.8,4789,798805.2000000001,58977554.20000002
2025-08-01 10:50:17 AM,166.76,0,0.0,58977554.20000002
2025-08-01 10:50:20 AM,166.76,10,1667.6,58979221.80000002
2025-08-01 10:50:36 AM,166.7,0,0.0,58979221.80000002
2025-08-01 10:50:37 AM,166.7,101,16836.699999999997,58996058.50000002
2025-08-01 10:50:46 AM,166.57,0,0.0,58996058.50000002
2025-08-01 10:50:47 AM,166.5,0,0.0,58996058.50000002
2025-08-01 10:50:48 AM,166.5,615,102397.5,59098456.00000002
2025-08-01 10:51:05 AM,166.5,2839,472693.5,59571149.50000002
2025-08-01 10:51:08 AM,166.4,0,0.0,59571149.50000002
2025-08-01 10:51:11 AM,166.4,473,78707.2,59649856.700000025
2025-08-01 10:51:14 AM,166.3,0,0.0,59649856.700000025
2025-08-01 10:51:17 AM,166.3,2514,418078.2,60067934.90000003
2025-08-01 10:51:38 AM,166.3,200,33260.0,60101194.90000003
2025-08-01 10:51:52 AM,166.5,0,0.0,60101194.90000003
2025-08-01 10:51:55 AM,166.5,682,113553.0,60214747.90000003
2025-08-01 10:51:58 AM,166.36,0,0.0,60214747.90000003
2025-08-01 10:52:00 AM,166.36,3330,553978.8,60768726.700000025
2025-08-01 10:52:38 AM,166.25,0,0.0,60768726.700000025
2025-08-01 10:52:38 AM,166.25,5793,963086.25,61731812.950000025
2025-08-01 10:52:49 AM,166.25,95,15793.75,61747606.700000025
2025-08-01 10:53:02 AM,166.43,0,0.0,61747606.700000025
2025-08-01 10:53:04 AM,166.43,100,16643.0,61764249.700000025
2025-08-01 10:53:40 AM,166.25,0,0.0,61764249.700000025
2025-08-01 10:53:41 AM,166.25,100,16625.0,61780874.700000025
2025-08-01 10:54:29 AM,166.33,103,17131.99,61798006.69000003
2025-08-01 10:54:32 AM,166.37,0,0.0,61798006.69000003
2025-08-01 10:54:35 AM,166.37,1,166.37,61798173.060000025
2025-08-01 10:55:16 AM,166.35,0,0.0,61798173.060000025
2025-08-01 10:55:16 AM,166.35,510,84838.5,61883011.560000025
2025-08-01 10:55:18 AM,166.37,0,0.0,61883011.560000025
2025-08-01 10:55:22 AM,166.37,500,83185.0,61966196.560000025
2025-08-01 10:55:54 AM,166.42,0,0.0,61966196.560000025
2025-08-01 10:55:55 AM,166.42,385,64071.7,62030268.26000003
2025-08-01 10:56:16 AM,166.42,200,33284.0,62063552.26000003
2025-08-01 10:56:17 AM,166.5,30,4995.0,62068547.26000003
2025-08-01 10:56:28 AM,166.5,27,4495.5,62073042.76000003
2025-08-01 10:56:40 AM,166.58,0,0.0,62073042.76000003
2025-08-01 10:56:42 AM,166.58,50,8329.0,62081371.76000003
2025-08-01 10:56:48 AM,166.51,25,4162.75,62085534.51000003
2025-08-01 10:56:49 AM,166.58,14,2332.1200000000003,62087866.630000025
2025-08-01 10:57:04 AM,166.58,89,14825.62,62102692.25000002
2025-08-01 10:57:08 AM,166.59,0,0.0,62102692.25000002
2025-08-01 10:57:08 AM,166.59,20,3331.8,62106024.05000002
2025-08-01 10:57:25 AM,166.68,10,1666.8000000000002,62107690.85000002
2025-08-01 10:57:56 AM,166.68,2,333.36,62108024.210000016
2025-08-01 10:58:02 AM,166.68,22,3666.96,62111691.17000002
2025-08-01 10:58:23 AM,166.6,60,9996.0,62121687.17000002
2025-08-01 10:58:40 AM,166.72,100,16672.0,62138359.17000002
2025-08-01 10:59:01 AM,166.72,29,4834.88,62143194.05000002
2025-08-01 10:59:22 AM,166.6,0,0.0,62143194.05000002
2025-08-01 10:59:26 AM,166.6,206,34319.6,62177513.65000002
2025-08-01 10:59:52 AM,166.7,0,0.0,62177513.65000002
2025-08-01 10:59:53 AM,166.7,250,41675.0,62219188.65000002
2025-08-01 11:00:03 AM,166.65,0,0.0,62219188.65000002
2025-08-01 11:00:04 AM,166.65,200,33330.0,62252518.65000002
2025-08-01 11:01:04 AM,166.7,1,166.7,62252685.350000024
2025-08-01 11:01:11 AM,166.85,0,0.0,62252685.350000024
2025-08-01 11:01:15 AM,166.85,100,16685.0,62269370.350000024
2025-08-01 11:01:26 AM,166.82,103,17182.46,62286552.810000025
2025-08-01 11:02:15 AM,166.73,0,0.0,62286552.810000025
2025-08-01 11:02:18 AM,166.73,5,833.65,62287386.46000002
2025-08-01 11:03:03 AM,166.72,500,83360.0,62370746.46000002
2025-08-01 11:03:11 AM,166.87,0,0.0,62370746.46000002
2025-08-01 11:03:11 AM,166.87,95,15852.65,62386599.11000002
2025-08-01 11:03:55 AM,166.76,0,0.0,62386599.11000002
2025-08-01 11:03:56 AM,166.76,8,1334.08,62387933.19000002
2025-08-01 11:04:31 AM,166.88,173,28870.239999999998,62416803.43000002
2025-08-01 11:04:47 AM,167.15,730,122019.5,62538822.93000002
2025-08-01 11:05:22 AM,167.15,100,16715.0,62555537.93000002
2025-08-01 11:05:28 AM,167.15,900,150435.0,62705972.93000002
2025-08-01 11:05:40 AM,167.15,50,8357.5,62714330.43000002
2025-08-01 11:05:56 AM,167.15,1,167.15,62714497.58000002
2025-08-01 11:06:00 AM,167.15,57,9527.550000000001,62724025.13000002
2025-08-01 11:06:43 AM,167.14,1,167.14,62724192.27000002
2025-08-01 11:06:55 AM,167.06,99,16538.94,62740731.210000016
2025-08-01 11:07:30 AM,167.04,2,334.08,62741065.290000014
2025-08-01 11:07:35 AM,167.13,0,0.0,62741065.290000014
2025-08-01 11:07:36 AM,167.13,15,2506.95,62743572.24000002
2025-08-01 11:07:57 AM,167.13,150,25069.5,62768641.74000002
2025-08-01 11:08:24 AM,167.0,1690,282230.0,63050871.74000002
2025-08-01 11:08:39 AM,166.88,0,0.0,63050871.74000002
2025-08-01 11:08:39 AM,166.88,200,33376.0,63084247.74000002
2025-08-01 11:08:58 AM,166.75,181,30181.75,63114429.49000002
2025-08-01 11:08:59 AM,166.52,0,0.0,63114429.49000002
2025-08-01 11:09:00 AM,166.52,4087,680567.24,63794996.73000002
2025-08-01 11:09:04 AM,166.5,2,333.0,63795329.73000002
2025-08-01 11:09:13 AM,166.63,500,83315.0,63878644.73000002
2025-08-01 11:09:16 AM,166.64,229,38160.56,63916805.29000002
2025-08-01 11:09:31 AM,166.52,0,0.0,63916805.29000002
2025-08-01 11:09:32 AM,166.52,2,333.04,63917138.33000002
2025-08-01 11:09:44 AM,166.63,0,0.0,63917138.33000002
2025-08-01 11:09:45 AM,166.63,236,39324.68,63956463.01000002
2025-08-01 11:09:52 AM,166.72,0,0.0,63956463.01000002
2025-08-01 11:09:53 AM,166.72,135,22507.2,63978970.21000002
2025-08-01 11:10:00 AM,166.73,0,0.0,63978970.21000002
2025-08-01 11:10:01 AM,166.73,18,3001.14,63981971.350000024
2025-08-01 11:10:04 AM,166.97,0,0.0,63981971.350000024
2025-08-01 11:10:06 AM,166.82,0,0.0,63981971.350000024
2025-08-01 11:10:07 AM,166.82,4711,785889.02,64767860.37000003
2025-08-01 11:10:17 AM,166.81,2,333.62,64768193.990000024
2025-08-01 11:10:18 AM,166.8,0,0.0,64768193.990000024
2025-08-01 11:10:19 AM,166.8,150,25020.0,64793213.990000024
2025-08-01 11:10:24 AM,166.59,35,5830.650000000001,64799044.64000002
2025-08-01 11:10:32 AM,166.64,0,0.0,64799044.64000002
2025-08-01 11:10:34 AM,166.73,154,25676.42,64824721.060000025
2025-08-01 11:11:01 AM,166.73,5,833.65,64825554.71000002
2025-08-01 11:11:18 AM,166.71,177,29507.670000000002,64855062.380000025
2025-08-01 11:11:23 AM,166.73,50,8336.5,64863398.880000025
2025-08-01 11:11:38 AM,166.7,0,0.0,64863398.880000025
2025-08-01 11:11:40 AM,166.84,590,98435.6,64961834.48000003
2025-08-01 11:12:02 AM,166.85,0,0.0,64961834.48000003
2025-08-01 11:12:06 AM,166.85,300,50055.0,65011889.48000003
2025-08-01 11:12:10 AM,166.73,0,0.0,65011889.48000003
2025-08-01 11:12:11 AM,166.83,150,25024.500000000004,65036913.98000003
2025-08-01 11:13:14 AM,166.69,0,0.0,65036913.98000003
2025-08-01 11:13:15 AM,166.69,301,50173.69,65087087.670000024
2025-08-01 11:14:04 AM,166.69,100,16669.0,65103756.670000024
2025-08-01 11:14:22 AM,166.7,1,166.7,65103923.37000003
2025-08-01 11:14:23 AM,166.86,0,0.0,65103923.37000003
2025-08-01 11:14:26 AM,166.86,2100,350406.0,65454329.37000003
2025-08-01 11:14:29 AM,166.78,0,0.0,65454329.37000003
2025-08-01 11:14:31 AM,166.78,300,50034.0,65504363.37000003
2025-08-01 11:14:59 AM,166.78,229,38192.62,65542555.990000024
2025-08-01 11:15:01 AM,166.7,0,0.0,65542555.990000024
2025-08-01 11:15:04 AM,166.7,165,27505.499999999996,65570061.490000024
2025-08-01 11:15:09 AM,166.7,2,333.4,65570394.89000002
2025-08-01 11:15:17 AM,166.83,0,0.0,65570394.89000002
2025-08-01 11:15:19 AM,166.83,2,333.66,65570728.55000002
2025-08-01 11:16:15 AM,166.82,0,0.0,65570728.55000002
2025-08-01 11:16:17 AM,166.82,100,16682.0,65587410.55000002
2025-08-01 11:16:50 AM,166.92,1055,176100.59999999998,65763511.15000002
2025-08-01 11:17:03 AM,167.09,0,0.0,65763511.15000002
2025-08-01 11:17:04 AM,167.09,75,12531.75,65776042.90000002
2025-08-01 11:17:09 AM,167.13,0,0.0,65776042.90000002
2025-08-01 11:17:10 AM,167.13,350,58495.5,65834538.40000002
2025-08-01 11:17:36 AM,167.2,1978,330721.6,66165260.00000002
2025-08-01 11:18:00 AM,167.0,0,0.0,66165260.00000002
2025-08-01 11:18:03 AM,167.0,475,79325.0,66244585.00000002
2025-08-01 11:18:15 AM,167.08,0,0.0,66244585.00000002
2025-08-01 11:18:16 AM,167.08,50,8354.0,66252939.00000002
2025-08-01 11:18:57 AM,167.06,0,0.0,66252939.00000002
2025-08-01 11:19:00 AM,167.06,60,10023.6,66262962.600000024
2025-08-01 11:19:00 AM,167.06,35,5847.1,66268809.700000025
2025-08-01 11:19:30 AM,167.05,0,0.0,66268809.700000025
2025-08-01 11:19:33 AM,167.05,500,83525.0,66352334.700000025
2025-08-01 11:20:07 AM,167.16,0,0.0,66352334.700000025
2025-08-01 11:20:11 AM,167.16,2,334.32,66352669.020000026
2025-08-01 11:20:30 AM,167.05,0,0.0,66352669.020000026
2025-08-01 11:20:32 AM,167.05,1,167.05,66352836.07000002
2025-08-01 11:20:35 AM,167.0,0,0.0,66352836.07000002
2025-08-01 11:20:37 AM,167.0,4679,781393.0,67134229.07000002
2025-08-01 11:21:48 AM,166.95,0,0.0,67134229.07000002
2025-08-01 11:21:50 AM,166.95,50,8347.5,67142576.57000002
2025-08-01 11:22:06 AM,166.95,272,45410.399999999994,67187986.97000003
2025-08-01 11:22:24 AM,166.96,0,0.0,67187986.97000003
2025-08-01 11:22:27 AM,166.96,13,2170.48,67190157.45000003
2025-08-01 11:22:32 AM,166.95,0,0.0,67190157.45000003
2025-08-01 11:22:32 AM,166.95,10,1669.5,67191826.95000003
2025-08-01 11:22:48 AM,166.95,287,47914.649999999994,67239741.60000004
2025-08-01 11:24:15 AM,166.95,82,13689.9,67253431.50000004
2025-08-01 11:25:29 AM,167.0,0,0.0,67253431.50000004
2025-08-01 11:25:29 AM,167.0,1,167.0,67253598.50000004
2025-08-01 11:25:32 AM,166.95,0,0.0,67253598.50000004
2025-08-01 11:25:34 AM,166.95,17,2838.1499999999996,67256436.65000005
2025-08-01 11:25:42 AM,167.0,0,0.0,67256436.65000005
2025-08-01 11:25:45 AM,167.0,845,141115.0,67397551.65000005
2025-08-01 11:26:03 AM,167.05,0,0.0,67397551.65000005
2025-08-01 11:26:05 AM,167.05,108,18041.4,67415593.05000006
2025-08-01 11:26:33 AM,166.96,0,0.0,67415593.05000006
2025-08-01 11:26:36 AM,166.96,60,10017.6,67425610.65000005
2025-08-01 11:26:58 AM,167.05,2,334.1,67425944.75000004
2025-08-01 11:27:14 AM,166.97,0,0.0,67425944.75000004
2025-08-01 11:27:16 AM,166.97,50,8348.5,67434293.25000004
2025-08-01 11:27:23 AM,166.8,0,0.0,67434293.25000004
2025-08-01 11:27:24 AM,166.8,9025,1505370.0,68939663.25000004
2025-08-01 11:27:37 AM,166.53,8114,1351224.42,70290887.67000005
2025-08-01 11:27:44 AM,166.57,239,39810.229999999996,70330697.90000005
2025-08-01 11:27:52 AM,166.34,0,0.0,70330697.90000005
2025-08-01 11:27:53 AM,166.34,100,16634.0,70347331.90000005
2025-08-01 11:27:54 AM,166.33,0,0.0,70347331.90000005
2025-08-01 11:27:55 AM,166.33,94,15635.02,70362966.92000005
2025-08-01 11:28:02 AM,166.23,0,0.0,70362966.92000005
2025-08-01 11:28:03 AM,166.23,5033,836635.59,71199602.51000005
2025-08-01 11:28:06 AM,166.32,0,0.0,71199602.51000005
2025-08-01 11:28:08 AM,166.32,205,34095.6,71233698.11000004
2025-08-01 11:28:09 AM,166.15,0,0.0,71233698.11000004
2025-08-01 11:28:10 AM,166.15,60,9969.0,71243667.11000004
2025-08-01 11:28:16 AM,166.31,0,0.0,71243667.11000004
2025-08-01 11:28:19 AM,166.31,1,166.31,71243833.42000005
2025-08-01 11:28:28 AM,166.0,0,0.0,71243833.42000005
2025-08-01 11:28:29 AM,166.0,8100,1344600.0,72588433.42000005
2025-08-01 11:28:33 AM,166.18,0,0.0,72588433.42000005
2025-08-01 11:28:34 AM,166.36,0,0.0,72588433.42000005
2025-08-01 11:28:34 AM,166.36,4182,695717.52,73284150.94000004
2025-08-01 11:28:38 AM,166.49,0,0.0,73284150.94000004
2025-08-01 11:28:40 AM,166.49,2,332.98,73284483.92000005
2025-08-01 11:29:04 AM,166.5,0,0.0,73284483.92000005
2025-08-01 11:29:04 AM,166.5,8,1332.0,73285815.92000005
2025-08-01 11:29:16 AM,166.62,0,0.0,73285815.92000005
2025-08-01 11:29:18 AM,166.62,25,4165.5,73289981.42000005
2025-08-01 11:30:23 AM,166.61,0,0.0,73289981.42000005
2025-08-01 11:30:23 AM,166.61,4,666.44,73290647.86000004
2025-08-01 11:30:25 AM,166.61,28,4665.08,73295312.94000004
2025-08-01 11:30:47 AM,166.61,20,3332.2000000000003,73298645.14000005
2025-08-01 11:32:54 AM,166.5,1,166.5,73298811.64000005
2025-08-01 11:33:13 AM,166.43,0,0.0,73298811.64000005
2025-08-01 11:33:15 AM,166.43,565,94032.95,73392844.59000005
2025-08-01 11:33:34 AM,166.55,0,0.0,73392844.59000005
2025-08-01 11:33:35 AM,166.55,5,832.75,73393677.34000005
2025-08-01 11:33:56 AM,166.55,500,83275.0,73476952.34000005
2025-08-01 11:34:05 AM,166.51,0,0.0,73476952.34000005
2025-08-01 11:34:06 AM,166.51,1,166.51,73477118.85000005
2025-08-01 11:34:44 AM,166.55,0,0.0,73477118.85000005
2025-08-01 11:34:47 AM,166.55,39,6495.450000000001,73483614.30000006
2025-08-01 11:35:19 AM,166.55,10,1665.5,73485279.80000006
2025-08-01 11:35:33 AM,166.41,0,0.0,73485279.80000006
2025-08-01 11:35:35 AM,166.41,50,8320.5,73493600.30000006
2025-08-01 11:35:39 AM,166.49,0,0.0,73493600.30000006
2025-08-01 11:35:40 AM,166.49,2,332.98,73493933.28000006
2025-08-01 11:36:12 AM,166.48,0,0.0,73493933.28000006
2025-08-01 11:36:16 AM,166.48,18,2996.64,73496929.92000006
2025-08-01 11:36:37 AM,166.4,47,7820.8,73504750.72000006
2025-08-01 11:36:48 AM,166.4,1107,184204.80000000002,73688955.52000006
2025-08-01 11:36:58 AM,166.3,0,0.0,73688955.52000006
2025-08-01 11:36:58 AM,166.3,27,4490.1,73693445.62000005
2025-08-01 11:37:16 AM,166.39,0,0.0,73693445.62000005
2025-08-01 11:37:19 AM,166.39,50,8319.5,73701765.12000005
2025-08-01 11:37:40 AM,166.39,30,4991.7,73706756.82000005
2025-08-01 11:38:09 AM,166.3,0,0.0,73706756.82000005
2025-08-01 11:38:10 AM,166.3,1070,177941.0,73884697.82000005
2025-08-01 11:38:15 AM,166.47,0,0.0,73884697.82000005
2025-08-01 11:38:16 AM,166.47,3318,552347.46,74437045.28000005
2025-08-01 11:39:09 AM,166.51,0,0.0,74437045.28000005
2025-08-01 11:39:11 AM,166.51,100,16651.0,74453696.28000005
2025-08-01 11:39:42 AM,166.55,1117,186036.35,74639732.63000004
2025-08-01 11:40:58 AM,166.56,0,0.0,74639732.63000004
2025-08-01 11:40:59 AM,166.56,60,9993.6,74649726.23000003
2025-08-01 11:41:04 AM,166.61,200,33322.0,74683048.23000003
2025-08-01 11:41:20 AM,166.65,10,1666.5,74684714.73000003
2025-08-01 11:41:55 AM,166.56,0,0.0,74684714.73000003
2025-08-01 11:41:55 AM,166.56,50,8328.0,74693042.73000003
2025-08-01 11:42:11 AM,166.55,450,74947.5,74767990.23000003
2025-08-01 11:42:25 AM,166.55,100,16655.0,74784645.23000003
2025-08-01 11:43:07 AM,166.63,0,0.0,74784645.23000003
2025-08-01 11:43:08 AM,166.63,40,6665.2,74791310.43000004
2025-08-01 11:43:25 AM,166.55,0,0.0,74791310.43000004
2025-08-01 11:43:25 AM,166.55,30,4996.5,74796306.93000004
2025-08-01 11:43:45 AM,166.55,500,83275.0,74879581.93000004
2025-08-01 11:44:08 AM,166.39,0,0.0,74879581.93000004
2025-08-01 11:44:12 AM,166.39,5640,938439.6,75818021.53000003
2025-08-01 11:44:22 AM,166.35,0,0.0,75818021.53000003
2025-08-01 11:44:24 AM,166.35,20,3327.0,75821348.53000003
2025-08-01 11:44:39 AM,166.3,0,0.0,75821348.53000003
2025-08-01 11:44:41 AM,166.3,2,332.6,75821681.13000003
2025-08-01 11:45:02 AM,166.3,150,24945.0,75846626.13000003
2025-08-01 11:45:08 AM,166.3,204,33925.200000000004,75880551.33000003
2025-08-01 11:45:24 AM,166.3,180,29934.000000000004,75910485.33000003
2025-08-01 11:45:29 AM,166.3,99,16463.7,75926949.03000003
2025-08-01 11:46:12 AM,166.3,117,19457.100000000002,75946406.13000003
2025-08-01 11:46:22 AM,166.3,30,4989.0,75951395.13000003
2025-08-01 11:46:54 AM,166.35,0,0.0,75951395.13000003
2025-08-01 11:46:54 AM,166.35,25,4158.75,75955553.88000003
2025-08-01 11:47:11 AM,166.3,0,0.0,75955553.88000003
2025-08-01 11:47:15 AM,166.3,97,16131.1,75971684.98000002
2025-08-01 11:47:21 AM,166.35,7,1164.45,75972849.43000002
2025-08-01 11:47:41 AM,166.3,46,7649.8,75980499.23000002
2025-08-01 11:48:01 AM,166.3,148,24612.4,76005111.63000003
2025-08-01 11:48:26 AM,166.3,8,1330.4,76006442.03000003
2025-08-01 11:48:41 AM,166.3,220,36586.0,76043028.03000003
2025-08-01 11:48:57 AM,166.3,131,21785.300000000003,76064813.33000003
2025-08-01 11:50:04 AM,166.3,165,27439.500000000004,76092252.83000003
2025-08-01 11:50:05 AM,166.3,153,25443.9,76117696.73000003
2025-08-01 11:51:45 AM,166.41,0,0.0,76117696.73000003
2025-08-01 11:51:49 AM,166.41,250,41602.5,76159299.23000003
2025-08-01 11:52:19 AM,166.44,0,0.0,76159299.23000003
2025-08-01 11:52:19 AM,166.44,430,71569.2,76230868.43000004
2025-08-01 11:52:34 AM,166.47,0,0.0,76230868.43000004
2025-08-01 11:52:34 AM,166.47,25,4161.75,76235030.18000004
2025-08-01 11:54:01 AM,166.47,50,8323.5,76243353.68000004
2025-08-01 11:55:25 AM,166.42,0,0.0,76243353.68000004
2025-08-01 11:55:27 AM,166.42,29,4826.179999999999,76248179.86000004
2025-08-01 11:55:46 AM,166.4,0,0.0,76248179.86000004
2025-08-01 11:55:47 AM,166.4,1,166.4,76248346.26000005
2025-08-01 11:55:53 AM,166.4,4,665.6,76249011.86000004
2025-08-01 11:55:59 AM,166.45,0,0.0,76249011.86000004
2025-08-01 11:56:02 AM,166.45,21,3495.45,76252507.31000005
2025-08-01 11:56:24 AM,166.3,136,22616.800000000003,76275124.11000004
2025-08-01 11:56:43 AM,166.4,80,13312.0,76288436.11000004
2025-08-01 11:56:45 AM,166.3,0,0.0,76288436.11000004
2025-08-01 11:56:46 AM,166.4,0,0.0,76288436.11000004
2025-08-01 11:56:48 AM,166.4,416,69222.40000000001,76357658.51000005
2025-08-01 11:56:57 AM,166.31,0,0.0,76357658.51000005
2025-08-01 11:56:58 AM,166.31,50,8315.5,76365974.01000005
2025-08-01 11:57:11 AM,166.44,0,0.0,76365974.01000005
2025-08-01 11:57:13 AM,166.44,4,665.76,76366639.77000006
2025-08-01 11:57:32 AM,166.32,0,0.0,76366639.77000006
2025-08-01 11:57:33 AM,166.32,90,14968.8,76381608.57000005
2025-08-01 11:57:41 AM,166.5,0,0.0,76381608.57000005
2025-08-01 11:57:43 AM,166.5,205,34132.5,76415741.07000005
2025-08-01 11:57:50 AM,166.55,0,0.0,76415741.07000005
2025-08-01 11:57:53 AM,166.55,95,15822.250000000002,76431563.32000005
2025-08-01 11:58:11 AM,166.36,0,0.0,76431563.32000005
2025-08-01 11:58:14 AM,166.36,56,9316.16,76440879.48000005
2025-08-01 11:58:25 AM,166.35,100,16635.0,76457514.48000005
2025-08-01 11:58:40 AM,166.47,0,0.0,76457514.48000005
2025-08-01 11:58:41 AM,166.47,40,6658.8,76464173.28000005
2025-08-01 11:59:02 AM,166.33,100,16633.0,76480806.28000005
2025-08-01 11:59:38 AM,166.45,1,166.45,76480972.73000005
2025-08-01 12:00:27 PM,166.36,130,21626.800000000003,76502599.53000005
2025-08-01 12:00:29 PM,166.45,0,0.0,76502599.53000005
2025-08-01 12:00:30 PM,166.45,90,14980.499999999998,76517580.03000005
2025-08-01 12:00:34 PM,166.46,0,0.0,76517580.03000005
2025-08-01 12:00:35 PM,166.46,1,166.46,76517746.49000004
2025-08-01 12:00:42 PM,166.48,60,9988.8,76527735.29000004
2025-08-01 12:01:19 PM,166.48,500,83240.0,76610975.29000004
2025-08-01 12:01:51 PM,166.45,0,0.0,76610975.29000004
2025-08-01 12:01:52 PM,166.45,150,24967.5,76635942.79000004
2025-08-01 12:02:18 PM,166.47,5,832.35,76636775.14000003
2025-08-01 12:02:19 PM,166.4,0,0.0,76636775.14000003
2025-08-01 12:02:21 PM,166.4,6,998.4000000000001,76637773.54000004
2025-08-01 12:02:41 PM,166.48,0,0.0,76637773.54000004
2025-08-01 12:02:42 PM,166.48,883,147001.84,76784775.38000004
2025-08-01 12:03:01 PM,166.42,0,0.0,76784775.38000004
2025-08-01 12:03:02 PM,166.42,150,24962.999999999996,76809738.38000004
2025-08-01 12:03:50 PM,166.5,0,0.0,76809738.38000004
2025-08-01 12:03:52 PM,166.5,11,1831.5,76811569.88000004
2025-08-01 12:04:05 PM,166.54,0,0.0,76811569.88000004
2025-08-01 12:04:07 PM,166.54,250,41635.0,76853204.88000004
2025-08-01 12:04:38 PM,166.56,155,25816.8,76879021.68000004
2025-08-01 12:05:44 PM,166.5,0,0.0,76879021.68000004
2025-08-01 12:05:47 PM,166.5,8,1332.0,76880353.68000004
2025-08-01 12:05:54 PM,166.4,0,0.0,76880353.68000004
2025-08-01 12:05:57 PM,166.4,407,67724.8,76948078.48000003
2025-08-01 12:06:48 PM,166.36,0,0.0,76948078.48000003
2025-08-01 12:06:51 PM,166.36,261,43419.96000000001,76991498.44000003
2025-08-01 12:07:30 PM,166.41,0,0.0,76991498.44000003
2025-08-01 12:07:32 PM,166.41,20,3328.2,76994826.64000003
2025-08-01 12:07:46 PM,166.36,0,0.0,76994826.64000003
2025-08-01 12:07:47 PM,166.36,102,16968.72,77011795.36000003
2025-08-01 12:08:07 PM,166.41,1,166.41,77011961.77000003
2025-08-01 12:08:54 PM,166.36,0,0.0,77011961.77000003
2025-08-01 12:08:57 PM,166.36,9,1497.2400000000002,77013459.01000002
2025-08-01 12:09:44 PM,166.33,0,0.0,77013459.01000002
2025-08-01 12:09:46 PM,166.33,221,36758.93,77050217.94000003
2025-08-01 12:09:50 PM,166.4,0,0.0,77050217.94000003
2025-08-01 12:09:51 PM,166.4,167,27788.8,77078006.74000002
2025-08-01 12:10:47 PM,166.4,50,8320.0,77086326.74000002
2025-08-01 12:12:52 PM,166.48,0,0.0,77086326.74000002
2025-08-01 12:12:56 PM,166.48,15,2497.2,77088823.94000003
2025-08-01 12:13:16 PM,166.53,0,0.0,77088823.94000003
2025-08-01 12:13:16 PM,166.53,500,83265.0,77172088.94000003
2025-08-01 12:13:34 PM,166.4,0,0.0,77172088.94000003
2025-08-01 12:13:36 PM,166.4,876,145766.4,77317855.34000003
2025-08-01 12:13:46 PM,166.52,8,1332.16,77319187.50000003
2025-08-01 12:14:28 PM,166.4,0,0.0,77319187.50000003
2025-08-01 12:14:30 PM,166.4,390,64896.0,77384083.50000003
2025-08-01 12:14:35 PM,166.52,2,333.04,77384416.54000004
2025-08-01 12:15:17 PM,166.52,100,16652.0,77401068.54000004
2025-08-01 12:15:20 PM,166.4,0,0.0,77401068.54000004
2025-08-01 12:15:22 PM,166.4,250,41600.0,77442668.54000004
2025-08-01 12:16:16 PM,166.41,0,0.0,77442668.54000004
2025-08-01 12:16:17 PM,166.41,75,12480.75,77455149.29000004
2025-08-01 12:16:26 PM,166.4,0,0.0,77455149.29000004
2025-08-01 12:16:27 PM,166.4,255,42432.0,77497581.29000004
2025-08-01 12:16:38 PM,166.47,0,0.0,77497581.29000004
2025-08-01 12:16:41 PM,166.47,10,1664.7,77499245.99000004
2025-08-01 12:16:46 PM,166.4,0,0.0,77499245.99000004
2025-08-01 12:16:46 PM,166.4,5,832.0,77500077.99000004
2025-08-01 12:17:26 PM,166.49,0,0.0,77500077.99000004
2025-08-01 12:17:30 PM,166.49,2,332.98,77500410.97000004
2025-08-01 12:17:49 PM,166.49,308,51278.920000000006,77551689.89000005
2025-08-01 12:17:52 PM,166.56,0,0.0,77551689.89000005
2025-08-01 12:17:54 PM,166.56,93,15490.08,77567179.97000004
2025-08-01 12:19:34 PM,166.56,5,832.8,77568012.77000004
2025-08-01 12:19:55 PM,166.49,0,0.0,77568012.77000004
2025-08-01 12:19:59 PM,166.49,2,332.98,77568345.75000004
2025-08-01 12:20:20 PM,166.49,158,26305.420000000002,77594651.17000005
2025-08-01 12:20:37 PM,166.49,154,25639.460000000003,77620290.63000004
2025-08-01 12:21:16 PM,166.49,10,1664.9,77621955.53000005
2025-08-01 12:22:02 PM,166.58,0,0.0,77621955.53000005
2025-08-01 12:22:05 PM,166.58,66,10994.28,77632949.81000005
2025-08-01 12:22:12 PM,166.57,0,0.0,77632949.81000005
2025-08-01 12:22:13 PM,166.6,0,0.0,77632949.81000005
2025-08-01 12:22:15 PM,166.6,333,55477.799999999996,77688427.61000004
2025-08-01 12:22:22 PM,166.6,146,24323.6,77712751.21000004
2025-08-01 12:22:51 PM,166.6,5,833.0,77713584.21000004
2025-08-01 12:23:34 PM,166.58,0,0.0,77713584.21000004
2025-08-01 12:23:35 PM,166.58,1,166.58,77713750.79000004
2025-08-01 12:23:35 PM,166.64,0,0.0,77713750.79000004
2025-08-01 12:23:36 PM,166.64,1010,168306.4,77882057.19000004
2025-08-01 12:24:51 PM,166.6,0,0.0,77882057.19000004
2025-08-01 12:24:52 PM,166.64,0,0.0,77882057.19000004
2025-08-01 12:24:55 PM,166.64,91,15164.239999999998,77897221.43000004
2025-08-01 12:24:59 PM,166.61,0,0.0,77897221.43000004
2025-08-01 12:25:00 PM,166.61,50,8330.5,77905551.93000004
2025-08-01 12:25:11 PM,166.52,0,0.0,77905551.93000004
2025-08-01 12:25:15 PM,166.52,2,333.04,77905884.97000004
2025-08-01 12:25:25 PM,166.52,200,33304.0,77939188.97000004
2025-08-01 12:26:02 PM,166.5,0,0.0,77939188.97000004
2025-08-01 12:26:05 PM,166.5,300,49950.0,77989138.97000004
2025-08-01 12:26:55 PM,166.5,121,20146.5,78009285.47000004
2025-08-01 12:27:36 PM,166.5,12,1998.0,78011283.47000004
2025-08-01 12:27:46 PM,166.5,71,11821.5,78023104.97000004
2025-08-01 12:28:09 PM,166.58,0,0.0,78023104.97000004
2025-08-01 12:28:10 PM,166.58,100,16658.0,78039762.97000004
2025-08-01 12:28:25 PM,166.58,5,832.9000000000001,78040595.87000005
2025-08-01 12:29:10 PM,166.5,0,0.0,78040595.87000005
2025-08-01 12:29:11 PM,166.5,20,3330.0,78043925.87000005
2025-08-01 12:30:07 PM,166.49,390,64931.100000000006,78108856.97000004
2025-08-01 12:30:38 PM,166.49,100,16649.0,78125505.97000004
2025-08-01 12:30:42 PM,166.42,0,0.0,78125505.97000004
2025-08-01 12:30:43 PM,166.42,620,103180.4,78228686.37000005
2025-08-01 12:31:03 PM,166.42,15,2496.2999999999997,78231182.67000005
2025-08-01 12:31:08 PM,166.56,25,4164.0,78235346.67000005
2025-08-01 12:31:32 PM,166.4,0,0.0,78235346.67000005
2025-08-01 12:31:33 PM,166.4,211,35110.4,78270457.07000005
2025-08-01 12:31:43 PM,166.65,1200,199980.0,78470437.07000005
2025-08-01 12:32:04 PM,166.34,0,0.0,78470437.07000005
2025-08-01 12:32:05 PM,166.34,1200,199608.0,78670045.07000005
2025-08-01 12:32:20 PM,166.61,0,0.0,78670045.07000005
2025-08-01 12:32:21 PM,166.61,1200,199932.00000000003,78869977.07000005
2025-08-01 12:32:50 PM,166.59,0,0.0,78869977.07000005
2025-08-01 12:32:51 PM,166.59,80,13327.2,78883304.27000006
2025-08-01 12:33:36 PM,166.5,200,33300.0,78916604.27000006
2025-08-01 12:34:44 PM,166.3,0,0.0,78916604.27000006
2025-08-01 12:34:47 PM,166.3,4,665.2,78917269.47000006
2025-08-01 12:34:47 PM,166.39,1,166.39,78917435.86000006
2025-08-01 12:34:56 PM,166.3,0,0.0,78917435.86000006
2025-08-01 12:34:56 PM,166.3,202,33592.600000000006,78951028.46000005
2025-08-01 12:35:54 PM,166.3,76,12638.800000000001,78963667.26000005
2025-08-01 12:36:02 PM,166.32,0,0.0,78963667.26000005
2025-08-01 12:36:02 PM,166.35,0,0.0,78963667.26000005
2025-08-01 12:36:04 PM,166.35,280,46578.0,79010245.26000005
2025-08-01 12:36:26 PM,166.47,100,16647.0,79026892.26000005
2025-08-01 12:37:13 PM,166.35,0,0.0,79026892.26000005
2025-08-01 12:37:15 PM,166.35,140,23289.0,79050181.26000005
2025-08-01 12:38:18 PM,166.32,0,0.0,79050181.26000005
2025-08-01 12:38:21 PM,166.32,231,38419.92,79088601.18000005
2025-08-01 12:38:48 PM,166.3,0,0.0,79088601.18000005
2025-08-01 12:38:49 PM,166.3,10,1663.0,79090264.18000005
2025-08-01 12:39:19 PM,166.3,30,4989.0,79095253.18000005
2025-08-01 12:39:53 PM,166.32,0,0.0,79095253.18000005
2025-08-01 12:39:53 PM,166.32,131,21787.92,79117041.10000005
2025-08-01 12:40:04 PM,166.38,146,24291.48,79141332.58000006
2025-08-01 12:40:22 PM,166.4,0,0.0,79141332.58000006
2025-08-01 12:40:25 PM,166.4,23,3827.2000000000003,79145159.78000006
2025-08-01 12:40:32 PM,166.38,0,0.0,79145159.78000006
2025-08-01 12:40:35 PM,166.38,90,14974.199999999999,79160133.98000006
2025-08-01 12:40:41 PM,166.38,170,28284.6,79188418.58000006
2025-08-01 12:40:51 PM,166.38,40,6655.2,79195073.78000006
2025-08-01 12:41:10 PM,166.34,0,0.0,79195073.78000006
2025-08-01 12:41:11 PM,166.34,1000,166340.0,79361413.78000006
2025-08-01 12:41:26 PM,166.3,0,0.0,79361413.78000006
2025-08-01 12:41:27 PM,166.3,617,102607.1,79464020.88000005
2025-08-01 12:41:48 PM,166.38,100,16638.0,79480658.88000005
2025-08-01 12:42:28 PM,166.32,0,0.0,79480658.88000005
2025-08-01 12:42:29 PM,166.32,60,9979.199999999999,79490638.08000006
2025-08-01 12:42:58 PM,166.4,0,0.0,79490638.08000006
2025-08-01 12:43:00 PM,166.4,1,166.4,79490804.48000006
2025-08-01 12:44:00 PM,166.32,0,0.0,79490804.48000006
2025-08-01 12:44:01 PM,166.32,99,16465.68,79507270.16000007
2025-08-01 12:44:16 PM,166.41,0,0.0,79507270.16000007
2025-08-01 12:44:18 PM,166.41,300,49923.0,79557193.16000007
2025-08-01 12:44:33 PM,166.41,40,6656.4,79563849.56000008
2025-08-01 12:46:18 PM,166.32,0,0.0,79563849.56000008
2025-08-01 12:46:20 PM,166.32,1,166.32,79564015.88000007
2025-08-01 12:46:26 PM,166.32,2,332.64,79564348.52000007
2025-08-01 12:46:40 PM,166.46,0,0.0,79564348.52000007
2025-08-01 12:46:41 PM,166.46,600,99876.0,79664224.52000007
2025-08-01 12:47:01 PM,166.46,630,104869.8,79769094.32000007
2025-08-01 12:47:02 PM,166.45,0,0.0,79769094.32000007
2025-08-01 12:47:07 PM,166.45,15,2496.75,79771591.07000007
2025-08-01 12:47:54 PM,166.47,0,0.0,79771591.07000007
2025-08-01 12:47:57 PM,166.47,10,1664.7,79773255.77000007
2025-08-01 12:48:14 PM,166.37,0,0.0,79773255.77000007
2025-08-01 12:48:17 PM,166.37,57,9483.09,79782738.86000007
2025-08-01 12:48:38 PM,166.37,18,2994.66,79785733.52000007
2025-08-01 12:48:52 PM,166.37,34,5656.58,79791390.10000007
2025-08-01 12:49:36 PM,166.32,341,56715.119999999995,79848105.22000007
2025-08-01 12:50:36 PM,166.37,0,0.0,79848105.22000007
2025-08-01 12:50:38 PM,166.37,100,16637.0,79864742.22000007
2025-08-01 12:51:08 PM,166.4,0,0.0,79864742.22000007
2025-08-01 12:51:09 PM,166.4,554,92185.6,79956927.82000007
2025-08-01 12:51:16 PM,166.5,446,74259.0,80031186.82000007
2025-08-01 12:52:10 PM,166.32,0,0.0,80031186.82000007
2025-08-01 12:52:11 PM,166.32,33,5488.5599999999995,80036675.38000007
2025-08-01 12:52:54 PM,166.32,34,5654.88,80042330.26000006
2025-08-01 12:53:14 PM,166.4,5,832.0,80043162.26000006
2025-08-01 12:54:19 PM,166.32,168,27941.76,80071104.02000007
2025-08-01 12:54:22 PM,166.3,0,0.0,80071104.02000007
2025-08-01 12:54:24 PM,166.3,100,16630.0,80087734.02000007
2025-08-01 12:55:57 PM,166.3,131,21785.300000000003,80109519.32000007
2025-08-01 12:57:12 PM,166.38,0,0.0,80109519.32000007
2025-08-01 12:57:16 PM,166.38,13,2162.94,80111682.26000006
2025-08-01 12:58:27 PM,166.38,6,998.28,80112680.54000007
2025-08-01 12:58:56 PM,166.3,0,0.0,80112680.54000007
2025-08-01 12:58:57 PM,166.3,2,332.6,80113013.14000006
2025-08-01 12:59:04 PM,166.38,0,0.0,80113013.14000006
2025-08-01 12:59:08 PM,166.38,9,1497.42,80114510.56000006
2025-08-01 01:00:51 PM,166.38,8,1331.04,80115841.60000007
2025-08-01 01:01:11 PM,166.34,0,0.0,80115841.60000007
2025-08-01 01:01:13 PM,166.34,167,27778.78,80143620.38000007
2025-08-01 01:02:44 PM,166.39,150,24958.499999999996,80168578.88000007
2025-08-01 01:04:08 PM,166.3,500,83150.0,80251728.88000007
2025-08-01 01:04:12 PM,166.3,5,831.5,80252560.38000007
2025-08-01 01:04:19 PM,166.1,0,0.0,80252560.38000007
2025-08-01 01:04:22 PM,166.1,10632,1765975.2,82018535.58000007
2025-08-01 01:05:03 PM,165.82,0,0.0,82018535.58000007
2025-08-01 01:05:06 PM,165.82,2813,466451.66,82484987.24000007
2025-08-01 01:05:16 PM,165.82,2,331.64,82485318.88000007
2025-08-01 01:06:21 PM,165.8,0,0.0,82485318.88000007
2025-08-01 01:06:23 PM,165.8,330,54714.00000000001,82540032.88000007
2025-08-01 01:06:33 PM,165.8,126,20890.800000000003,82560923.68000007
2025-08-01 01:06:54 PM,165.62,0,0.0,82560923.68000007
2025-08-01 01:06:54 PM,165.61,11789,1952376.2900000003,84513299.97000007
2025-08-01 01:07:06 PM,165.71,0,0.0,84513299.97000007
2025-08-01 01:07:08 PM,165.71,1,165.71,84513465.68000007
2025-08-01 01:07:09 PM,165.83,1,165.83,84513631.51000006
2025-08-01 01:07:38 PM,165.9,0,0.0,84513631.51000006
2025-08-01 01:07:40 PM,165.9,20,3318.0,84516949.51000006
2025-08-01 01:07:50 PM,165.9,150,24885.0,84541834.51000006
2025-08-01 01:08:02 PM,165.54,0,0.0,84541834.51000006
2025-08-01 01:08:05 PM,165.54,7937,1313890.98,85855725.49000007
2025-08-01 01:08:17 PM,165.61,1011,167431.71000000002,86023157.20000006
2025-08-01 01:08:22 PM,165.59,10,1655.9,86024813.10000007
2025-08-01 01:08:30 PM,165.6,0,0.0,86024813.10000007
2025-08-01 01:08:31 PM,165.6,100,16560.0,86041373.10000007
2025-08-01 01:08:42 PM,165.61,100,16561.0,86057934.10000007
2025-08-01 01:08:46 PM,165.62,0,0.0,86057934.10000007
2025-08-01 01:08:47 PM,165.62,150,24843.0,86082777.10000007
2025-08-01 01:09:18 PM,165.42,0,0.0,86082777.10000007
2025-08-01 01:09:20 PM,165.42,532,88003.43999999999,86170780.54000007
2025-08-01 01:09:40 PM,165.54,500,82770.0,86253550.54000007
2025-08-01 01:09:43 PM,165.5,63,10426.5,86263977.04000007
2025-08-01 01:10:30 PM,165.53,0,0.0,86263977.04000007
2025-08-01 01:10:31 PM,165.53,500,82765.0,86346742.04000007
2025-08-01 01:10:32 PM,165.5,0,0.0,86346742.04000007
2025-08-01 01:10:33 PM,165.5,50,8275.0,86355017.04000007
2025-08-01 01:11:40 PM,165.67,0,0.0,86355017.04000007
2025-08-01 01:11:41 PM,165.67,1000,165670.0,86520687.04000007
2025-08-01 01:11:51 PM,165.67,5,828.3499999999999,86521515.39000006
2025-08-01 01:12:11 PM,165.67,107,17726.69,86539242.08000006
2025-08-01 01:12:14 PM,165.66,0,0.0,86539242.08000006
2025-08-01 01:12:16 PM,165.66,16,2650.56,86541892.64000006
2025-08-01 01:12:17 PM,165.55,15,2483.25,86544375.89000006
2025-08-01 01:12:44 PM,165.54,0,0.0,86544375.89000006
2025-08-01 01:12:46 PM,165.54,200,33108.0,86577483.89000006
2025-08-01 01:12:48 PM,165.54,60,9932.4,86587416.29000007
2025-08-01 01:13:07 PM,165.54,8,1324.32,86588740.61000006
2025-08-01 01:14:10 PM,165.54,200,33108.0,86621848.61000006
2025-08-01 01:14:15 PM,165.68,5,828.4000000000001,86622677.01000006
2025-08-01 01:14:22 PM,165.67,0,0.0,86622677.01000006
2025-08-01 01:14:23 PM,165.67,14,2319.3799999999997,86624996.39000006
2025-08-01 01:14:30 PM,165.56,0,0.0,86624996.39000006
2025-08-01 01:14:30 PM,165.56,1,165.56,86625161.95000006
2025-08-01 01:14:32 PM,165.54,0,0.0,86625161.95000006
2025-08-01 01:14:33 PM,165.54,264,43702.56,86668864.51000006
2025-08-01 01:15:04 PM,165.63,0,0.0,86668864.51000006
2025-08-01 01:15:07 PM,165.63,121,20041.23,86688905.74000007
2025-08-01 01:15:20 PM,165.56,0,0.0,86688905.74000007
2025-08-01 01:15:22 PM,165.56,1,165.56,86689071.30000007
2025-08-01 01:15:32 PM,165.56,9,1490.04,86690561.34000008
2025-08-01 01:15:32 PM,165.54,0,0.0,86690561.34000008
2025-08-01 01:15:34 PM,165.54,30,4966.2,86695527.54000008
2025-08-01 01:16:18 PM,165.63,0,0.0,86695527.54000008
2025-08-01 01:16:19 PM,165.63,3,496.89,86696024.43000008
2025-08-01 01:16:32 PM,165.54,0,0.0,86696024.43000008
2025-08-01 01:16:32 PM,165.54,717,118692.18,86814716.61000009
2025-08-01 01:16:47 PM,165.54,128,21189.12,86835905.7300001
2025-08-01 01:16:54 PM,165.61,0,0.0,86835905.7300001
2025-08-01 01:16:54 PM,165.61,50,8280.5,86844186.2300001
2025-08-01 01:17:02 PM,165.61,50,8280.5,86852466.7300001
2025-08-01 01:17:19 PM,165.72,150,24858.0,86877324.7300001
2025-08-01 01:17:22 PM,165.61,0,0.0,86877324.7300001
2025-08-01 01:17:22 PM,165.61,60,9936.6,86887261.33000009
2025-08-01 01:17:58 PM,165.79,0,0.0,86887261.33000009
2025-08-01 01:17:59 PM,165.79,1204,199611.16,87086872.49000008
2025-08-01 01:18:44 PM,165.89,0,0.0,87086872.49000008
2025-08-01 01:18:44 PM,165.89,2500,414724.99999999994,87501597.49000008
2025-08-01 01:18:52 PM,165.96,0,0.0,87501597.49000008
2025-08-01 01:18:54 PM,165.96,341,56592.36,87558189.85000008
2025-08-01 01:20:03 PM,165.77,336,55698.72,87613888.57000008
2025-08-01 01:20:30 PM,165.63,0,0.0,87613888.57000008
2025-08-01 01:20:32 PM,165.5,0,0.0,87613888.57000008
2025-08-01 01:20:34 PM,165.5,101,16715.5,87630604.07000008
2025-08-01 01:20:36 PM,165.47,0,0.0,87630604.07000008
2025-08-01 01:20:39 PM,165.47,202,33424.94,87664029.01000008
2025-08-01 01:20:44 PM,165.57,0,0.0,87664029.01000008
2025-08-01 01:20:44 PM,165.57,2,331.14,87664360.15000008
2025-08-01 01:20:48 PM,165.43,0,0.0,87664360.15000008
2025-08-01 01:20:49 PM,165.43,50,8271.5,87672631.65000008
2025-08-01 01:20:52 PM,165.55,0,0.0,87672631.65000008
2025-08-01 01:20:54 PM,165.55,100,16555.0,87689186.65000008
2025-08-01 01:21:02 PM,165.32,0,0.0,87689186.65000008
2025-08-01 01:21:03 PM,165.32,400,66128.0,87755314.65000008
2025-08-01 01:21:13 PM,165.32,17,2810.44,87758125.09000008
2025-08-01 01:21:22 PM,165.36,0,0.0,87758125.09000008
2025-08-01 01:21:24 PM,165.36,2,330.72,87758455.81000008
2025-08-01 01:21:38 PM,165.36,1,165.36,87758621.17000008
2025-08-01 01:21:42 PM,165.49,0,0.0,87758621.17000008
2025-08-01 01:21:43 PM,165.49,100,16549.0,87775170.17000008
2025-08-01 01:21:52 PM,165.36,0,0.0,87775170.17000008
2025-08-01 01:21:53 PM,165.36,1,165.36,87775335.53000008
2025-08-01 01:21:56 PM,165.5,0,0.0,87775335.53000008
2025-08-01 01:21:57 PM,165.5,50,8275.0,87783610.53000008
2025-08-01 01:22:02 PM,165.49,1,165.49,87783776.02000007
2025-08-01 01:22:06 PM,165.5,0,0.0,87783776.02000007
2025-08-01 01:22:07 PM,165.5,6,993.0,87784769.02000007
2025-08-01 01:22:08 PM,165.62,0,0.0,87784769.02000007
2025-08-01 01:22:12 PM,165.62,598,99040.76000000001,87883809.78000008
2025-08-01 01:22:21 PM,165.5,1,165.5,87883975.28000008
2025-08-01 01:22:36 PM,165.51,0,0.0,87883975.28000008
2025-08-01 01:22:39 PM,165.51,1,165.51,87884140.79000008
2025-08-01 01:22:53 PM,165.51,1,165.51,87884306.30000009
2025-08-01 01:23:06 PM,165.5,0,0.0,87884306.30000009
2025-08-01 01:23:06 PM,165.5,2,331.0,87884637.30000009
2025-08-01 01:23:20 PM,165.6,0,0.0,87884637.30000009
2025-08-01 01:23:21 PM,165.6,1000,165600.0,88050237.30000009
2025-08-01 01:23:22 PM,165.68,0,0.0,88050237.30000009
2025-08-01 01:23:25 PM,165.68,1,165.68,88050402.9800001
2025-08-01 01:23:36 PM,165.71,0,0.0,88050402.9800001
2025-08-01 01:23:40 PM,165.71,1,165.71,88050568.69000009
2025-08-01 01:23:50 PM,165.68,470,77869.6,88128438.29000008
2025-08-01 01:23:52 PM,165.52,0,0.0,88128438.29000008
2025-08-01 01:23:55 PM,165.52,1,165.52,88128603.81000008
2025-08-01 01:24:06 PM,165.51,0,0.0,88128603.81000008
2025-08-01 01:24:09 PM,165.51,1,165.51,88128769.32000008
2025-08-01 01:24:22 PM,165.52,0,0.0,88128769.32000008
2025-08-01 01:24:23 PM,165.52,1,165.52,88128934.84000008
2025-08-01 01:24:37 PM,165.52,1,165.52,88129100.36000007
2025-08-01 01:24:52 PM,165.52,2,331.04,88129431.40000008
2025-08-01 01:25:07 PM,165.52,1,165.52,88129596.92000008
2025-08-01 01:25:22 PM,165.52,1,165.52,88129762.44000007
2025-08-01 01:25:36 PM,165.52,1,165.52,88129927.96000007
2025-08-01 01:25:37 PM,165.5,0,0.0,88129927.96000007
2025-08-01 01:25:41 PM,165.5,500,82750.0,88212677.96000007
2025-08-01 01:25:46 PM,165.64,100,16564.0,88229241.96000007
2025-08-01 01:25:51 PM,165.55,1,165.55,88229407.51000006
2025-08-01 01:25:53 PM,165.64,0,0.0,88229407.51000006
2025-08-01 01:25:55 PM,165.5,0,0.0,88229407.51000006
2025-08-01 01:25:56 PM,165.5,1042,172451.0,88401858.51000006
2025-08-01 01:25:59 PM,165.55,0,0.0,88401858.51000006
2025-08-01 01:26:01 PM,165.55,10,1655.5,88403514.01000006
2025-08-01 01:26:05 PM,165.54,0,0.0,88403514.01000006
2025-08-01 01:26:06 PM,165.45,11,1819.9499999999998,88405333.96000007
2025-08-01 01:26:09 PM,165.54,0,0.0,88405333.96000007
2025-08-01 01:26:11 PM,165.54,10,1655.3999999999999,88406989.36000007
2025-08-01 01:26:15 PM,165.53,0,0.0,88406989.36000007
2025-08-01 01:26:16 PM,165.53,11,1820.83,88408810.19000007
2025-08-01 01:26:21 PM,165.46,1,165.46,88408975.65000007
2025-08-01 01:26:26 PM,165.46,3,496.38,88409472.03000006
2025-08-01 01:26:35 PM,165.35,0,0.0,88409472.03000006
2025-08-01 01:26:36 PM,165.35,400,66140.0,88475612.03000006
2025-08-01 01:26:39 PM,165.37,0,0.0,88475612.03000006
2025-08-01 01:26:41 PM,165.37,2,330.74,88475942.77000006
2025-08-01 01:26:51 PM,165.39,591,97745.48999999999,88573688.26000005
2025-08-01 01:26:51 PM,165.36,0,0.0,88573688.26000005
2025-08-01 01:26:56 PM,165.36,1,165.36,88573853.62000005
2025-08-01 01:26:57 PM,165.56,0,0.0,88573853.62000005
2025-08-01 01:27:00 PM,165.56,200,33112.0,88606965.62000005
2025-08-01 01:27:07 PM,165.44,0,0.0,88606965.62000005
2025-08-01 01:27:10 PM,165.44,1,165.44,88607131.06000005
2025-08-01 01:27:19 PM,165.55,0,0.0,88607131.06000005
2025-08-01 01:27:20 PM,165.55,200,33110.0,88640241.06000005
2025-08-01 01:27:21 PM,165.42,0,0.0,88640241.06000005
2025-08-01 01:27:25 PM,165.42,1,165.42,88640406.48000005
2025-08-01 01:27:33 PM,165.4,0,0.0,88640406.48000005
2025-08-01 01:27:34 PM,165.4,1,165.4,88640571.88000005
2025-08-01 01:27:37 PM,165.43,0,0.0,88640571.88000005
2025-08-01 01:27:39 PM,165.43,1,165.43,88640737.31000006
2025-08-01 01:27:51 PM,165.37,0,0.0,88640737.31000006
2025-08-01 01:27:54 PM,165.37,1,165.37,88640902.68000007
2025-08-01 01:27:56 PM,165.45,0,0.0,88640902.68000007
2025-08-01 01:27:59 PM,165.45,12,1985.3999999999999,88642888.08000007
2025-08-01 01:28:06 PM,165.37,0,0.0,88642888.08000007
2025-08-01 01:28:08 PM,165.37,1,165.37,88643053.45000008
2025-08-01 01:28:20 PM,165.4,0,0.0,88643053.45000008
2025-08-01 01:28:22 PM,165.44,0,0.0,88643053.45000008
2025-08-01 01:28:23 PM,165.44,15,2481.6,88645535.05000007
2025-08-01 01:28:36 PM,165.45,0,0.0,88645535.05000007
2025-08-01 01:28:38 PM,165.45,1,165.45,88645700.50000007
2025-08-01 01:28:47 PM,165.45,200,33090.0,88678790.50000007
2025-08-01 01:28:52 PM,165.48,1,165.48,88678955.98000008
2025-08-01 01:28:56 PM,165.49,2,330.98,88679286.96000008
2025-08-01 01:28:58 PM,165.6,0,0.0,88679286.96000008
2025-08-01 01:29:01 PM,165.6,15,2484.0,88681770.96000008
2025-08-01 01:29:06 PM,165.47,1,165.47,88681936.43000008
2025-08-01 01:29:22 PM,165.5,0,0.0,88681936.43000008
2025-08-01 01:29:25 PM,165.5,1,165.5,88682101.93000008
2025-08-01 01:29:36 PM,165.51,0,0.0,88682101.93000008
2025-08-01 01:29:39 PM,165.51,1,165.51,88682267.44000009
2025-08-01 01:29:52 PM,165.5,0,0.0,88682267.44000009
2025-08-01 01:29:53 PM,165.5,1,165.5,88682432.94000009
2025-08-01 01:30:06 PM,165.52,0,0.0,88682432.94000009
2025-08-01 01:30:08 PM,165.52,2,331.04,88682763.9800001
2025-08-01 01:30:22 PM,165.51,0,0.0,88682763.9800001
2025-08-01 01:30:23 PM,165.51,1,165.51,88682929.4900001
2025-08-01 01:30:37 PM,165.51,1,165.51,88683095.0000001
2025-08-01 01:30:52 PM,165.51,500,82755.0,88765850.0000001
2025-08-01 01:31:01 PM,165.5,0,0.0,88765850.0000001
2025-08-01 01:31:02 PM,165.5,480,79440.0,88845290.0000001
2025-08-01 01:31:06 PM,165.38,0,0.0,88845290.0000001
2025-08-01 01:31:07 PM,165.38,1,165.38,88845455.3800001
2025-08-01 01:31:23 PM,165.38,1,165.38,88845620.7600001
2025-08-01 01:31:38 PM,165.38,1,165.38,88845786.14000009
2025-08-01 01:31:40 PM,165.51,0,0.0,88845786.14000009
2025-08-01 01:31:43 PM,165.51,20,3310.2,88849096.3400001
2025-08-01 01:31:52 PM,165.4,0,0.0,88849096.3400001
2025-08-01 01:31:52 PM,165.4,2,330.8,88849427.14000009
2025-08-01 01:32:06 PM,165.43,0,0.0,88849427.14000009
2025-08-01 01:32:08 PM,165.43,1,165.43,88849592.5700001
2025-08-01 01:32:22 PM,165.42,0,0.0,88849592.5700001
2025-08-01 01:32:22 PM,165.42,1,165.42,88849757.9900001
2025-08-01 01:32:36 PM,165.41,0,0.0,88849757.9900001
2025-08-01 01:32:37 PM,165.41,1,165.41,88849923.4000001
2025-08-01 01:32:51 PM,165.41,1,165.41,88850088.81000009
2025-08-01 01:33:04 PM,165.56,0,0.0,88850088.81000009
2025-08-01 01:33:06 PM,165.45,3,496.34999999999997,88850585.16000009
2025-08-01 01:33:10 PM,165.42,0,0.0,88850585.16000009
2025-08-01 01:33:11 PM,165.42,2,330.84,88850916.00000009
2025-08-01 01:33:18 PM,165.55,0,0.0,88850916.00000009
2025-08-01 01:33:20 PM,165.55,20,3311.0,88854227.00000009
2025-08-01 01:33:22 PM,165.43,0,0.0,88854227.00000009
2025-08-01 01:33:25 PM,165.43,1,165.43,88854392.4300001
2025-08-01 01:33:42 PM,165.4,0,0.0,88854392.4300001
2025-08-01 01:33:45 PM,165.4,2,330.8,88854723.2300001
2025-08-01 01:33:52 PM,165.41,0,0.0,88854723.2300001
2025-08-01 01:33:55 PM,165.41,1,165.41,88854888.64000009
2025-08-01 01:34:09 PM,165.53,2,331.06,88855219.70000009
2025-08-01 01:34:16 PM,165.41,0,0.0,88855219.70000009
2025-08-01 01:34:18 PM,165.41,1,165.41,88855385.11000009
2025-08-01 01:34:22 PM,165.42,0,0.0,88855385.11000009
2025-08-01 01:34:23 PM,165.42,1,165.42,88855550.53000009
2025-08-01 01:34:36 PM,165.43,0,0.0,88855550.53000009
2025-08-01 01:34:37 PM,165.43,1,165.43,88855715.9600001
2025-08-01 01:34:51 PM,165.42,1,165.42,88855881.3800001
2025-08-01 01:35:06 PM,165.44,0,0.0,88855881.3800001
2025-08-01 01:35:07 PM,165.44,1,165.44,88856046.8200001
2025-08-01 01:35:21 PM,165.44,2,330.88,88856377.70000009
2025-08-01 01:35:32 PM,165.4,0,0.0,88856377.70000009
2025-08-01 01:35:35 PM,165.4,220,36388.0,88892765.70000009
2025-08-01 01:35:39 PM,165.4,1,165.4,88892931.1000001
2025-08-01 01:35:48 PM,165.32,0,0.0,88892931.1000001
2025-08-01 01:35:49 PM,165.32,5267,870740.44,89763671.5400001
2025-08-01 01:35:52 PM,165.16,0,0.0,89763671.5400001
2025-08-01 01:35:54 PM,165.16,1,165.16,89763836.70000009
2025-08-01 01:36:04 PM,165.16,331,54667.96,89818504.66000009
2025-08-01 01:36:08 PM,165.16,1,165.16,89818669.82000008
2025-08-01 01:36:22 PM,165.02,0,0.0,89818669.82000008
2025-08-01 01:36:23 PM,165.02,7902,1303988.04,91122657.86000009
2025-08-01 01:36:28 PM,165.15,230,37984.5,91160642.36000009
2025-08-01 01:36:36 PM,165.12,0,0.0,91160642.36000009
2025-08-01 01:36:38 PM,165.12,1,165.12,91160807.4800001
2025-08-01 01:36:48 PM,165.12,5,825.6,91161633.08000009
2025-08-01 01:36:52 PM,165.12,1,165.12,91161798.20000009
2025-08-01 01:37:07 PM,165.12,2,330.24,91162128.44000009
2025-08-01 01:37:14 PM,165.26,0,0.0,91162128.44000009
2025-08-01 01:37:17 PM,165.26,80,13220.8,91175349.24000008
2025-08-01 01:37:22 PM,165.13,1,165.13,91175514.37000008
2025-08-01 01:37:36 PM,165.12,1,165.12,91175679.49000008
2025-08-01 01:37:52 PM,165.12,1,165.12,91175844.61000009
2025-08-01 01:37:56 PM,165.12,50,8256.0,91184100.61000009
2025-08-01 01:38:07 PM,165.12,1,165.12,91184265.7300001
2025-08-01 01:38:10 PM,165.07,0,0.0,91184265.7300001
2025-08-01 01:38:12 PM,165.07,300,49521.0,91233786.7300001
2025-08-01 01:38:21 PM,165.05,0,0.0,91233786.7300001
2025-08-01 01:38:23 PM,165.05,1,165.05,91233951.78000009
2025-08-01 01:38:30 PM,165.12,0,0.0,91233951.78000009
2025-08-01 01:38:34 PM,165.04,134,22115.36,91256067.14000009
2025-08-01 01:38:36 PM,165.01,0,0.0,91256067.14000009
2025-08-01 01:38:39 PM,164.8,0,0.0,91256067.14000009
2025-08-01 01:38:39 PM,164.8,10997,1812305.6,93068372.74000008
2025-08-01 01:38:40 PM,164.7,116,19105.199999999997,93087477.94000009
2025-08-01 01:38:42 PM,164.68,0,0.0,93087477.94000009
2025-08-01 01:38:45 PM,164.8,2968,489126.4,93576604.3400001
2025-08-01 01:38:51 PM,164.83,3,494.49,93577098.83000009
2025-08-01 01:38:54 PM,164.72,0,0.0,93577098.83000009
2025-08-01 01:38:56 PM,164.72,501,82524.72,93659623.55000009
2025-08-01 01:39:06 PM,164.71,0,0.0,93659623.55000009
2025-08-01 01:39:07 PM,164.71,1,164.71,93659788.26000008
2025-08-01 01:39:16 PM,164.82,0,0.0,93659788.26000008
2025-08-01 01:39:18 PM,164.82,65,10713.3,93670501.56000008
2025-08-01 01:39:22 PM,164.72,0,0.0,93670501.56000008
2025-08-01 01:39:23 PM,164.72,1,164.72,93670666.28000008
2025-08-01 01:39:33 PM,164.72,1,164.72,93670831.00000007
2025-08-01 01:39:36 PM,164.73,0,0.0,93670831.00000007
2025-08-01 01:39:38 PM,164.73,1,164.73,93670995.73000008
2025-08-01 01:39:46 PM,164.93,0,0.0,93670995.73000008
2025-08-01 01:39:48 PM,164.93,1518,250363.74000000002,93921359.47000007
2025-08-01 01:39:52 PM,164.79,0,0.0,93921359.47000007
2025-08-01 01:39:53 PM,164.79,1,164.79,93921524.26000008
2025-08-01 01:40:03 PM,164.8,417,68721.6,93990245.86000007
2025-08-01 01:40:06 PM,164.81,0,0.0,93990245.86000007
2025-08-01 01:40:08 PM,164.81,1,164.81,93990410.67000008
2025-08-01 01:40:22 PM,164.85,0,0.0,93990410.67000008
2025-08-01 01:40:24 PM,164.85,1,164.85,93990575.52000007
2025-08-01 01:40:26 PM,164.79,0,0.0,93990575.52000007
2025-08-01 01:40:28 PM,164.79,500,82395.0,94072970.52000007
2025-08-01 01:40:36 PM,164.72,0,0.0,94072970.52000007
2025-08-01 01:40:38 PM,164.8,0,0.0,94072970.52000007
2025-08-01 01:40:39 PM,164.8,62,10217.6,94083188.12000006
2025-08-01 01:40:52 PM,164.7,0,0.0,94083188.12000006
2025-08-01 01:40:54 PM,164.7,1,164.7,94083352.82000007
2025-08-01 01:41:03 PM,164.7,20,3294.0,94086646.82000007
2025-08-01 01:41:09 PM,164.7,1,164.7,94086811.52000007
2025-08-01 01:41:22 PM,164.75,0,0.0,94086811.52000007
2025-08-01 01:41:23 PM,164.75,1,164.75,94086976.27000007
2025-08-01 01:41:38 PM,164.75,1,164.75,94087141.02000007
2025-08-01 01:41:46 PM,164.89,0,0.0,94087141.02000007
2025-08-01 01:41:46 PM,164.75,0,0.0,94087141.02000007
2025-08-01 01:41:47 PM,164.75,767,126363.25,94213504.27000007
2025-08-01 01:41:52 PM,164.75,1,164.75,94213669.02000007
2025-08-01 01:42:07 PM,164.75,1,164.75,94213833.77000007
2025-08-01 01:42:22 PM,164.76,0,0.0,94213833.77000007
2025-08-01 01:42:22 PM,164.76,2,329.52,94214163.29000007
2025-08-01 01:42:27 PM,164.76,15,2471.3999999999996,94216634.69000007
2025-08-01 01:42:37 PM,164.76,1,164.76,94216799.45000008
2025-08-01 01:42:51 PM,164.76,1,164.76,94216964.21000008
2025-08-01 01:43:06 PM,164.76,1,164.76,94217128.97000009
2025-08-01 01:43:21 PM,164.76,1,164.76,94217293.7300001
2025-08-01 01:43:36 PM,164.76,1,164.76,94217458.4900001
2025-08-01 01:43:51 PM,164.76,1,164.76,94217623.2500001
2025-08-01 01:43:56 PM,164.8,0,0.0,94217623.2500001
2025-08-01 01:43:56 PM,164.8,50,8240.0,94225863.2500001
2025-08-01 01:44:01 PM,164.8,6,988.8000000000001,94226852.0500001
2025-08-01 01:44:06 PM,164.8,2,329.6,94227181.6500001
2025-08-01 01:44:10 PM,164.84,0,0.0,94227181.6500001
2025-08-01 01:44:10 PM,164.84,119,19615.96,94246797.61000009
2025-08-01 01:44:21 PM,164.83,1,164.83,94246962.44000009
2025-08-01 01:44:36 PM,164.87,1,164.87,94247127.31000009
2025-08-01 01:44:44 PM,164.85,0,0.0,94247127.31000009
2025-08-01 01:44:46 PM,164.85,100,16485.0,94263612.31000009
2025-08-01 01:44:50 PM,164.96,0,0.0,94263612.31000009
2025-08-01 01:44:51 PM,164.86,201,33136.86,94296749.17000009
2025-08-01 01:44:56 PM,164.86,50,8243.0,94304992.17000009
2025-08-01 01:45:02 PM,164.85,0,0.0,94304992.17000009
2025-08-01 01:45:06 PM,164.85,150,24727.5,94329719.67000009
2025-08-01 01:45:06 PM,164.86,1,164.86,94329884.53000009
2025-08-01 01:45:16 PM,164.86,1,164.86,94330049.39000009
2025-08-01 01:45:20 PM,164.98,0,0.0,94330049.39000009
2025-08-01 01:45:21 PM,164.86,101,16650.86,94346700.25000009
2025-08-01 01:45:26 PM,165.0,0,0.0,94346700.25000009
2025-08-01 01:45:26 PM,165.0,500,82500.0,94429200.25000009
2025-08-01 01:45:31 PM,165.0,20,3300.0,94432500.25000009
2025-08-01 01:45:36 PM,164.86,1,164.86,94432665.11000009
2025-08-01 01:45:51 PM,164.87,2,329.74,94432994.85000008
2025-08-01 01:46:10 PM,164.87,1,164.87,94433159.72000009
2025-08-01 01:46:25 PM,164.87,1,164.87,94433324.5900001
2025-08-01 01:46:36 PM,164.88,0,0.0,94433324.5900001
2025-08-01 01:46:40 PM,164.88,1,164.88,94433489.47000009
2025-08-01 01:46:50 PM,165.03,0,0.0,94433489.47000009
2025-08-01 01:46:51 PM,164.91,313,51616.83,94485106.30000009
2025-08-01 01:46:58 PM,165.0,0,0.0,94485106.30000009
2025-08-01 01:47:00 PM,165.0,10,1650.0,94486756.30000009
2025-08-01 01:47:06 PM,164.97,0,0.0,94486756.30000009
2025-08-01 01:47:06 PM,164.97,11,1814.67,94488570.97000009
2025-08-01 01:47:20 PM,165.0,0,0.0,94488570.97000009
2025-08-01 01:47:21 PM,165.0,126,20790.0,94509360.97000009
2025-08-01 01:47:22 PM,165.0,1,165.0,94509525.97000009
2025-08-01 01:47:30 PM,165.05,20,3301.0,94512826.97000009
2025-08-01 01:47:35 PM,165.05,20,3301.0,94516127.97000009
2025-08-01 01:47:36 PM,165.0,0,0.0,94516127.97000009
2025-08-01 01:47:40 PM,165.0,2,330.0,94516457.97000009
2025-08-01 01:47:46 PM,165.0,10,1650.0,94518107.97000009
2025-08-01 01:47:50 PM,165.08,5,825.4000000000001,94518933.3700001
2025-08-01 01:47:51 PM,165.0,1,165.0,94519098.3700001
2025-08-01 01:47:52 PM,165.13,0,0.0,94519098.3700001
2025-08-01 01:47:54 PM,165.01,0,0.0,94519098.3700001
2025-08-01 01:47:55 PM,165.01,380,62703.799999999996,94581802.17000009
2025-08-01 01:47:58 PM,165.09,0,0.0,94581802.17000009
2025-08-01 01:48:00 PM,165.09,4,660.36,94582462.53000009
2025-08-01 01:48:05 PM,165.09,335,55305.15,94637767.6800001
2025-08-01 01:48:06 PM,165.04,0,0.0,94637767.6800001
2025-08-01 01:48:10 PM,165.04,1,165.04,94637932.7200001
2025-08-01 01:48:21 PM,165.09,1,165.09,94638097.8100001
2025-08-01 01:48:36 PM,165.09,1,165.09,94638262.90000011
2025-08-01 01:48:55 PM,165.09,1,165.09,94638427.99000011
2025-08-01 01:48:58 PM,165.23,0,0.0,94638427.99000011
2025-08-01 01:48:59 PM,165.23,154,25445.42,94663873.41000012
2025-08-01 01:49:06 PM,165.09,0,0.0,94663873.41000012
2025-08-01 01:49:09 PM,165.09,1,165.09,94664038.50000012
2025-08-01 01:49:16 PM,165.21,0,0.0,94664038.50000012
2025-08-01 01:49:19 PM,165.21,6,991.26,94665029.76000012
2025-08-01 01:49:22 PM,165.09,0,0.0,94665029.76000012
2025-08-01 01:49:24 PM,165.09,2,330.18,94665359.94000013
2025-08-01 01:49:33 PM,165.21,0,0.0,94665359.94000013
2025-08-01 01:49:33 PM,165.21,50,8260.5,94673620.44000013
2025-08-01 01:49:36 PM,165.09,0,0.0,94673620.44000013
2025-08-01 01:49:37 PM,165.09,1,165.09,94673785.53000014
2025-08-01 01:49:52 PM,165.1,1,165.1,94673950.63000013
2025-08-01 01:50:07 PM,165.1,1,165.1,94674115.73000012
2025-08-01 01:50:20 PM,165.21,0,0.0,94674115.73000012
2025-08-01 01:50:22 PM,165.1,31,5118.099999999999,94679233.83000012
2025-08-01 01:50:36 PM,165.1,1,165.1,94679398.93000011
2025-08-01 01:50:44 PM,165.21,0,0.0,94679398.93000011
2025-08-01 01:50:46 PM,165.21,7,1156.47,94680555.40000011
2025-08-01 01:50:47 PM,165.1,100,16510.0,94697065.40000011
2025-08-01 01:50:51 PM,165.1,1,165.1,94697230.5000001
2025-08-01 01:51:06 PM,165.1,2,330.2,94697560.7000001
2025-08-01 01:51:21 PM,165.1,1,165.1,94697725.8000001
2025-08-01 01:51:40 PM,165.1,1,165.1,94697890.9000001
2025-08-01 01:51:46 PM,165.19,0,0.0,94697890.9000001
2025-08-01 01:51:49 PM,165.19,100,16519.0,94714409.9000001
2025-08-01 01:51:52 PM,165.1,0,0.0,94714409.9000001
2025-08-01 01:51:54 PM,165.18,101,16683.18,94731093.0800001
2025-08-01 01:52:06 PM,165.1,0,0.0,94731093.0800001
2025-08-01 01:52:09 PM,165.1,1,165.1,94731258.1800001
2025-08-01 01:52:12 PM,165.19,0,0.0,94731258.1800001
2025-08-01 01:52:14 PM,165.19,100,16519.0,94747777.1800001
2025-08-01 01:52:22 PM,165.17,0,0.0,94747777.1800001
2025-08-01 01:52:24 PM,165.17,86,14204.619999999999,94761981.8000001
2025-08-01 01:52:36 PM,165.11,0,0.0,94761981.8000001
2025-08-01 01:52:38 PM,165.11,3,495.33000000000004,94762477.1300001
2025-08-01 01:52:50 PM,165.1,0,0.0,94762477.1300001
2025-08-01 01:52:53 PM,165.22,28,4626.16,94767103.2900001
2025-08-01 01:53:06 PM,165.14,0,0.0,94767103.2900001
2025-08-01 01:53:08 PM,165.14,1,165.14,94767268.4300001
2025-08-01 01:53:18 PM,165.22,0,0.0,94767268.4300001
2025-08-01 01:53:22 PM,165.12,31,5118.72,94772387.1500001
2025-08-01 01:53:37 PM,165.12,1,165.12,94772552.2700001
2025-08-01 01:53:48 PM,165.1,0,0.0,94772552.2700001
2025-08-01 01:53:49 PM,165.1,350,57785.0,94830337.2700001
2025-08-01 01:53:54 PM,165.1,1,165.1,94830502.3700001
2025-08-01 01:54:04 PM,165.19,3,495.57,94830997.94000009
2025-08-01 01:54:06 PM,165.11,0,0.0,94830997.94000009
2025-08-01 01:54:09 PM,165.11,1,165.11,94831163.05000009
2025-08-01 01:54:22 PM,165.1,0,0.0,94831163.05000009
2025-08-01 01:54:23 PM,165.1,1,165.1,94831328.15000008
2025-08-01 01:54:25 PM,165.1,36,5943.599999999999,94837271.75000007
2025-08-01 01:54:29 PM,165.2,0,0.0,94837271.75000007
2025-08-01 01:54:29 PM,165.2,19,3138.7999999999997,94840410.55000007
2025-08-01 01:54:36 PM,165.1,0,0.0,94840410.55000007
2025-08-01 01:54:37 PM,165.1,27,4457.7,94844868.25000007
2025-08-01 01:54:51 PM,165.2,26,4295.2,94849163.45000008
2025-08-01 01:55:06 PM,165.12,0,0.0,94849163.45000008
2025-08-01 01:55:07 PM,165.12,1,165.12,94849328.57000008
2025-08-01 01:55:22 PM,165.14,1,165.14,94849493.71000008
2025-08-01 01:55:37 PM,165.14,1,165.14,94849658.85000008
2025-08-01 01:55:50 PM,165.24,0,0.0,94849658.85000008
2025-08-01 01:55:52 PM,165.22,103,17017.66,94866676.51000008
2025-08-01 01:56:06 PM,165.2,0,0.0,94866676.51000008
2025-08-01 01:56:07 PM,165.2,1,165.2,94866841.71000008
2025-08-01 01:56:16 PM,165.21,0,0.0,94866841.71000008
2025-08-01 01:56:17 PM,165.21,9,1486.89,94868328.60000008
2025-08-01 01:56:22 PM,165.21,1,165.21,94868493.81000008
2025-08-01 01:56:22 PM,165.2,0,0.0,94868493.81000008
2025-08-01 01:56:24 PM,165.14,0,0.0,94868493.81000008
2025-08-01 01:56:26 PM,165.14,12,1981.6799999999998,94870475.49000008
2025-08-01 01:56:36 PM,165.14,1,165.14,94870640.63000008
2025-08-01 01:56:51 PM,165.14,1,165.14,94870805.77000009
2025-08-01 01:57:06 PM,165.15,1,165.15,94870970.92000009
2025-08-01 01:57:20 PM,165.0,0,0.0,94870970.92000009
2025-08-01 01:57:21 PM,165.0,1150,189750.0,95060720.92000009
2025-08-01 01:57:26 PM,165.1,0,0.0,95060720.92000009
2025-08-01 01:57:26 PM,165.1,374,61747.4,95122468.3200001
2025-08-01 01:57:36 PM,165.01,0,0.0,95122468.3200001
2025-08-01 01:57:40 PM,165.01,1,165.01,95122633.3300001
2025-08-01 01:57:50 PM,165.19,0,0.0,95122633.3300001
2025-08-01 01:57:50 PM,165.19,999,165024.81,95287658.1400001
2025-08-01 01:57:52 PM,165.08,0,0.0,95287658.1400001
2025-08-01 01:57:55 PM,165.08,1,165.08,95287823.2200001
2025-08-01 01:58:06 PM,165.07,0,0.0,95287823.2200001
2025-08-01 01:58:10 PM,165.07,2,330.14,95288153.3600001
2025-08-01 01:58:16 PM,165.26,0,0.0,95288153.3600001
2025-08-01 01:58:20 PM,165.26,1000,165260.0,95453413.3600001
2025-08-01 01:58:22 PM,165.14,0,0.0,95453413.3600001
2025-08-01 01:58:24 PM,165.14,1,165.14,95453578.5000001
2025-08-01 01:58:36 PM,165.13,0,0.0,95453578.5000001
2025-08-01 01:58:39 PM,165.13,1,165.13,95453743.6300001
2025-08-01 01:58:52 PM,165.12,0,0.0,95453743.6300001
2025-08-01 01:58:55 PM,165.12,1,165.12,95453908.7500001
2025-08-01 01:59:10 PM,165.12,1,165.12,95454073.87000011
2025-08-01 01:59:25 PM,165.12,1,165.12,95454238.99000011
2025-08-01 01:59:33 PM,165.03,0,0.0,95454238.99000011
2025-08-01 01:59:36 PM,165.03,1000,165030.0,95619268.99000011
2025-08-01 01:59:39 PM,165.04,0,0.0,95619268.99000011
2025-08-01 01:59:41 PM,165.04,2,330.08,95619599.07000011
2025-08-01 01:59:43 PM,165.0,0,0.0,95619599.07000011
