date,price,qty,trnvr,cum_trnvr
2025-08-01 09:15:00 AM,493.4,4308,2125567.1999999997,2125567.1999999997
2025-08-01 09:15:00 AM,493.75,801,395493.75,2521060.9499999997
2025-08-01 09:15:00 AM,493.85,0,0.0,2521060.9499999997
2025-08-01 09:15:08 AM,493.4,0,0.0,2521060.9499999997
2025-08-01 09:15:09 AM,493.4,16346,8065116.399999999,10586177.35
2025-08-01 09:15:11 AM,493.4,255,125817.0,10711994.35
2025-08-01 09:15:17 AM,494.45,0,0.0,10711994.35
2025-08-01 09:15:18 AM,494.5,0,0.0,10711994.35
2025-08-01 09:15:20 AM,493.7,12198,6022152.6,16734146.95
2025-08-01 09:15:22 AM,491.05,18486,9077550.3,25811697.25
2025-08-01 09:15:25 AM,491.75,0,0.0,25811697.25
2025-08-01 09:15:28 AM,491.9,0,0.0,25811697.25
2025-08-01 09:15:29 AM,491.9,550,270545.0,26082242.25
2025-08-01 09:15:31 AM,491.75,67,32947.25,26115189.5
2025-08-01 09:15:32 AM,491.9,0,0.0,26115189.5
2025-08-01 09:15:37 AM,492.0,0,0.0,26115189.5
2025-08-01 09:15:38 AM,492.0,1348,663216.0,26778405.5
2025-08-01 09:15:41 AM,491.35,0,0.0,26778405.5
2025-08-01 09:15:45 AM,491.0,0,0.0,26778405.5
2025-08-01 09:15:46 AM,491.55,4172,2050746.6,28829152.1
2025-08-01 09:15:50 AM,491.5,0,0.0,28829152.1
2025-08-01 09:15:53 AM,491.6,0,0.0,28829152.1
2025-08-01 09:15:54 AM,491.6,547,268905.2,29098057.3
2025-08-01 09:15:56 AM,491.1,110,54021.0,29152078.3
2025-08-01 09:15:59 AM,493.15,0,0.0,29152078.3
2025-08-01 09:16:01 AM,491.5,0,0.0,29152078.3
2025-08-01 09:16:02 AM,490.3,21644,10612053.200000001,39764131.5
2025-08-01 09:16:04 AM,491.3,282,138546.6,39902678.1
2025-08-01 09:16:07 AM,490.3,0,0.0,39902678.1
2025-08-01 09:16:10 AM,488.55,2232,1090443.6,40993121.7
2025-08-01 09:16:12 AM,488.75,15,7331.25,41000452.95
2025-08-01 09:16:15 AM,489.5,0,0.0,41000452.95
2025-08-01 09:16:19 AM,490.35,2422,1187627.7,42188080.650000006
2025-08-01 09:16:20 AM,490.25,1021,500545.25,42688625.900000006
2025-08-01 09:16:23 AM,491.4,0,0.0,42688625.900000006
2025-08-01 09:16:25 AM,491.35,0,0.0,42688625.900000006
2025-08-01 09:16:27 AM,491.4,2898,1424077.2,44112703.10000001
2025-08-01 09:16:28 AM,491.4,100,49140.0,44161843.10000001
2025-08-01 09:16:33 AM,492.5,0,0.0,44161843.10000001
2025-08-01 09:16:35 AM,491.25,3831,1881978.75,46043821.85000001
2025-08-01 09:16:37 AM,491.25,1390,682837.5,46726659.35000001
2025-08-01 09:16:43 AM,490.9,12,5890.799999999999,46732550.150000006
2025-08-01 09:16:45 AM,490.9,250,122725.0,46855275.150000006
2025-08-01 09:16:52 AM,490.85,113,55466.05,46910741.2
2025-08-01 09:16:53 AM,490.85,617,302854.45,47213595.650000006
2025-08-01 09:16:55 AM,491.1,0,0.0,47213595.650000006
2025-08-01 09:17:00 AM,491.4,984,483537.6,47697133.25000001
2025-08-01 09:17:01 AM,491.4,107,52579.799999999996,47749713.050000004
2025-08-01 09:17:08 AM,492.1,1105,543770.5,48293483.550000004
2025-08-01 09:17:09 AM,491.9,534,262674.6,48556158.150000006
2025-08-01 09:17:11 AM,492.3,0,0.0,48556158.150000006
2025-08-01 09:17:16 AM,492.7,1575,776002.5,49332160.650000006
2025-08-01 09:17:20 AM,492.65,0,0.0,49332160.650000006
2025-08-01 09:17:22 AM,492.4,0,0.0,49332160.650000006
2025-08-01 09:17:25 AM,492.4,1125,553950.0,49886110.650000006
2025-08-01 09:17:26 AM,492.25,2340,1151865.0,51037975.650000006
2025-08-01 09:17:28 AM,492.3,0,0.0,51037975.650000006
2025-08-01 09:17:30 AM,492.4,0,0.0,51037975.650000006
2025-08-01 09:17:33 AM,492.45,839,413165.55,51451141.2
2025-08-01 09:17:34 AM,492.9,1,492.9,51451634.1
2025-08-01 09:17:36 AM,492.45,0,0.0,51451634.1
2025-08-01 09:17:38 AM,492.9,0,0.0,51451634.1
2025-08-01 09:17:41 AM,492.75,3742,1843870.5,53295504.6
2025-08-01 09:17:45 AM,492.9,0,0.0,53295504.6
2025-08-01 09:17:49 AM,493.3,1157,570748.1,53866252.7
2025-08-01 09:17:50 AM,493.0,701,345593.0,54211845.7
2025-08-01 09:17:54 AM,493.4,0,0.0,54211845.7
2025-08-01 09:17:56 AM,493.25,0,0.0,54211845.7
2025-08-01 09:17:58 AM,493.0,4717,2325481.0,56537326.7
2025-08-01 09:17:59 AM,493.55,500,246775.0,56784101.7
2025-08-01 09:18:02 AM,493.4,0,0.0,56784101.7
2025-08-01 09:18:04 AM,494.4,0,0.0,56784101.7
2025-08-01 09:18:06 AM,495.2,6135,3038052.0,59822153.7
2025-08-01 09:18:07 AM,495.4,617,305661.8,60127815.5
2025-08-01 09:18:10 AM,495.3,0,0.0,60127815.5
2025-08-01 09:18:12 AM,497.35,0,0.0,60127815.5
2025-08-01 09:18:15 AM,496.3,6943,3445810.9,63573626.4
2025-08-01 09:18:16 AM,496.85,1333,662301.05,64235927.449999996
2025-08-01 09:18:18 AM,496.75,0,0.0,64235927.449999996
2025-08-01 09:18:20 AM,497.35,0,0.0,64235927.449999996
2025-08-01 09:18:23 AM,497.4,1291,642143.4,64878070.849999994
2025-08-01 09:18:24 AM,497.35,455,226294.25,65104365.099999994
2025-08-01 09:18:26 AM,497.1,0,0.0,65104365.099999994
2025-08-01 09:18:28 AM,496.95,0,0.0,65104365.099999994
2025-08-01 09:18:31 AM,497.75,13837,6887366.75,71991731.85
2025-08-01 09:18:32 AM,497.8,359,178710.2,72170442.05
2025-08-01 09:18:34 AM,497.35,0,0.0,72170442.05
2025-08-01 09:18:36 AM,497.65,0,0.0,72170442.05
2025-08-01 09:18:39 AM,497.65,637,317003.05,72487445.1
2025-08-01 09:18:40 AM,497.35,535,266082.25,72753527.35
2025-08-01 09:18:42 AM,497.4,0,0.0,72753527.35
2025-08-01 09:18:44 AM,497.15,0,0.0,72753527.35
2025-08-01 09:18:47 AM,497.05,1023,508482.15,73262009.5
2025-08-01 09:18:48 AM,497.35,131,65152.850000000006,73327162.35
2025-08-01 09:18:50 AM,497.4,0,0.0,73327162.35
2025-08-01 09:18:52 AM,497.35,0,0.0,73327162.35
2025-08-01 09:18:55 AM,497.65,999,497152.35,73824314.69999999
2025-08-01 09:18:57 AM,497.2,377,187444.4,74011759.1
2025-08-01 09:18:58 AM,497.5,0,0.0,74011759.1
2025-08-01 09:19:00 AM,497.65,0,0.0,74011759.1
2025-08-01 09:19:03 AM,496.9,2750,1366475.0,75378234.1
2025-08-01 09:19:05 AM,496.9,110,54659.0,75432893.1
2025-08-01 09:19:06 AM,496.85,0,0.0,75432893.1
2025-08-01 09:19:08 AM,497.25,0,0.0,75432893.1
2025-08-01 09:19:12 AM,496.8,2302,1143633.6,76576526.69999999
2025-08-01 09:19:13 AM,497.3,1000,497300.0,77073826.69999999
2025-08-01 09:19:14 AM,496.7,0,0.0,77073826.69999999
2025-08-01 09:19:16 AM,497.2,0,0.0,77073826.69999999
2025-08-01 09:19:20 AM,496.65,930,461884.5,77535711.19999999
2025-08-01 09:19:23 AM,497.65,0,0.0,77535711.19999999
2025-08-01 09:19:28 AM,498.15,11235,5596715.25,83132426.44999999
2025-08-01 09:19:29 AM,498.05,1057,526438.85,83658865.29999998
2025-08-01 09:19:31 AM,498.1,0,0.0,83658865.29999998
2025-08-01 09:19:36 AM,498.45,10753,5359832.85,89018698.14999998
2025-08-01 09:19:36 AM,498.4,0,0.0,89018698.14999998
2025-08-01 09:19:37 AM,498.6,320,159552.0,89178250.14999998
2025-08-01 09:19:44 AM,498.8,494,246407.2,89424657.34999998
2025-08-01 09:19:44 AM,498.6,0,0.0,89424657.34999998
2025-08-01 09:19:46 AM,498.7,1190,593453.0,90018110.34999998
2025-08-01 09:19:52 AM,498.7,1242,619385.4,90637495.74999999
2025-08-01 09:19:52 AM,499.9,0,0.0,90637495.74999999
2025-08-01 09:19:53 AM,499.85,0,0.0,90637495.74999999
2025-08-01 09:19:54 AM,499.85,8259,4128261.1500000004,94765756.89999999
2025-08-01 09:20:00 AM,499.75,344,171914.0,94937670.89999999
2025-08-01 09:20:01 AM,499.85,700,349895.0,95287565.89999999
2025-08-01 09:20:07 AM,499.4,0,0.0,95287565.89999999
2025-08-01 09:20:08 AM,499.4,3949,1972130.5999999999,97259696.49999999
2025-08-01 09:20:09 AM,499.35,143,71407.05,97331103.54999998
2025-08-01 09:20:14 AM,499.6,0,0.0,97331103.54999998
2025-08-01 09:20:16 AM,498.7,2996,1494105.2,98825208.74999999
2025-08-01 09:20:17 AM,498.5,24,11964.0,98837172.74999999
2025-08-01 09:20:21 AM,498.7,0,0.0,98837172.74999999
2025-08-01 09:20:24 AM,497.95,7000,3485650.0,102322822.74999999
2025-08-01 09:20:24 AM,498.05,0,0.0,102322822.74999999
2025-08-01 09:20:25 AM,498.05,1,498.05,102323320.79999998
2025-08-01 09:20:28 AM,497.95,0,0.0,102323320.79999998
2025-08-01 09:20:32 AM,497.5,1103,548742.5,102872063.29999998
2025-08-01 09:20:32 AM,497.25,0,0.0,102872063.29999998
2025-08-01 09:20:33 AM,497.25,1000,497250.0,103369313.29999998
2025-08-01 09:20:35 AM,497.95,0,0.0,103369313.29999998
2025-08-01 09:20:39 AM,497.5,300,149250.0,103518563.29999998
2025-08-01 09:20:41 AM,497.45,240,119388.0,103637951.29999998
2025-08-01 09:20:42 AM,497.35,0,0.0,103637951.29999998
2025-08-01 09:20:46 AM,497.5,0,0.0,103637951.29999998
2025-08-01 09:20:47 AM,497.5,1280,636800.0,104274751.29999998
2025-08-01 09:20:49 AM,497.7,1,497.7,104275248.99999999
2025-08-01 09:20:53 AM,497.5,0,0.0,104275248.99999999
2025-08-01 09:20:55 AM,497.5,430,213925.0,104489173.99999999
2025-08-01 09:21:00 AM,497.9,0,0.0,104489173.99999999
2025-08-01 09:21:02 AM,497.8,0,0.0,104489173.99999999
2025-08-01 09:21:03 AM,497.8,406,202106.80000000002,104691280.79999998
2025-08-01 09:21:04 AM,497.95,500,248975.0,104940255.79999998
2025-08-01 09:21:07 AM,497.9,0,0.0,104940255.79999998
2025-08-01 09:21:09 AM,497.7,0,0.0,104940255.79999998
2025-08-01 09:21:10 AM,497.7,61,30359.7,104970615.49999999
2025-08-01 09:21:14 AM,497.65,0,0.0,104970615.49999999
2025-08-01 09:21:16 AM,497.7,0,0.0,104970615.49999999
2025-08-01 09:21:18 AM,497.7,751,373772.7,105344388.19999999
2025-08-01 09:21:19 AM,497.7,50,24885.0,105369273.19999999
2025-08-01 09:21:21 AM,497.65,0,0.0,105369273.19999999
2025-08-01 09:21:23 AM,498.05,0,0.0,105369273.19999999
2025-08-01 09:21:26 AM,497.75,4386,2183131.5,107552404.69999999
2025-08-01 09:21:28 AM,498.5,0,0.0,107552404.69999999
2025-08-01 09:21:34 AM,498.5,11,5483.5,107557888.19999999
2025-08-01 09:21:34 AM,498.6,0,0.0,107557888.19999999
2025-08-01 09:21:35 AM,498.25,48,23916.0,107581804.19999999
2025-08-01 09:21:37 AM,498.15,0,0.0,107581804.19999999
2025-08-01 09:21:40 AM,498.8,0,0.0,107581804.19999999
2025-08-01 09:21:42 AM,498.5,224,111664.0,107693468.19999999
2025-08-01 09:21:43 AM,498.8,0,0.0,107693468.19999999
2025-08-01 09:21:46 AM,498.85,0,0.0,107693468.19999999
2025-08-01 09:21:49 AM,498.5,320,159520.0,107852988.19999999
2025-08-01 09:21:53 AM,498.25,0,0.0,107852988.19999999
2025-08-01 09:21:57 AM,498.15,242,120552.29999999999,107973540.49999999
2025-08-01 09:21:58 AM,498.0,457,227586.0,108201126.49999999
2025-08-01 09:22:04 AM,498.15,674,335753.1,108536879.59999998
2025-08-01 09:22:06 AM,498.4,136,67782.4,108604661.99999999
2025-08-01 09:22:07 AM,498.3,0,0.0,108604661.99999999
2025-08-01 09:22:10 AM,498.95,0,0.0,108604661.99999999
2025-08-01 09:22:12 AM,498.15,11328,5643043.2,114247705.19999999
2025-08-01 09:22:13 AM,498.55,2,997.1,114248702.29999998
2025-08-01 09:22:17 AM,498.2,0,0.0,114248702.29999998
2025-08-01 09:22:20 AM,498.4,65,32396.0,114281098.29999998
2025-08-01 09:22:21 AM,498.25,50,24912.5,114306010.79999998
2025-08-01 09:22:24 AM,498.8,0,0.0,114306010.79999998
2025-08-01 09:22:27 AM,498.6,1790,892494.0,115198504.79999998
2025-08-01 09:22:28 AM,498.45,0,0.0,115198504.79999998
2025-08-01 09:22:29 AM,498.45,122,60810.9,115259315.69999999
2025-08-01 09:22:35 AM,498.45,311,155017.94999999998,115414333.64999999
2025-08-01 09:22:36 AM,498.1,6,2988.6000000000004,115417322.24999999
2025-08-01 09:22:38 AM,498.5,0,0.0,115417322.24999999
2025-08-01 09:22:43 AM,497.95,640,318688.0,115736010.24999999
2025-08-01 09:22:43 AM,498.0,0,0.0,115736010.24999999
2025-08-01 09:22:44 AM,498.0,1128,561744.0,116297754.24999999
2025-08-01 09:22:44 AM,497.85,0,0.0,116297754.24999999
2025-08-01 09:22:50 AM,497.85,80,39828.0,116337582.24999999
2025-08-01 09:22:57 AM,498.0,0,0.0,116337582.24999999
2025-08-01 09:22:58 AM,498.0,306,152388.0,116489970.24999999
2025-08-01 09:22:59 AM,497.75,3,1493.25,116491463.49999999
2025-08-01 09:23:02 AM,498.7,0,0.0,116491463.49999999
2025-08-01 09:23:05 AM,498.7,2203,1098636.0999999999,117590099.59999998
2025-08-01 09:23:07 AM,497.95,240,119508.0,117709607.59999998
2025-08-01 09:23:09 AM,498.2,0,0.0,117709607.59999998
2025-08-01 09:23:11 AM,498.7,0,0.0,117709607.59999998
2025-08-01 09:23:13 AM,498.7,2240,1117088.0,118826695.59999998
2025-08-01 09:23:16 AM,497.75,0,0.0,118826695.59999998
2025-08-01 09:23:21 AM,498.2,1035,515637.0,119342332.59999998
2025-08-01 09:23:22 AM,497.65,853,424495.44999999995,119766828.04999998
2025-08-01 09:23:28 AM,497.5,733,364667.5,120131495.54999998
2025-08-01 09:23:30 AM,497.25,59,29337.75,120160833.29999998
2025-08-01 09:23:36 AM,497.2,400,198880.0,120359713.29999998
2025-08-01 09:23:38 AM,497.2,100,49720.0,120409433.29999998
2025-08-01 09:23:43 AM,497.2,1273,632935.6,121042368.89999998
2025-08-01 09:23:45 AM,497.75,110,54752.5,121097121.39999998
2025-08-01 09:23:49 AM,497.25,0,0.0,121097121.39999998
2025-08-01 09:23:51 AM,497.2,534,265504.8,121362626.19999997
2025-08-01 09:23:59 AM,497.65,146,72656.9,121435283.09999998
2025-08-01 09:24:00 AM,497.65,5,2488.25,121437771.34999998
2025-08-01 09:24:07 AM,497.25,408,202878.0,121640649.34999998
2025-08-01 09:24:08 AM,497.0,400,198800.0,121839449.34999998
2025-08-01 09:24:09 AM,497.05,0,0.0,121839449.34999998
2025-08-01 09:24:14 AM,497.0,593,294721.0,122134170.34999998
2025-08-01 09:24:16 AM,497.05,23,11432.15,122145602.49999999
2025-08-01 09:24:22 AM,497.05,672,334017.60000000003,122479620.09999998
2025-08-01 09:24:22 AM,497.5,0,0.0,122479620.09999998
2025-08-01 09:24:23 AM,497.5,3,1492.5,122481112.59999998
2025-08-01 09:24:28 AM,498.15,0,0.0,122481112.59999998
2025-08-01 09:24:29 AM,498.25,1483,738904.75,123220017.34999998
2025-08-01 09:24:31 AM,497.75,106,52761.5,123272778.84999998
2025-08-01 09:24:34 AM,497.9,0,0.0,123272778.84999998
2025-08-01 09:24:37 AM,498.3,612,304959.60000000003,123577738.44999997
2025-08-01 09:24:39 AM,498.25,217,108120.25,123685858.69999997
2025-08-01 09:24:40 AM,498.35,0,0.0,123685858.69999997
2025-08-01 09:24:44 AM,498.2,471,234652.19999999998,123920510.89999998
2025-08-01 09:24:46 AM,498.2,60,29892.0,123950402.89999998
2025-08-01 09:24:52 AM,498.2,455,226681.0,124177083.89999998
2025-08-01 09:24:53 AM,498.6,0,0.0,124177083.89999998
2025-08-01 09:24:54 AM,498.6,131,65316.600000000006,124242400.49999997
2025-08-01 09:24:59 AM,498.6,112,55843.200000000004,124298243.69999997
2025-08-01 09:24:59 AM,498.2,0,0.0,124298243.69999997
2025-08-01 09:25:01 AM,498.2,10,4982.0,124303225.69999997
2025-08-01 09:25:06 AM,498.0,0,0.0,124303225.69999997
2025-08-01 09:25:07 AM,498.0,720,358560.0,124661785.69999997
2025-08-01 09:25:07 AM,498.55,0,0.0,124661785.69999997
2025-08-01 09:25:09 AM,498.55,15,7478.25,124669263.94999997
2025-08-01 09:25:13 AM,498.4,0,0.0,124669263.94999997
2025-08-01 09:25:14 AM,498.4,515,256676.0,124925939.94999997
2025-08-01 09:25:19 AM,498.55,0,0.0,124925939.94999997
2025-08-01 09:25:20 AM,498.05,0,0.0,124925939.94999997
2025-08-01 09:25:22 AM,498.05,1485,739604.25,125665544.19999997
2025-08-01 09:25:24 AM,497.95,130,64733.5,125730277.69999997
2025-08-01 09:25:25 AM,497.7,0,0.0,125730277.69999997
2025-08-01 09:25:29 AM,497.7,33,16424.1,125746701.79999997
2025-08-01 09:25:32 AM,498.95,0,0.0,125746701.79999997
2025-08-01 09:25:37 AM,498.35,7151,3563700.85,129310402.64999996
2025-08-01 09:25:43 AM,498.9,0,0.0,129310402.64999996
2025-08-01 09:25:44 AM,498.9,80,39912.0,129350314.64999996
2025-08-01 09:25:48 AM,498.45,0,0.0,129350314.64999996
2025-08-01 09:25:52 AM,498.9,175,87307.5,129437622.14999996
2025-08-01 09:25:54 AM,498.5,190,94715.0,129532337.14999996
2025-08-01 09:25:59 AM,498.8,13,6484.400000000001,129538821.54999997
2025-08-01 09:26:00 AM,498.4,0,0.0,129538821.54999997
2025-08-01 09:26:01 AM,498.4,200,99680.0,129638501.54999997
2025-08-01 09:26:09 AM,498.4,120,59808.0,129698309.54999997
2025-08-01 09:26:14 AM,498.35,0,0.0,129698309.54999997
2025-08-01 09:26:15 AM,498.35,91,45349.85,129743659.39999996
2025-08-01 09:26:20 AM,498.4,0,0.0,129743659.39999996
2025-08-01 09:26:22 AM,498.2,240,119568.0,129863227.39999996
2025-08-01 09:26:24 AM,498.75,480,239400.0,130102627.39999996
2025-08-01 09:26:30 AM,498.05,68,33867.4,130136494.79999997
2025-08-01 09:26:30 AM,498.6,0,0.0,130136494.79999997
2025-08-01 09:26:32 AM,498.6,150,74790.0,130211284.79999997
2025-08-01 09:26:35 AM,498.3,0,0.0,130211284.79999997
2025-08-01 09:26:38 AM,498.3,306,152479.80000000002,130363764.59999996
2025-08-01 09:26:38 AM,498.35,0,0.0,130363764.59999996
2025-08-01 09:26:40 AM,498.35,32,15947.2,130379711.79999997
2025-08-01 09:26:41 AM,498.6,0,0.0,130379711.79999997
2025-08-01 09:26:44 AM,498.3,0,0.0,130379711.79999997
2025-08-01 09:26:45 AM,498.3,294,146500.2,130526211.99999997
2025-08-01 09:26:50 AM,498.7,0,0.0,130526211.99999997
2025-08-01 09:26:53 AM,498.7,460,229402.0,130755613.99999997
2025-08-01 09:26:54 AM,498.2,100,49820.0,130805433.99999997
2025-08-01 09:27:08 AM,498.55,5,2492.75,130807926.74999997
2025-08-01 09:27:10 AM,498.7,0,0.0,130807926.74999997
2025-08-01 09:27:15 AM,498.65,502,250322.3,131058249.04999997
2025-08-01 09:27:16 AM,498.15,0,0.0,131058249.04999997
2025-08-01 09:27:16 AM,498.15,100,49815.0,131108064.04999997
2025-08-01 09:27:20 AM,498.5,0,0.0,131108064.04999997
2025-08-01 09:27:23 AM,498.5,525,261712.5,131369776.54999997
2025-08-01 09:27:24 AM,498.0,68,33864.0,131403640.54999997
2025-08-01 09:27:26 AM,498.15,0,0.0,131403640.54999997
2025-08-01 09:27:30 AM,498.65,972,484687.8,131888328.34999996
2025-08-01 09:27:40 AM,498.15,0,0.0,131888328.34999996
2025-08-01 09:27:45 AM,498.15,95,47324.25,131935652.59999996
2025-08-01 09:27:50 AM,498.65,0,0.0,131935652.59999996
2025-08-01 09:27:53 AM,498.65,213,106212.45,132041865.04999997
2025-08-01 09:27:55 AM,497.8,0,0.0,132041865.04999997
2025-08-01 09:28:01 AM,497.8,878,437068.4,132478933.44999997
2025-08-01 09:28:06 AM,497.85,0,0.0,132478933.44999997
2025-08-01 09:28:07 AM,497.5,0,0.0,132478933.44999997
2025-08-01 09:28:08 AM,497.4,353,175582.19999999998,132654515.64999998
2025-08-01 09:28:13 AM,497.25,0,0.0,132654515.64999998
2025-08-01 09:28:16 AM,497.25,1089,541505.25,133196020.89999998
2025-08-01 09:28:17 AM,497.8,100,49780.0,133245800.89999998
2025-08-01 09:28:19 AM,497.4,0,0.0,133245800.89999998
2025-08-01 09:28:24 AM,497.75,180,89595.0,133335395.89999998
2025-08-01 09:28:25 AM,497.75,27,13439.25,133348835.14999998
2025-08-01 09:28:30 AM,497.1,0,0.0,133348835.14999998
2025-08-01 09:28:30 AM,497.05,0,0.0,133348835.14999998
2025-08-01 09:28:31 AM,497.05,276,137185.80000000002,133486020.94999997
2025-08-01 09:28:32 AM,497.4,22,10942.8,133496963.74999997
2025-08-01 09:28:36 AM,497.0,0,0.0,133496963.74999997
2025-08-01 09:28:39 AM,497.0,961,477617.0,133974580.74999997
2025-08-01 09:28:42 AM,496.8,0,0.0,133974580.74999997
2025-08-01 09:28:46 AM,496.7,0,0.0,133974580.74999997
2025-08-01 09:28:46 AM,496.7,1877,932305.9,134906886.64999998
2025-08-01 09:28:48 AM,496.6,250,124150.0,135031036.64999998
2025-08-01 09:28:51 AM,497.55,0,0.0,135031036.64999998
2025-08-01 09:28:52 AM,497.6,0,0.0,135031036.64999998
2025-08-01 09:28:54 AM,497.6,103,51252.8,135082289.45
2025-08-01 09:28:57 AM,497.75,0,0.0,135082289.45
2025-08-01 09:29:02 AM,497.75,5,2488.75,135084778.2
2025-08-01 09:29:03 AM,497.6,0,0.0,135084778.2
2025-08-01 09:29:03 AM,497.6,3,1492.8000000000002,135086271.0
2025-08-01 09:29:04 AM,497.8,0,0.0,135086271.0
2025-08-01 09:29:09 AM,497.75,329,163759.75,135250030.75
2025-08-01 09:29:11 AM,497.8,28,13938.4,135263969.15
2025-08-01 09:29:15 AM,497.2,0,0.0,135263969.15
2025-08-01 09:29:17 AM,497.1,725,360397.5,135624366.65
2025-08-01 09:29:18 AM,497.0,320,159040.0,135783406.65
2025-08-01 09:29:25 AM,497.55,4,1990.2,135785396.85
2025-08-01 09:29:40 AM,497.5,0,0.0,135785396.85
2025-08-01 09:29:41 AM,497.5,57,28357.5,135813754.35
2025-08-01 09:29:45 AM,497.1,0,0.0,135813754.35
2025-08-01 09:29:47 AM,497.1,137,68102.7,135881857.04999998
2025-08-01 09:29:48 AM,497.5,51,25372.5,135907229.54999998
2025-08-01 09:29:54 AM,497.5,682,339295.0,136246524.54999998
2025-08-01 09:29:55 AM,497.5,7,3482.5,136250007.04999998
2025-08-01 09:30:01 AM,497.0,0,0.0,136250007.04999998
2025-08-01 09:30:02 AM,497.0,240,119280.0,136369287.04999998
2025-08-01 09:30:08 AM,497.3,0,0.0,136369287.04999998
2025-08-01 09:30:10 AM,497.3,7,3481.1,136372768.14999998
2025-08-01 09:30:17 AM,497.3,71,35308.3,136408076.45
2025-08-01 09:30:23 AM,497.5,0,0.0,136408076.45
2025-08-01 09:30:25 AM,497.5,12,5970.0,136414046.45
2025-08-01 09:30:32 AM,497.5,129,64177.5,136478223.95
2025-08-01 09:30:36 AM,497.45,0,0.0,136478223.95
2025-08-01 09:30:39 AM,497.3,1261,627095.3,137105319.25
2025-08-01 09:30:47 AM,497.25,30,14917.5,137120236.75
2025-08-01 09:30:50 AM,497.3,0,0.0,137120236.75
2025-08-01 09:30:54 AM,497.3,899,447072.7,137567309.45
2025-08-01 09:30:55 AM,497.3,300,149190.0,137716499.45
2025-08-01 09:30:56 AM,497.2,0,0.0,137716499.45
2025-08-01 09:30:59 AM,497.5,0,0.0,137716499.45
2025-08-01 09:31:01 AM,497.5,24,11940.0,137728439.45
2025-08-01 09:31:05 AM,497.3,0,0.0,137728439.45
2025-08-01 09:31:07 AM,497.15,0,0.0,137728439.45
2025-08-01 09:31:09 AM,497.15,14,6960.099999999999,137735399.54999998
2025-08-01 09:31:11 AM,497.2,0,0.0,137735399.54999998
2025-08-01 09:31:13 AM,497.3,0,0.0,137735399.54999998
2025-08-01 09:31:16 AM,497.3,79,39286.700000000004,137774686.24999997
2025-08-01 09:31:19 AM,497.2,0,0.0,137774686.24999997
2025-08-01 09:31:23 AM,497.15,0,0.0,137774686.24999997
2025-08-01 09:31:24 AM,497.2,66,32815.2,137807501.44999996
2025-08-01 09:31:31 AM,497.2,75,37290.0,137844791.44999996
2025-08-01 09:31:35 AM,497.3,0,0.0,137844791.44999996
2025-08-01 09:31:37 AM,497.15,0,0.0,137844791.44999996
2025-08-01 09:31:38 AM,497.15,51,25354.649999999998,137870146.09999996
2025-08-01 09:31:45 AM,497.15,3,1491.4499999999998,137871637.54999995
2025-08-01 09:31:47 AM,497.1,0,0.0,137871637.54999995
2025-08-01 09:31:52 AM,497.1,90,44739.0,137916376.54999995
2025-08-01 09:31:53 AM,497.0,0,0.0,137916376.54999995
2025-08-01 09:31:59 AM,497.0,1761,875217.0,138791593.54999995
2025-08-01 09:31:59 AM,497.15,10,4971.5,138796565.04999995
2025-08-01 09:32:03 AM,496.9,0,0.0,138796565.04999995
2025-08-01 09:32:06 AM,496.9,628,312053.2,139108618.24999994
2025-08-01 09:32:13 AM,496.75,14,6954.5,139115572.74999994
2025-08-01 09:32:20 AM,497.0,257,127729.0,139243301.74999994
2025-08-01 09:32:21 AM,496.7,0,0.0,139243301.74999994
2025-08-01 09:32:27 AM,497.0,0,0.0,139243301.74999994
2025-08-01 09:32:27 AM,497.0,133,66101.0,139309402.74999994
2025-08-01 09:32:34 AM,497.0,42,20874.0,139330276.74999994
2025-08-01 09:32:39 AM,496.7,0,0.0,139330276.74999994
2025-08-01 09:32:41 AM,496.7,1,496.7,139330773.44999993
2025-08-01 09:32:45 AM,496.4,0,0.0,139330773.44999993
2025-08-01 09:32:48 AM,496.4,1616,802182.3999999999,140132955.84999993
2025-08-01 09:32:51 AM,496.3,0,0.0,140132955.84999993
2025-08-01 09:32:55 AM,496.5,1795,891217.5,141024173.34999993
2025-08-01 09:33:01 AM,496.2,183,90804.59999999999,141114977.94999993
2025-08-01 09:33:02 AM,496.2,100,49620.0,141164597.94999993
2025-08-01 09:33:09 AM,496.2,51,25306.2,141189904.14999992
2025-08-01 09:33:15 AM,496.2,95,47139.0,141237043.14999992
2025-08-01 09:33:22 AM,496.2,113,56070.6,141293113.7499999
2025-08-01 09:33:29 AM,496.2,208,103209.59999999999,141396323.3499999
2025-08-01 09:33:34 AM,496.25,0,0.0,141396323.3499999
2025-08-01 09:33:36 AM,496.25,9,4466.25,141400789.5999999
2025-08-01 09:33:43 AM,496.25,230,114137.5,141514927.0999999
2025-08-01 09:33:47 AM,496.5,0,0.0,141514927.0999999
2025-08-01 09:33:49 AM,496.25,0,0.0,141514927.0999999
2025-08-01 09:33:50 AM,496.25,519,257553.75,141772480.8499999
2025-08-01 09:33:50 AM,496.5,10,4965.0,141777445.8499999
2025-08-01 09:33:57 AM,496.5,15,7447.5,141784893.3499999
2025-08-01 09:34:04 AM,496.5,1485,737302.5,142522195.8499999
2025-08-01 09:34:04 AM,496.95,60,29817.0,142552012.8499999
2025-08-01 09:34:09 AM,497.0,0,0.0,142552012.8499999
2025-08-01 09:34:11 AM,497.0,1812,900564.0,143452576.8499999
2025-08-01 09:34:22 AM,496.45,0,0.0,143452576.8499999
2025-08-01 09:34:24 AM,496.85,0,0.0,143452576.8499999
2025-08-01 09:34:25 AM,496.85,938,466045.30000000005,143918622.14999992
2025-08-01 09:34:27 AM,496.2,0,0.0,143918622.14999992
2025-08-01 09:34:32 AM,496.65,0,0.0,143918622.14999992
2025-08-01 09:34:32 AM,496.65,170,84430.5,144003052.64999992
2025-08-01 09:34:34 AM,496.6,0,0.0,144003052.64999992
2025-08-01 09:34:37 AM,496.65,0,0.0,144003052.64999992
2025-08-01 09:34:39 AM,496.65,706,350634.89999999997,144353687.54999992
2025-08-01 09:34:42 AM,496.2,0,0.0,144353687.54999992
2025-08-01 09:34:46 AM,496.65,277,137572.05,144491259.59999993
2025-08-01 09:34:49 AM,496.2,0,0.0,144491259.59999993
2025-08-01 09:34:53 AM,496.2,5,2481.0,144493740.59999993
2025-08-01 09:34:53 AM,496.6,30,14898.0,144508638.59999993
2025-08-01 09:34:59 AM,496.8,0,0.0,144508638.59999993
2025-08-01 09:35:00 AM,496.8,120,59616.0,144568254.59999993
2025-08-01 09:35:04 AM,496.6,0,0.0,144568254.59999993
2025-08-01 09:35:07 AM,496.2,706,350317.2,144918571.79999992
2025-08-01 09:35:09 AM,496.55,0,0.0,144918571.79999992
2025-08-01 09:35:14 AM,496.55,4,1986.2,144920557.9999999
2025-08-01 09:35:19 AM,496.2,0,0.0,144920557.9999999
2025-08-01 09:35:21 AM,496.2,87,43169.4,144963727.39999992
2025-08-01 09:35:34 AM,496.55,0,0.0,144963727.39999992
2025-08-01 09:35:35 AM,496.55,1032,512439.60000000003,145476166.9999999
2025-08-01 09:35:39 AM,496.1,0,0.0,145476166.9999999
2025-08-01 09:35:42 AM,496.75,1665,827088.75,146303255.7499999
2025-08-01 09:35:44 AM,496.45,0,0.0,146303255.7499999
2025-08-01 09:35:48 AM,497.0,5143,2556071.0,148859326.7499999
2025-08-01 09:35:49 AM,496.55,0,0.0,148859326.7499999
2025-08-01 09:35:54 AM,497.0,0,0.0,148859326.7499999
2025-08-01 09:35:55 AM,497.0,1524,757428.0,149616754.7499999
2025-08-01 09:36:02 AM,496.65,10,4966.5,149621721.2499999
2025-08-01 09:36:11 AM,496.45,0,0.0,149621721.2499999
2025-08-01 09:36:15 AM,496.45,1000,496450.0,150118171.2499999
2025-08-01 09:36:19 AM,497.0,0,0.0,150118171.2499999
2025-08-01 09:36:22 AM,497.0,1000,497000.0,150615171.2499999
2025-08-01 09:36:27 AM,496.5,0,0.0,150615171.2499999
2025-08-01 09:36:28 AM,496.5,22,10923.0,150626094.2499999
2025-08-01 09:36:31 AM,497.0,0,0.0,150626094.2499999
2025-08-01 09:36:35 AM,497.0,310,154070.0,150780164.2499999
2025-08-01 09:36:35 AM,497.0,1,497.0,150780661.2499999
2025-08-01 09:36:35 AM,497.3,0,0.0,150780661.2499999
2025-08-01 09:36:41 AM,497.3,6008,2987778.4,153768439.64999992
2025-08-01 09:36:47 AM,497.8,0,0.0,153768439.64999992
2025-08-01 09:36:47 AM,497.8,124,61727.200000000004,153830166.8499999
2025-08-01 09:36:54 AM,497.8,120,59736.0,153889902.8499999
2025-08-01 09:37:01 AM,497.8,101,50277.8,153940180.64999992
2025-08-01 09:37:07 AM,498.15,0,0.0,153940180.64999992
2025-08-01 09:37:08 AM,498.15,1563,778608.45,154718789.0999999
2025-08-01 09:37:15 AM,498.15,10,4981.5,154723770.5999999
2025-08-01 09:37:23 AM,498.3,80,39864.0,154763634.5999999
2025-08-01 09:37:27 AM,498.0,0,0.0,154763634.5999999
2025-08-01 09:37:29 AM,498.0,970,483060.0,155246694.5999999
2025-08-01 09:37:36 AM,498.0,116,57768.0,155304462.5999999
2025-08-01 09:37:41 AM,497.8,0,0.0,155304462.5999999
2025-08-01 09:37:43 AM,497.95,377,187727.15,155492189.7499999
2025-08-01 09:37:56 AM,497.95,1204,599531.7999999999,156091721.54999992
2025-08-01 09:38:02 AM,497.85,501,249422.85,156341144.39999992
2025-08-01 09:38:08 AM,497.35,0,0.0,156341144.39999992
2025-08-01 09:38:09 AM,497.35,17,8454.95,156349599.3499999
2025-08-01 09:38:14 AM,497.9,0,0.0,156349599.3499999
2025-08-01 09:38:16 AM,497.9,267,132939.3,156482538.64999992
2025-08-01 09:38:23 AM,497.9,5,2489.5,156485028.14999992
2025-08-01 09:38:29 AM,497.85,0,0.0,156485028.14999992
2025-08-01 09:38:36 AM,497.85,1575,784113.75,157269141.89999992
2025-08-01 09:38:43 AM,497.55,600,298530.0,157567671.89999992
2025-08-01 09:38:50 AM,497.3,138,68627.40000000001,157636299.29999992
2025-08-01 09:38:55 AM,497.8,0,0.0,157636299.29999992
2025-08-01 09:38:56 AM,497.8,162,80643.6,157716942.89999992
2025-08-01 09:39:03 AM,497.75,46,22896.5,157739839.39999992
2025-08-01 09:39:09 AM,497.2,0,0.0,157739839.39999992
2025-08-01 09:39:10 AM,497.2,39,19390.8,157759230.19999993
2025-08-01 09:39:14 AM,497.25,0,0.0,157759230.19999993
2025-08-01 09:39:15 AM,497.0,0,0.0,157759230.19999993
2025-08-01 09:39:17 AM,498.0,6101,3038298.0,160797528.19999993
2025-08-01 09:39:24 AM,497.25,0,0.0,160797528.19999993
2025-08-01 09:39:28 AM,497.35,0,0.0,160797528.19999993
2025-08-01 09:39:30 AM,497.8,167,83132.6,160880660.79999992
2025-08-01 09:39:36 AM,497.8,250,124450.0,161005110.79999992
2025-08-01 09:39:40 AM,497.3,0,0.0,161005110.79999992
2025-08-01 09:39:43 AM,497.3,100,49730.0,161054840.79999992
2025-08-01 09:39:43 AM,497.9,25,12447.5,161067288.29999992
2025-08-01 09:39:50 AM,497.9,157,78170.3,161145458.59999993
2025-08-01 09:39:56 AM,497.9,113,56262.7,161201721.29999992
2025-08-01 09:40:00 AM,497.2,0,0.0,161201721.29999992
2025-08-01 09:40:03 AM,497.2,496,246611.19999999998,161448332.4999999
2025-08-01 09:40:03 AM,497.8,143,71185.40000000001,161519517.89999992
2025-08-01 09:40:10 AM,498.0,5,2490.0,161522007.89999992
2025-08-01 09:40:16 AM,498.0,1416,705168.0,162227175.89999992
2025-08-01 09:40:17 AM,498.0,1,498.0,162227673.89999992
2025-08-01 09:40:22 AM,498.0,25,12450.0,162240123.89999992
2025-08-01 09:40:32 AM,498.25,0,0.0,162240123.89999992
2025-08-01 09:40:36 AM,498.25,152,75734.0,162315857.89999992
2025-08-01 09:40:39 AM,498.35,0,0.0,162315857.89999992
2025-08-01 09:40:42 AM,498.5,897,447154.5,162763012.39999992
2025-08-01 09:40:43 AM,498.5,50,24925.0,162787937.39999992
2025-08-01 09:40:47 AM,498.7,0,0.0,162787937.39999992
2025-08-01 09:40:49 AM,498.7,1790,892673.0,163680610.39999992
2025-08-01 09:40:52 AM,498.75,0,0.0,163680610.39999992
2025-08-01 09:40:55 AM,498.75,494,246382.5,163926992.89999992
2025-08-01 09:41:02 AM,498.7,196,97745.2,164024738.0999999
2025-08-01 09:41:07 AM,498.75,0,0.0,164024738.0999999
2025-08-01 09:41:09 AM,498.9,571,284871.89999999997,164309609.9999999
2025-08-01 09:41:11 AM,498.75,0,0.0,164309609.9999999
2025-08-01 09:41:15 AM,498.95,836,417122.2,164726732.1999999
2025-08-01 09:41:19 AM,499.0,0,0.0,164726732.1999999
2025-08-01 09:41:22 AM,499.0,416,207584.0,164934316.1999999
2025-08-01 09:41:23 AM,499.0,11,5489.0,164939805.1999999
2025-08-01 09:41:23 AM,498.95,0,0.0,164939805.1999999
2025-08-01 09:41:27 AM,499.0,0,0.0,164939805.1999999
2025-08-01 09:41:29 AM,499.0,11,5489.0,164945294.1999999
2025-08-01 09:41:35 AM,498.95,48,23949.6,164969243.7999999
2025-08-01 09:41:39 AM,499.0,0,0.0,164969243.7999999
2025-08-01 09:41:42 AM,499.0,13,6487.0,164975730.7999999
2025-08-01 09:41:43 AM,498.95,538,268435.1,165244165.8999999
2025-08-01 09:41:43 AM,499.0,0,0.0,165244165.8999999
2025-08-01 09:41:48 AM,499.0,850,424150.0,165668315.8999999
2025-08-01 09:41:55 AM,499.35,49,24468.15,165692784.0499999
2025-08-01 09:41:59 AM,498.8,0,0.0,165692784.0499999
2025-08-01 09:42:01 AM,498.9,1095,546295.5,166239079.5499999
2025-08-01 09:42:02 AM,499.0,5,2495.0,166241574.5499999
2025-08-01 09:42:08 AM,499.35,43,21472.05,166263046.5999999
2025-08-01 09:42:12 AM,498.8,0,0.0,166263046.5999999
2025-08-01 09:42:14 AM,499.15,1952,974340.7999999999,167237387.39999992
2025-08-01 09:42:16 AM,498.35,431,214788.85,167452176.2499999
2025-08-01 09:42:20 AM,498.6,0,0.0,167452176.2499999
2025-08-01 09:42:21 AM,498.6,918,457714.80000000005,167909891.04999992
2025-08-01 09:42:22 AM,498.85,910,453953.5,168363844.54999992
2025-08-01 09:42:28 AM,498.85,46,22947.100000000002,168386791.64999992
2025-08-01 09:42:34 AM,498.85,146,72832.1,168459623.7499999
2025-08-01 09:42:38 AM,498.8,0,0.0,168459623.7499999
2025-08-01 09:42:40 AM,498.8,50,24940.0,168484563.7499999
2025-08-01 09:42:42 AM,498.8,10,4988.0,168489551.7499999
2025-08-01 09:42:47 AM,498.8,10,4988.0,168494539.7499999
2025-08-01 09:42:48 AM,498.95,100,49895.0,168544434.7499999
2025-08-01 09:42:50 AM,498.8,0,0.0,168544434.7499999
2025-08-01 09:42:53 AM,498.5,16,7976.0,168552410.7499999
2025-08-01 09:42:58 AM,499.25,0,0.0,168552410.7499999
2025-08-01 09:43:00 AM,499.1,735,366838.5,168919249.2499999
2025-08-01 09:43:02 AM,498.6,0,0.0,168919249.2499999
2025-08-01 09:43:07 AM,498.6,1,498.6,168919747.8499999
2025-08-01 09:43:07 AM,498.8,65,32422.0,168952169.8499999
2025-08-01 09:43:10 AM,499.1,0,0.0,168952169.8499999
2025-08-01 09:43:13 AM,499.1,65,32441.5,168984611.3499999
2025-08-01 09:43:14 AM,499.2,0,0.0,168984611.3499999
2025-08-01 09:43:14 AM,499.2,240,119808.0,169104419.3499999
2025-08-01 09:43:14 AM,499.25,0,0.0,169104419.3499999
2025-08-01 09:43:18 AM,498.85,0,0.0,169104419.3499999
2025-08-01 09:43:20 AM,498.85,190,94781.5,169199200.8499999
2025-08-01 09:43:26 AM,499.15,0,0.0,169199200.8499999
2025-08-01 09:43:27 AM,499.15,224,111809.59999999999,169311010.4499999
2025-08-01 09:43:30 AM,499.25,0,0.0,169311010.4499999
2025-08-01 09:43:30 AM,499.3,0,0.0,169311010.4499999
2025-08-01 09:43:33 AM,499.3,15,7489.5,169318499.9499999
2025-08-01 09:43:34 AM,499.3,90,44937.0,169363436.9499999
2025-08-01 09:43:40 AM,499.3,139,69402.7,169432839.6499999
2025-08-01 09:43:41 AM,499.15,100,49915.0,169482754.6499999
2025-08-01 09:43:42 AM,499.3,0,0.0,169482754.6499999
2025-08-01 09:43:46 AM,499.3,134,66906.2,169549660.84999987
2025-08-01 09:43:47 AM,499.3,9,4493.7,169554154.54999986
2025-08-01 09:43:50 AM,499.2,0,0.0,169554154.54999986
2025-08-01 09:43:53 AM,499.2,34,16972.8,169571127.34999987
2025-08-01 09:44:06 AM,498.8,0,0.0,169571127.34999987
2025-08-01 09:44:06 AM,499.0,2141,1068359.0,170639486.34999987
2025-08-01 09:44:07 AM,499.0,10,4990.0,170644476.34999987
2025-08-01 09:44:10 AM,498.8,0,0.0,170644476.34999987
2025-08-01 09:44:13 AM,499.05,1050,524002.5,171168478.84999987
2025-08-01 09:44:14 AM,499.1,500,249550.0,171418028.84999987
2025-08-01 09:44:14 AM,499.0,0,0.0,171418028.84999987
2025-08-01 09:44:20 AM,499.0,55,27445.0,171445473.84999987
2025-08-01 09:44:21 AM,499.2,600,299520.0,171744993.84999987
2025-08-01 09:44:26 AM,499.15,556,277527.39999999997,172022521.24999988
2025-08-01 09:44:32 AM,499.15,113,56403.95,172078925.19999987
2025-08-01 09:44:42 AM,499.0,0,0.0,172078925.19999987
2025-08-01 09:44:44 AM,498.65,0,0.0,172078925.19999987
2025-08-01 09:44:45 AM,498.65,35,17452.75,172096377.94999987
2025-08-01 09:44:50 AM,499.15,0,0.0,172096377.94999987
2025-08-01 09:44:52 AM,498.5,0,0.0,172096377.94999987
2025-08-01 09:44:53 AM,498.5,1149,572776.5,172669154.44999987
2025-08-01 09:44:54 AM,498.35,0,0.0,172669154.44999987
2025-08-01 09:44:58 AM,498.5,138,68793.0,172737947.44999987
2025-08-01 09:44:59 AM,498.5,2,997.0,172738944.44999987
2025-08-01 09:45:05 AM,498.5,105,52342.5,172791286.94999987
2025-08-01 09:45:11 AM,498.35,14,6976.900000000001,172798263.84999987
2025-08-01 09:45:13 AM,498.5,51,25423.5,172823687.34999987
2025-08-01 09:45:18 AM,498.1,733,365107.3,173188794.6499999
2025-08-01 09:45:22 AM,498.25,0,0.0,173188794.6499999
2025-08-01 09:45:24 AM,498.25,20,9965.0,173198759.6499999
2025-08-01 09:45:30 AM,498.2,0,0.0,173198759.6499999
2025-08-01 09:45:31 AM,498.2,123,61278.6,173260038.24999988
2025-08-01 09:45:34 AM,498.15,0,0.0,173260038.24999988
2025-08-01 09:45:37 AM,497.85,1065,530210.25,173790248.49999988
2025-08-01 09:45:42 AM,497.75,0,0.0,173790248.49999988
2025-08-01 09:45:44 AM,497.75,150,74662.5,173864910.99999988
2025-08-01 09:45:45 AM,498.15,5,2490.75,173867401.74999988
2025-08-01 09:45:50 AM,497.45,500,248725.0,174116126.74999988
2025-08-01 09:46:03 AM,497.8,189,94084.2,174210210.94999987
2025-08-01 09:46:10 AM,497.8,90,44802.0,174255012.94999987
2025-08-01 09:46:10 AM,498.0,0,0.0,174255012.94999987
2025-08-01 09:46:11 AM,498.0,1,498.0,174255510.94999987
2025-08-01 09:46:23 AM,498.0,6,2988.0,174258498.94999987
2025-08-01 09:46:27 AM,498.25,0,0.0,174258498.94999987
2025-08-01 09:46:29 AM,498.25,210,104632.5,174363131.44999987
2025-08-01 09:46:31 AM,498.25,200,99650.0,174462781.44999987
2025-08-01 09:46:32 AM,498.0,0,0.0,174462781.44999987
2025-08-01 09:46:35 AM,498.0,90,44820.0,174507601.44999987
2025-08-01 09:46:42 AM,498.35,157,78240.95,174585842.39999986
2025-08-01 09:46:48 AM,498.45,11,5482.95,174591325.34999985
2025-08-01 09:46:50 AM,498.45,7,3489.15,174594814.49999985
2025-08-01 09:46:56 AM,498.35,500,249175.0,174843989.49999985
2025-08-01 09:47:06 AM,498.45,1,498.45,174844487.94999984
2025-08-01 09:47:15 AM,498.45,4,1993.8,174846481.74999985
2025-08-01 09:47:19 AM,498.0,0,0.0,174846481.74999985
2025-08-01 09:47:19 AM,498.0,25,12450.0,174858931.74999985
2025-08-01 09:47:23 AM,498.45,0,0.0,174858931.74999985
2025-08-01 09:47:25 AM,498.45,401,199878.44999999998,175058810.19999984
2025-08-01 09:47:31 AM,498.0,150,74700.0,175133510.19999984
2025-08-01 09:47:38 AM,498.45,139,69284.55,175202794.74999985
2025-08-01 09:47:43 AM,498.6,0,0.0,175202794.74999985
2025-08-01 09:47:45 AM,498.6,500,249300.0,175452094.74999985
2025-08-01 09:47:52 AM,498.25,22,10961.5,175463056.24999985
2025-08-01 09:48:01 AM,498.15,0,0.0,175463056.24999985
2025-08-01 09:48:01 AM,498.15,100,49815.0,175512871.24999985
2025-08-01 09:48:10 AM,498.25,0,0.0,175512871.24999985
2025-08-01 09:48:11 AM,498.25,15,7473.75,175520344.99999985
2025-08-01 09:48:14 AM,498.25,2,996.5,175521341.49999985
2025-08-01 09:48:17 AM,498.5,20,9970.0,175531311.49999985
2025-08-01 09:48:26 AM,498.3,0,0.0,175531311.49999985
2025-08-01 09:48:27 AM,498.3,2,996.6,175532308.09999985
2025-08-01 09:48:30 AM,498.8,0,0.0,175532308.09999985
2025-08-01 09:48:31 AM,498.8,400,199520.0,175731828.09999985
2025-08-01 09:48:43 AM,498.8,150,74820.0,175806648.09999985
2025-08-01 09:48:46 AM,498.5,0,0.0,175806648.09999985
2025-08-01 09:48:46 AM,498.5,35,17447.5,175824095.59999985
2025-08-01 09:48:46 AM,498.8,0,0.0,175824095.59999985
2025-08-01 09:48:50 AM,498.8,30,14964.0,175839059.59999985
2025-08-01 09:48:52 AM,498.8,308,153630.4,175992689.99999985
2025-08-01 09:48:54 AM,499.0,0,0.0,175992689.99999985
2025-08-01 09:48:56 AM,499.2,4605,2298816.0,178291505.99999985
2025-08-01 09:49:02 AM,499.2,155,77376.0,178368881.99999985
2025-08-01 09:49:05 AM,498.95,15,7484.25,178376366.24999985
2025-08-01 09:49:06 AM,499.2,0,0.0,178376366.24999985
2025-08-01 09:49:09 AM,498.95,152,75840.4,178452206.64999986
2025-08-01 09:49:18 AM,499.2,0,0.0,178452206.64999986
2025-08-01 09:49:21 AM,498.95,0,0.0,178452206.64999986
2025-08-01 09:49:21 AM,498.95,1534,765389.2999999999,179217595.94999987
2025-08-01 09:49:24 AM,499.25,0,0.0,179217595.94999987
2025-08-01 09:49:27 AM,498.95,0,0.0,179217595.94999987
2025-08-01 09:49:27 AM,498.95,264,131722.8,179349318.74999988
2025-08-01 09:49:33 AM,498.95,94,46901.299999999996,179396220.0499999
2025-08-01 09:49:39 AM,498.7,0,0.0,179396220.0499999
2025-08-01 09:49:40 AM,498.7,641,319666.7,179715886.74999988
2025-08-01 09:49:48 AM,498.5,0,0.0,179715886.74999988
2025-08-01 09:49:49 AM,498.5,150,74775.0,179790661.74999988
2025-08-01 09:50:02 AM,498.5,11,5483.5,179796145.24999988
2025-08-01 09:50:05 AM,498.5,632,315052.0,180111197.24999988
2025-08-01 09:50:08 AM,498.5,50,24925.0,180136122.24999988
2025-08-01 09:50:12 AM,498.5,143,71285.5,180207407.74999988
2025-08-01 09:50:14 AM,498.3,0,0.0,180207407.74999988
2025-08-01 09:50:15 AM,498.3,90,44847.0,180252254.74999988
2025-08-01 09:50:18 AM,498.3,10,4983.0,180257237.74999988
2025-08-01 09:50:22 AM,498.0,0,0.0,180257237.74999988
2025-08-01 09:50:23 AM,497.5,0,0.0,180257237.74999988
2025-08-01 09:50:25 AM,497.5,1884,937290.0,181194527.74999988
2025-08-01 09:50:29 AM,497.0,0,0.0,181194527.74999988
2025-08-01 09:50:31 AM,497.0,1175,583975.0,181778502.74999988
2025-08-01 09:50:35 AM,496.85,0,0.0,181778502.74999988
2025-08-01 09:50:37 AM,496.85,335,166444.75,181944947.49999988
2025-08-01 09:50:41 AM,497.45,0,0.0,181944947.49999988
2025-08-01 09:50:43 AM,497.0,0,0.0,181944947.49999988
2025-08-01 09:50:43 AM,497.0,115,57155.0,182002102.49999988
2025-08-01 09:50:50 AM,497.45,90,44770.5,182046872.99999988
2025-08-01 09:50:53 AM,497.15,0,0.0,182046872.99999988
2025-08-01 09:50:56 AM,497.65,46,22891.899999999998,182069764.8999999
2025-08-01 09:51:05 AM,497.5,0,0.0,182069764.8999999
2025-08-01 09:51:09 AM,497.5,250,124375.0,182194139.8999999
2025-08-01 09:51:13 AM,497.3,0,0.0,182194139.8999999
2025-08-01 09:51:15 AM,497.8,34,16925.2,182211065.09999987
2025-08-01 09:51:25 AM,497.0,0,0.0,182211065.09999987
2025-08-01 09:51:27 AM,497.0,2365,1175405.0,183386470.09999987
2025-08-01 09:51:31 AM,497.3,0,0.0,183386470.09999987
2025-08-01 09:51:33 AM,497.3,5051,2511862.3000000003,185898332.3999999
2025-08-01 09:51:42 AM,497.3,545,271028.5,186169360.8999999
2025-08-01 09:51:46 AM,497.3,1,497.3,186169858.1999999
2025-08-01 09:51:52 AM,497.3,10,4973.0,186174831.1999999
2025-08-01 09:51:55 AM,497.3,1,497.3,186175328.4999999
2025-08-01 09:51:57 AM,497.25,0,0.0,186175328.4999999
2025-08-01 09:51:58 AM,497.25,14,6961.5,186182289.9999999
2025-08-01 09:52:01 AM,497.1,560,278376.0,186460665.9999999
2025-08-01 09:52:07 AM,497.0,886,440342.0,186901007.9999999
2025-08-01 09:52:13 AM,496.8,0,0.0,186901007.9999999
2025-08-01 09:52:13 AM,496.8,210,104328.0,187005335.9999999
2025-08-01 09:52:41 AM,496.8,138,68558.40000000001,187073894.39999992
2025-08-01 09:52:52 AM,497.2,0,0.0,187073894.39999992
2025-08-01 09:52:53 AM,497.25,205,101936.25,187175830.64999992
2025-08-01 09:52:58 AM,496.85,0,0.0,187175830.64999992
2025-08-01 09:52:59 AM,496.85,45,22358.25,187198188.89999992
2025-08-01 09:53:01 AM,496.85,51,25339.350000000002,187223528.2499999
2025-08-01 09:53:07 AM,497.2,0,0.0,187223528.2499999
2025-08-01 09:53:07 AM,497.2,22,10938.4,187234466.64999992
2025-08-01 09:53:12 AM,497.2,5,2486.0,187236952.64999992
2025-08-01 09:53:18 AM,497.25,10,4972.5,187241925.14999992
2025-08-01 09:53:20 AM,497.25,100,49725.0,187291650.14999992
2025-08-01 09:53:23 AM,497.3,0,0.0,187291650.14999992
2025-08-01 09:53:23 AM,497.0,0,0.0,187291650.14999992
2025-08-01 09:53:24 AM,497.0,291,144627.0,187436277.14999992
2025-08-01 09:53:26 AM,496.8,0,0.0,187436277.14999992
2025-08-01 09:53:26 AM,497.15,101,50212.149999999994,187486489.29999992
2025-08-01 09:53:38 AM,496.5,757,375850.5,187862339.79999992
2025-08-01 09:53:49 AM,496.5,28,13902.0,187876241.79999992
2025-08-01 09:53:50 AM,496.45,0,0.0,187876241.79999992
2025-08-01 09:53:51 AM,496.45,25,12411.25,187888653.04999992
2025-08-01 09:53:56 AM,496.85,0,0.0,187888653.04999992
2025-08-01 09:53:57 AM,496.85,400,198740.0,188087393.04999992
2025-08-01 09:54:01 AM,497.0,20,9940.0,188097333.04999992
2025-08-01 09:54:08 AM,496.85,0,0.0,188097333.04999992
2025-08-01 09:54:09 AM,496.85,4,1987.4,188099320.44999993
2025-08-01 09:54:11 AM,497.0,0,0.0,188099320.44999993
2025-08-01 09:54:14 AM,496.5,0,0.0,188099320.44999993
2025-08-01 09:54:14 AM,496.5,231,114691.5,188214011.94999993
2025-08-01 09:54:20 AM,497.1,0,0.0,188214011.94999993
2025-08-01 09:54:20 AM,497.1,1015,504556.5,188718568.44999993
2025-08-01 09:54:33 AM,496.5,290,143985.0,188862553.44999993
2025-08-01 09:55:15 AM,497.15,400,198860.0,189061413.44999993
2025-08-01 09:55:21 AM,496.65,0,0.0,189061413.44999993
2025-08-01 09:55:21 AM,496.65,20,9933.0,189071346.44999993
2025-08-01 09:55:25 AM,497.0,0,0.0,189071346.44999993
2025-08-01 09:55:26 AM,497.0,100,49700.0,189121046.44999993
2025-08-01 09:55:39 AM,496.5,450,223425.0,189344471.44999993
2025-08-01 09:55:44 AM,496.55,43,21351.65,189365823.09999993
2025-08-01 09:55:56 AM,496.55,1,496.55,189366319.64999995
2025-08-01 09:56:02 AM,496.55,7,3475.85,189369795.49999994
2025-08-01 09:56:08 AM,496.55,25,12413.75,189382209.24999994
2025-08-01 09:56:14 AM,496.55,7,3475.85,189385685.09999993
2025-08-01 09:56:20 AM,497.1,0,0.0,189385685.09999993
2025-08-01 09:56:20 AM,497.1,280,139188.0,189524873.09999993
2025-08-01 09:56:23 AM,496.55,0,0.0,189524873.09999993
2025-08-01 09:56:26 AM,496.55,50,24827.5,189549700.59999993
2025-08-01 09:56:35 AM,497.05,0,0.0,189549700.59999993
2025-08-01 09:56:38 AM,497.05,9,4473.45,189554174.04999992
2025-08-01 09:56:43 AM,497.1,0,0.0,189554174.04999992
2025-08-01 09:56:44 AM,497.1,3084,1533056.4000000001,191087230.44999993
2025-08-01 09:56:45 AM,497.55,200,99510.0,191186740.44999993
2025-08-01 09:56:50 AM,497.55,10,4975.5,191191715.94999993
2025-08-01 09:56:56 AM,497.8,0,0.0,191191715.94999993
2025-08-01 09:56:56 AM,497.8,150,74670.0,191266385.94999993
2025-08-01 09:57:03 AM,497.9,83,41325.7,191307711.64999992
2025-08-01 09:57:12 AM,497.7,0,0.0,191307711.64999992
2025-08-01 09:57:14 AM,497.7,10,4977.0,191312688.64999992
2025-08-01 09:57:20 AM,497.7,91,45290.7,191357979.3499999
2025-08-01 09:57:21 AM,497.9,15,7468.5,191365447.8499999
2025-08-01 09:57:25 AM,497.7,2,995.4,191366443.2499999
2025-08-01 09:57:27 AM,497.5,762,379095.0,191745538.2499999
2025-08-01 09:57:28 AM,497.9,0,0.0,191745538.2499999
2025-08-01 09:57:31 AM,497.9,1000,497900.0,192243438.2499999
2025-08-01 09:57:36 AM,497.5,0,0.0,192243438.2499999
2025-08-01 09:57:37 AM,497.5,405,201487.5,192444925.7499999
2025-08-01 09:57:39 AM,497.45,25,12436.25,192457361.9999999
2025-08-01 09:57:43 AM,497.45,1,497.45,192457859.4499999
2025-08-01 09:57:52 AM,497.0,0,0.0,192457859.4499999
2025-08-01 09:57:52 AM,497.45,0,0.0,192457859.4499999
2025-08-01 09:57:52 AM,497.45,881,438253.45,192896112.8999999
2025-08-01 09:57:55 AM,497.0,27,13419.0,192909531.8999999
2025-08-01 09:57:58 AM,496.7,129,64074.299999999996,192973606.1999999
2025-08-01 09:58:14 AM,496.8,5,2484.0,192976090.1999999
2025-08-01 09:58:16 AM,496.5,1162,576933.0,193553023.1999999
2025-08-01 09:58:20 AM,496.7,40,19868.0,193572891.1999999
2025-08-01 09:58:22 AM,496.9,1,496.9,193573388.0999999
2025-08-01 09:58:37 AM,496.5,0,0.0,193573388.0999999
2025-08-01 09:58:38 AM,496.5,366,181719.0,193755107.0999999
2025-08-01 09:58:41 AM,496.5,24,11916.0,193767023.0999999
2025-08-01 09:58:44 AM,496.5,1,496.5,193767519.5999999
2025-08-01 09:58:47 AM,496.5,444,220446.0,193987965.5999999
2025-08-01 09:58:53 AM,496.5,1,496.5,193988462.0999999
2025-08-01 09:58:56 AM,496.4,5,2482.0,193990944.0999999
2025-08-01 09:58:57 AM,496.5,0,0.0,193990944.0999999
2025-08-01 09:58:59 AM,496.5,480,238320.0,194229264.0999999
2025-08-01 09:59:02 AM,496.5,300,148950.0,194378214.0999999
2025-08-01 09:59:15 AM,496.5,12,5958.0,194384172.0999999
2025-08-01 09:59:21 AM,496.3,30,14889.0,194399061.0999999
2025-08-01 09:59:23 AM,496.5,0,0.0,194399061.0999999
2025-08-01 09:59:24 AM,496.5,120,59580.0,194458641.0999999
2025-08-01 09:59:27 AM,496.5,143,70999.5,194529640.5999999
2025-08-01 09:59:33 AM,496.5,100,49650.0,194579290.5999999
2025-08-01 09:59:40 AM,496.0,0,0.0,194579290.5999999
2025-08-01 09:59:40 AM,496.0,2240,1111040.0,195690330.5999999
2025-08-01 09:59:42 AM,496.45,201,99786.45,195790117.0499999
2025-08-01 09:59:46 AM,496.45,1,496.45,195790613.49999988
2025-08-01 09:59:47 AM,496.0,0,0.0,195790613.49999988
2025-08-01 09:59:49 AM,496.05,299,148318.95,195938932.44999987
2025-08-01 09:59:58 AM,496.45,0,0.0,195938932.44999987
2025-08-01 09:59:58 AM,496.45,40,19858.0,195958790.44999987
2025-08-01 10:00:07 AM,496.45,11,5460.95,195964251.39999986
2025-08-01 10:00:11 AM,496.45,5,2482.25,195966733.64999986
2025-08-01 10:00:12 AM,496.5,0,0.0,195966733.64999986
2025-08-01 10:00:14 AM,496.5,96,47664.0,196014397.64999986
2025-08-01 10:00:17 AM,496.45,100,49645.0,196064042.64999986
2025-08-01 10:00:19 AM,496.3,0,0.0,196064042.64999986
2025-08-01 10:00:20 AM,496.3,473,234749.9,196298792.54999986
2025-08-01 10:00:26 AM,496.45,0,0.0,196298792.54999986
2025-08-01 10:00:26 AM,496.45,4,1985.8,196300778.34999987
2025-08-01 10:00:36 AM,496.45,1,496.45,196301274.79999986
2025-08-01 10:00:39 AM,496.05,48,23810.4,196325085.19999987
2025-08-01 10:00:42 AM,496.0,302,149792.0,196474877.19999987
2025-08-01 10:00:45 AM,496.45,191,94821.95,196569699.14999986
2025-08-01 10:00:52 AM,496.0,170,84320.0,196654019.14999986
2025-08-01 10:00:55 AM,496.0,143,70928.0,196724947.14999986
2025-08-01 10:01:01 AM,496.0,325,161200.0,196886147.14999986
2025-08-01 10:01:07 AM,496.45,0,0.0,196886147.14999986
2025-08-01 10:01:08 AM,496.45,3,1489.35,196887636.49999985
2025-08-01 10:01:11 AM,496.05,1,496.05,196888132.54999986
2025-08-01 10:01:12 AM,496.45,0,0.0,196888132.54999986
2025-08-01 10:01:13 AM,496.05,0,0.0,196888132.54999986
2025-08-01 10:01:14 AM,496.05,494,245048.7,197133181.24999985
2025-08-01 10:01:23 AM,496.05,500,248025.0,197381206.24999985
2025-08-01 10:01:30 AM,496.05,400,198420.0,197579626.24999985
2025-08-01 10:01:42 AM,496.45,0,0.0,197579626.24999985
2025-08-01 10:01:42 AM,496.45,25,12411.25,197592037.49999985
2025-08-01 10:02:01 AM,496.45,8,3971.6,197596009.09999985
2025-08-01 10:02:07 AM,496.45,121,60070.45,197656079.54999983
2025-08-01 10:02:08 AM,496.1,0,0.0,197656079.54999983
2025-08-01 10:02:09 AM,496.1,325,161232.5,197817312.04999983
2025-08-01 10:02:13 AM,496.1,99,49113.9,197866425.94999984
2025-08-01 10:02:19 AM,496.45,86,42694.7,197909120.64999983
2025-08-01 10:02:21 AM,496.05,0,0.0,197909120.64999983
2025-08-01 10:02:21 AM,496.05,423,209829.15,198118949.79999983
2025-08-01 10:02:26 AM,496.5,0,0.0,198118949.79999983
2025-08-01 10:02:26 AM,496.5,700,347550.0,198466499.79999983
2025-08-01 10:02:32 AM,496.5,14,6951.0,198473450.79999983
2025-08-01 10:02:34 AM,496.1,250,124025.0,198597475.79999983
2025-08-01 10:03:04 AM,496.15,2,992.3,198598468.09999985
2025-08-01 10:03:17 AM,496.1,0,0.0,198598468.09999985
2025-08-01 10:03:17 AM,496.1,428,212330.80000000002,198810798.89999986
2025-08-01 10:03:17 AM,496.45,0,0.0,198810798.89999986
2025-08-01 10:03:19 AM,496.45,23,11418.35,198822217.24999985
2025-08-01 10:03:23 AM,496.45,1,496.45,198822713.69999984
2025-08-01 10:03:29 AM,496.5,0,0.0,198822713.69999984
2025-08-01 10:03:30 AM,496.5,924,458766.0,199281479.69999984
2025-08-01 10:03:38 AM,496.8,26,12916.800000000001,199294396.49999985
2025-08-01 10:03:42 AM,497.15,750,372862.5,199667258.99999985
2025-08-01 10:03:55 AM,496.75,400,198700.0,199865958.99999985
2025-08-01 10:04:07 AM,496.8,250,124200.0,199990158.99999985
2025-08-01 10:04:21 AM,497.15,0,0.0,199990158.99999985
2025-08-01 10:04:22 AM,497.15,211,104898.65,200095057.64999986
2025-08-01 10:04:26 AM,497.15,3,1491.4499999999998,200096549.09999985
2025-08-01 10:04:32 AM,497.15,5,2485.75,200099034.84999985
2025-08-01 10:04:38 AM,496.8,0,0.0,200099034.84999985
2025-08-01 10:04:39 AM,496.8,1,496.8,200099531.64999986
2025-08-01 10:04:47 AM,497.15,0,0.0,200099531.64999986
2025-08-01 10:04:47 AM,497.15,101,50212.149999999994,200149743.79999986
2025-08-01 10:04:57 AM,497.15,50,24857.5,200174601.29999986
2025-08-01 10:05:03 AM,497.15,35,17400.25,200192001.54999986
2025-08-01 10:05:05 AM,497.45,0,0.0,200192001.54999986
2025-08-01 10:05:05 AM,497.45,2672,1329186.4,201521187.94999987
2025-08-01 10:05:16 AM,497.5,110,54725.0,201575912.94999987
2025-08-01 10:05:18 AM,497.5,100,49750.0,201625662.94999987
2025-08-01 10:05:22 AM,497.5,150,74625.0,201700287.94999987
2025-08-01 10:05:28 AM,497.9,100,49790.0,201750077.94999987
2025-08-01 10:05:34 AM,497.55,163,81100.65000000001,201831178.59999987
2025-08-01 10:05:40 AM,497.9,9,4481.099999999999,201835659.69999987
2025-08-01 10:05:45 AM,497.55,0,0.0,201835659.69999987
2025-08-01 10:05:46 AM,497.55,61,30350.55,201866010.24999988
2025-08-01 10:05:57 AM,497.9,0,0.0,201866010.24999988
2025-08-01 10:05:57 AM,498.0,0,0.0,201866010.24999988
2025-08-01 10:05:58 AM,498.0,1900,946200.0,202812210.24999988
2025-08-01 10:06:03 AM,497.65,0,0.0,202812210.24999988
2025-08-01 10:06:04 AM,497.9,165,82153.5,202894363.74999988
2025-08-01 10:06:10 AM,497.3,2540,1263142.0,204157505.74999988
2025-08-01 10:06:23 AM,497.5,0,0.0,204157505.74999988
2025-08-01 10:06:24 AM,497.6,45,22392.0,204179897.74999988
2025-08-01 10:06:34 AM,497.5,210,104475.0,204284372.74999988
2025-08-01 10:06:40 AM,497.35,0,0.0,204284372.74999988
2025-08-01 10:06:40 AM,497.35,24,11936.400000000001,204296309.1499999
2025-08-01 10:06:42 AM,497.2,5,2486.0,204298795.1499999
2025-08-01 10:06:46 AM,498.65,2805,1398713.25,205697508.3999999
2025-08-01 10:06:50 AM,497.2,0,0.0,205697508.3999999
2025-08-01 10:06:52 AM,497.2,319,158606.8,205856115.1999999
2025-08-01 10:06:58 AM,497.9,33,16430.7,205872545.8999999
2025-08-01 10:07:10 AM,497.75,0,0.0,205872545.8999999
2025-08-01 10:07:11 AM,497.75,401,199597.75,206072143.6499999
2025-08-01 10:07:17 AM,497.8,51,25387.8,206097531.4499999
2025-08-01 10:07:19 AM,497.75,10,4977.5,206102508.9499999
2025-08-01 10:07:23 AM,497.0,2000,994000.0,207096508.9499999
2025-08-01 10:07:29 AM,497.65,0,0.0,207096508.9499999
2025-08-01 10:07:29 AM,497.65,5,2488.25,207098997.1999999
2025-08-01 10:07:35 AM,497.05,12,5964.6,207104961.7999999
2025-08-01 10:07:43 AM,497.15,61,30326.149999999998,207135287.9499999
2025-08-01 10:07:47 AM,497.55,19,9453.45,207144741.3999999
2025-08-01 10:08:00 AM,497.45,1,497.45,207145238.84999987
2025-08-01 10:08:06 AM,497.45,5,2487.25,207147726.09999987
2025-08-01 10:08:11 AM,497.5,0,0.0,207147726.09999987
2025-08-01 10:08:13 AM,497.5,26,12935.0,207160661.09999987
2025-08-01 10:08:14 AM,497.2,10,4972.0,207165633.09999987
2025-08-01 10:08:16 AM,497.5,0,0.0,207165633.09999987
2025-08-01 10:08:19 AM,497.2,350,174020.0,207339653.09999987
2025-08-01 10:08:25 AM,497.5,3211,1597472.5,208937125.59999987
2025-08-01 10:08:26 AM,498.7,0,0.0,208937125.59999987
2025-08-01 10:08:27 AM,498.65,601,299688.64999999997,209236814.24999988
2025-08-01 10:08:30 AM,498.2,0,0.0,209236814.24999988
2025-08-01 10:08:31 AM,498.2,327,162911.4,209399725.6499999
2025-08-01 10:08:37 AM,498.25,30,14947.5,209414673.1499999
2025-08-01 10:08:39 AM,498.25,4,1993.0,209416666.1499999
2025-08-01 10:08:41 AM,498.45,0,0.0,209416666.1499999
2025-08-01 10:08:42 AM,498.55,0,0.0,209416666.1499999
2025-08-01 10:08:43 AM,498.55,161,80266.55,209496932.6999999
2025-08-01 10:08:53 AM,497.95,0,0.0,209496932.6999999
2025-08-01 10:08:54 AM,498.2,0,0.0,209496932.6999999
2025-08-01 10:08:55 AM,498.2,210,104622.0,209601554.6999999
2025-08-01 10:09:07 AM,498.5,200,99700.0,209701254.6999999
2025-08-01 10:09:08 AM,498.5,288,143568.0,209844822.6999999
2025-08-01 10:09:12 AM,498.5,100,49850.0,209894672.6999999
2025-08-01 10:09:14 AM,498.9,0,0.0,209894672.6999999
2025-08-01 10:09:14 AM,498.9,201,100278.9,209994951.5999999
2025-08-01 10:09:20 AM,498.45,0,0.0,209994951.5999999
2025-08-01 10:09:20 AM,498.45,180,89721.0,210084672.5999999
2025-08-01 10:09:24 AM,498.5,0,0.0,210084672.5999999
2025-08-01 10:09:24 AM,498.5,5,2492.5,210087165.0999999
2025-08-01 10:09:29 AM,498.95,0,0.0,210087165.0999999
2025-08-01 10:09:30 AM,498.95,500,249475.0,210336640.0999999
2025-08-01 10:09:35 AM,499.0,0,0.0,210336640.0999999
2025-08-01 10:09:36 AM,499.0,201,100299.0,210436939.0999999
2025-08-01 10:09:41 AM,498.85,0,0.0,210436939.0999999
2025-08-01 10:09:42 AM,498.85,166,82809.1,210519748.1999999
2025-08-01 10:09:49 AM,498.55,345,171999.75,210691747.9499999
2025-08-01 10:09:53 AM,498.55,55,27420.25,210719168.1999999
2025-08-01 10:09:59 AM,498.6,602,300157.2,211019325.3999999
2025-08-01 10:10:00 AM,498.95,0,0.0,211019325.3999999
2025-08-01 10:10:00 AM,498.95,10,4989.5,211024314.8999999
2025-08-01 10:10:10 AM,498.95,49,24448.55,211048763.4499999
2025-08-01 10:10:14 AM,498.85,0,0.0,211048763.4499999
2025-08-01 10:10:16 AM,498.95,172,85819.4,211134582.8499999
2025-08-01 10:10:18 AM,498.95,20,9979.0,211144561.8499999
2025-08-01 10:10:24 AM,498.75,149,74313.75,211218875.5999999
2025-08-01 10:10:34 AM,498.95,10,4989.5,211223865.0999999
2025-08-01 10:10:40 AM,498.95,173,86318.34999999999,211310183.4499999
2025-08-01 10:10:48 AM,498.95,125,62368.75,211372552.1999999
2025-08-01 10:10:53 AM,498.6,0,0.0,211372552.1999999
2025-08-01 10:10:54 AM,498.95,70,34926.5,211407478.6999999
2025-08-01 10:10:58 AM,498.95,205,102284.75,211509763.4499999
2025-08-01 10:11:04 AM,498.65,25,12466.25,211522229.6999999
2025-08-01 10:11:10 AM,498.95,25,12473.75,211534703.4499999
2025-08-01 10:11:14 AM,498.65,0,0.0,211534703.4499999
2025-08-01 10:11:16 AM,498.65,50,24932.5,211559635.9499999
2025-08-01 10:11:17 AM,498.95,20,9979.0,211569614.9499999
2025-08-01 10:11:22 AM,498.95,101,50393.95,211620008.8999999
2025-08-01 10:11:29 AM,498.95,201,100288.95,211720297.84999987
2025-08-01 10:11:44 AM,498.95,12,5987.4,211726285.24999988
2025-08-01 10:11:46 AM,498.65,105,52358.25,211778643.49999988
2025-08-01 10:11:50 AM,498.65,5,2493.25,211781136.74999988
2025-08-01 10:11:52 AM,498.65,200,99730.0,211880866.74999988
2025-08-01 10:11:57 AM,498.9,44,21951.6,211902818.34999987
2025-08-01 10:12:02 AM,498.95,0,0.0,211902818.34999987
2025-08-01 10:12:02 AM,498.95,48,23949.6,211926767.94999987
2025-08-01 10:12:05 AM,498.65,0,0.0,211926767.94999987
2025-08-01 10:12:08 AM,498.65,115,57344.75,211984112.69999987
2025-08-01 10:12:20 AM,498.9,0,0.0,211984112.69999987
2025-08-01 10:12:20 AM,498.9,33,16463.7,212000576.39999986
2025-08-01 10:12:21 AM,498.65,130,64824.5,212065400.89999986
2025-08-01 10:12:26 AM,498.65,200,99730.0,212165130.89999986
2025-08-01 10:12:37 AM,498.65,1080,538542.0,212703672.89999986
2025-08-01 10:12:43 AM,498.65,1011,504135.14999999997,213207808.04999986
2025-08-01 10:12:50 AM,498.7,0,0.0,213207808.04999986
2025-08-01 10:12:53 AM,499.2,0,0.0,213207808.04999986
2025-08-01 10:12:54 AM,499.0,6972,3479028.0,216686836.04999986
2025-08-01 10:13:00 AM,499.5,1515,756742.5,217443578.54999986
2025-08-01 10:13:01 AM,499.0,500,249500.0,217693078.54999986
2025-08-01 10:13:05 AM,499.25,0,0.0,217693078.54999986
2025-08-01 10:13:06 AM,499.25,4030,2011977.5,219705056.04999986
2025-08-01 10:13:07 AM,498.7,51,25433.7,219730489.74999985
2025-08-01 10:13:11 AM,499.0,0,0.0,219730489.74999985
2025-08-01 10:13:12 AM,499.0,3,1497.0,219731986.74999985
2025-08-01 10:13:14 AM,498.75,0,0.0,219731986.74999985
2025-08-01 10:13:17 AM,498.7,0,0.0,219731986.74999985
2025-08-01 10:13:18 AM,498.65,880,438812.0,220170798.74999985
2025-08-01 10:13:35 AM,498.85,0,0.0,220170798.74999985
2025-08-01 10:13:36 AM,498.85,93,46393.05,220217191.79999986
2025-08-01 10:13:42 AM,499.0,2,998.0,220218189.79999986
2025-08-01 10:13:50 AM,498.9,0,0.0,220218189.79999986
2025-08-01 10:13:53 AM,499.0,0,0.0,220218189.79999986
2025-08-01 10:13:54 AM,499.0,441,220059.0,220438248.79999986
2025-08-01 10:13:56 AM,498.7,0,0.0,220438248.79999986
2025-08-01 10:13:59 AM,499.0,0,0.0,220438248.79999986
2025-08-01 10:13:59 AM,499.0,242,120758.0,220559006.79999986
2025-08-01 10:14:05 AM,499.0,500,249500.0,220808506.79999986
2025-08-01 10:14:11 AM,499.0,36,17964.0,220826470.79999986
2025-08-01 10:14:20 AM,499.35,0,0.0,220826470.79999986
2025-08-01 10:14:22 AM,499.35,790,394486.5,221220957.29999986
2025-08-01 10:14:23 AM,499.4,20,9988.0,221230945.29999986
2025-08-01 10:14:28 AM,499.4,64,31961.6,221262906.89999986
2025-08-01 10:14:34 AM,499.5,178,88911.0,221351817.89999986
2025-08-01 10:14:35 AM,502.0,0,0.0,221351817.89999986
2025-08-01 10:14:35 AM,502.0,13189,6620878.0,227972695.89999986
2025-08-01 10:14:40 AM,502.0,493,247486.0,228220181.89999986
2025-08-01 10:14:41 AM,502.45,0,0.0,228220181.89999986
2025-08-01 10:14:41 AM,502.45,457,229619.65,228449801.54999986
2025-08-01 10:14:44 AM,502.85,0,0.0,228449801.54999986
2025-08-01 10:14:45 AM,503.45,3510,1767109.5,230216911.04999986
2025-08-01 10:14:46 AM,503.7,361,181835.69999999998,230398746.74999985
2025-08-01 10:14:47 AM,503.6,0,0.0,230398746.74999985
2025-08-01 10:14:47 AM,503.7,0,0.0,230398746.74999985
2025-08-01 10:14:49 AM,504.0,0,0.0,230398746.74999985
2025-08-01 10:14:49 AM,503.95,0,0.0,230398746.74999985
2025-08-01 10:14:51 AM,504.0,0,0.0,230398746.74999985
2025-08-01 10:14:51 AM,504.0,4588,2312352.0,232711098.74999985
2025-08-01 10:14:52 AM,504.0,2615,1317960.0,234029058.74999985
2025-08-01 10:14:57 AM,503.95,0,0.0,234029058.74999985
2025-08-01 10:14:57 AM,504.0,0,0.0,234029058.74999985
2025-08-01 10:14:57 AM,504.0,1647,830088.0,234859146.74999985
2025-08-01 10:14:58 AM,504.0,30,15120.0,234874266.74999985
2025-08-01 10:14:59 AM,504.1,0,0.0,234874266.74999985
2025-08-01 10:15:01 AM,504.65,0,0.0,234874266.74999985
2025-08-01 10:15:03 AM,504.65,13960,7044914.0,241919180.74999985
2025-08-01 10:15:03 AM,505.0,1645,830725.0,242749905.74999985
2025-08-01 10:15:05 AM,504.6,0,0.0,242749905.74999985
2025-08-01 10:15:07 AM,505.0,0,0.0,242749905.74999985
2025-08-01 10:15:08 AM,504.9,3496,1765130.4,244515036.14999986
2025-08-01 10:15:09 AM,504.5,0,0.0,244515036.14999986
2025-08-01 10:15:09 AM,505.0,357,180285.0,244695321.14999986
2025-08-01 10:15:11 AM,504.55,0,0.0,244695321.14999986
2025-08-01 10:15:13 AM,505.0,0,0.0,244695321.14999986
2025-08-01 10:15:14 AM,505.0,5426,2740130.0,247435451.14999986
2025-08-01 10:15:15 AM,505.2,550,277860.0,247713311.14999986
2025-08-01 10:15:17 AM,505.05,0,0.0,247713311.14999986
2025-08-01 10:15:19 AM,505.0,0,0.0,247713311.14999986
2025-08-01 10:15:20 AM,505.35,0,0.0,247713311.14999986
2025-08-01 10:15:20 AM,505.0,2023,1021615.0,248734926.14999986
2025-08-01 10:15:21 AM,505.0,55,27775.0,248762701.14999986
2025-08-01 10:15:23 AM,505.05,0,0.0,248762701.14999986
2025-08-01 10:15:25 AM,505.0,0,0.0,248762701.14999986
2025-08-01 10:15:27 AM,505.0,1601,808505.0,249571206.14999986
2025-08-01 10:15:29 AM,505.25,0,0.0,249571206.14999986
2025-08-01 10:15:31 AM,505.8,0,0.0,249571206.14999986
2025-08-01 10:15:32 AM,505.0,0,0.0,249571206.14999986
2025-08-01 10:15:33 AM,505.5,6927,3501598.5,253072804.64999986
2025-08-01 10:15:33 AM,505.8,1000,505800.0,253578604.64999986
2025-08-01 10:15:34 AM,505.2,0,0.0,253578604.64999986
2025-08-01 10:15:35 AM,505.85,0,0.0,253578604.64999986
2025-08-01 10:15:37 AM,506.8,0,0.0,253578604.64999986
2025-08-01 10:15:39 AM,506.8,6467,3277475.6,256856080.24999985
2025-08-01 10:15:39 AM,506.8,1870,947716.0,257803796.24999985
2025-08-01 10:15:41 AM,506.6,0,0.0,257803796.24999985
2025-08-01 10:15:43 AM,506.35,0,0.0,257803796.24999985
2025-08-01 10:15:44 AM,506.4,0,0.0,257803796.24999985
2025-08-01 10:15:45 AM,506.2,2949,1492783.8,259296580.04999986
2025-08-01 10:15:45 AM,506.4,320,162048.0,259458628.04999986
2025-08-01 10:15:47 AM,506.75,0,0.0,259458628.04999986
2025-08-01 10:15:49 AM,506.0,0,0.0,259458628.04999986
2025-08-01 10:15:50 AM,506.2,0,0.0,259458628.04999986
2025-08-01 10:15:51 AM,506.35,4367,2211230.45,261669858.49999985
2025-08-01 10:15:52 AM,506.0,0,0.0,261669858.49999985
2025-08-01 10:15:53 AM,506.8,0,0.0,261669858.49999985
2025-08-01 10:15:55 AM,506.3,0,0.0,261669858.49999985
2025-08-01 10:15:56 AM,506.95,0,0.0,261669858.49999985
2025-08-01 10:15:57 AM,507.0,3792,1922544.0,263592402.49999985
2025-08-01 10:16:01 AM,506.8,0,0.0,263592402.49999985
2025-08-01 10:16:02 AM,506.4,0,0.0,263592402.49999985
2025-08-01 10:16:02 AM,507.0,4231,2145117.0,265737519.49999985
2025-08-01 10:16:07 AM,506.6,0,0.0,265737519.49999985
2025-08-01 10:16:08 AM,506.8,623,315736.4,266053255.89999986
2025-08-01 10:16:11 AM,507.0,0,0.0,266053255.89999986
2025-08-01 10:16:13 AM,506.15,0,0.0,266053255.89999986
2025-08-01 10:16:14 AM,506.6,2213,1121105.8,267174361.69999987
2025-08-01 10:16:16 AM,506.2,0,0.0,267174361.69999987
2025-08-01 10:16:19 AM,506.6,0,0.0,267174361.69999987
2025-08-01 10:16:20 AM,506.9,1146,580907.4,267755269.09999987
2025-08-01 10:16:22 AM,506.45,0,0.0,267755269.09999987
2025-08-01 10:16:23 AM,506.65,0,0.0,267755269.09999987
2025-08-01 10:16:25 AM,506.75,0,0.0,267755269.09999987
2025-08-01 10:16:25 AM,506.6,961,486842.60000000003,268242111.69999987
2025-08-01 10:16:26 AM,506.75,0,0.0,268242111.69999987
2025-08-01 10:16:26 AM,506.75,100,50675.0,268292786.69999987
2025-08-01 10:16:28 AM,505.7,0,0.0,268292786.69999987
2025-08-01 10:16:31 AM,505.2,0,0.0,268292786.69999987
2025-08-01 10:16:31 AM,505.2,3888,1964217.5999999999,270257004.2999999
2025-08-01 10:16:34 AM,505.65,0,0.0,270257004.2999999
2025-08-01 10:16:35 AM,506.2,0,0.0,270257004.2999999
2025-08-01 10:16:37 AM,505.65,0,0.0,270257004.2999999
2025-08-01 10:16:37 AM,505.65,1861,941014.6499999999,271198018.94999987
2025-08-01 10:16:40 AM,505.55,0,0.0,271198018.94999987
2025-08-01 10:16:41 AM,505.7,0,0.0,271198018.94999987
2025-08-01 10:16:43 AM,505.5,0,0.0,271198018.94999987
2025-08-01 10:16:43 AM,505.5,1041,526225.5,271724244.44999987
2025-08-01 10:16:49 AM,505.25,1218,615394.5,272339638.94999987
2025-08-01 10:16:52 AM,505.5,0,0.0,272339638.94999987
2025-08-01 10:16:54 AM,505.5,675,341212.5,272680851.44999987
2025-08-01 10:16:54 AM,505.5,50,25275.0,272706126.44999987
2025-08-01 10:16:56 AM,504.8,0,0.0,272706126.44999987
2025-08-01 10:16:58 AM,504.5,0,0.0,272706126.44999987
2025-08-01 10:16:59 AM,504.9,0,0.0,272706126.44999987
2025-08-01 10:17:00 AM,504.5,1429,720930.5,273427056.94999987
2025-08-01 10:17:00 AM,504.5,250,126125.0,273553181.94999987
2025-08-01 10:17:02 AM,504.25,0,0.0,273553181.94999987
2025-08-01 10:17:04 AM,505.25,0,0.0,273553181.94999987
2025-08-01 10:17:05 AM,505.95,0,0.0,273553181.94999987
2025-08-01 10:17:05 AM,505.55,7231,3655632.0500000003,277208813.9999999
2025-08-01 10:17:05 AM,505.55,95,48027.25,277256841.2499999
2025-08-01 10:17:07 AM,505.9,0,0.0,277256841.2499999
2025-08-01 10:17:08 AM,506.55,0,0.0,277256841.2499999
2025-08-01 10:17:10 AM,506.05,0,0.0,277256841.2499999
2025-08-01 10:17:11 AM,506.05,2879,1456917.95,278713759.19999987
2025-08-01 10:17:11 AM,506.0,200,101200.0,278814959.19999987
2025-08-01 10:17:13 AM,506.2,0,0.0,278814959.19999987
2025-08-01 10:17:14 AM,506.0,0,0.0,278814959.19999987
2025-08-01 10:17:16 AM,506.0,1580,799480.0,279614439.19999987
2025-08-01 10:17:19 AM,505.2,0,0.0,279614439.19999987
2025-08-01 10:17:20 AM,505.95,0,0.0,279614439.19999987
2025-08-01 10:17:22 AM,505.2,0,0.0,279614439.19999987
2025-08-01 10:17:22 AM,505.85,3267,1652611.9500000002,281267051.14999986
2025-08-01 10:17:23 AM,505.95,700,354165.0,281621216.14999986
2025-08-01 10:17:25 AM,505.8,0,0.0,281621216.14999986
2025-08-01 10:17:28 AM,506.4,0,0.0,281621216.14999986
2025-08-01 10:17:28 AM,505.95,6517,3297276.15,284918492.29999983
2025-08-01 10:17:29 AM,506.2,0,0.0,284918492.29999983
2025-08-01 10:17:31 AM,505.95,0,0.0,284918492.29999983
2025-08-01 10:17:32 AM,506.55,0,0.0,284918492.29999983
2025-08-01 10:17:34 AM,506.55,1243,629641.65,285548133.9499998
2025-08-01 10:17:34 AM,506.55,10,5065.5,285553199.4499998
2025-08-01 10:17:37 AM,506.1,0,0.0,285553199.4499998
2025-08-01 10:17:40 AM,506.6,0,0.0,285553199.4499998
2025-08-01 10:17:40 AM,506.65,437,221406.05,285774605.4999998
2025-08-01 10:17:44 AM,506.55,0,0.0,285774605.4999998
2025-08-01 10:17:46 AM,506.55,630,319126.5,286093731.9999998
2025-08-01 10:17:49 AM,506.65,0,0.0,286093731.9999998
2025-08-01 10:17:50 AM,506.55,0,0.0,286093731.9999998
2025-08-01 10:17:51 AM,506.55,493,249729.15,286343461.1499998
2025-08-01 10:17:53 AM,506.75,0,0.0,286343461.1499998
2025-08-01 10:17:56 AM,506.3,0,0.0,286343461.1499998
2025-08-01 10:17:57 AM,506.45,4754,2407663.3,288751124.4499998
2025-08-01 10:17:58 AM,506.35,0,0.0,288751124.4499998
2025-08-01 10:18:01 AM,506.4,0,0.0,288751124.4499998
2025-08-01 10:18:02 AM,506.05,0,0.0,288751124.4499998
2025-08-01 10:18:03 AM,506.4,1772,897340.7999999999,289648465.2499998
2025-08-01 10:18:05 AM,506.55,0,0.0,289648465.2499998
2025-08-01 10:18:07 AM,505.75,0,0.0,289648465.2499998
2025-08-01 10:18:08 AM,506.35,0,0.0,289648465.2499998
2025-08-01 10:18:09 AM,506.55,2315,1172663.25,290821128.4999998
2025-08-01 10:18:11 AM,506.0,0,0.0,290821128.4999998
2025-08-01 10:18:13 AM,506.45,0,0.0,290821128.4999998
2025-08-01 10:18:15 AM,506.15,1110,561826.5,291382954.9999998
2025-08-01 10:18:17 AM,506.4,0,0.0,291382954.9999998
2025-08-01 10:18:19 AM,504.75,0,0.0,291382954.9999998
2025-08-01 10:18:20 AM,505.0,0,0.0,291382954.9999998
2025-08-01 10:18:21 AM,505.35,7568,3824488.8000000003,295207443.79999983
2025-08-01 10:18:22 AM,505.2,0,0.0,295207443.79999983
2025-08-01 10:18:23 AM,505.05,0,0.0,295207443.79999983
2025-08-01 10:18:25 AM,504.6,0,0.0,295207443.79999983
2025-08-01 10:18:26 AM,505.35,0,0.0,295207443.79999983
2025-08-01 10:18:26 AM,505.35,3396,1716168.6,296923612.39999986
2025-08-01 10:18:29 AM,505.55,0,0.0,296923612.39999986
2025-08-01 10:18:31 AM,505.7,0,0.0,296923612.39999986
2025-08-01 10:18:32 AM,505.45,0,0.0,296923612.39999986
2025-08-01 10:18:32 AM,505.4,414,209235.59999999998,297132847.9999999
2025-08-01 10:18:35 AM,505.55,0,0.0,297132847.9999999
2025-08-01 10:18:37 AM,505.1,0,0.0,297132847.9999999
2025-08-01 10:18:38 AM,505.35,0,0.0,297132847.9999999
2025-08-01 10:18:38 AM,505.35,704,355766.4,297488614.39999986
2025-08-01 10:18:41 AM,505.4,0,0.0,297488614.39999986
2025-08-01 10:18:43 AM,505.35,0,0.0,297488614.39999986
2025-08-01 10:18:44 AM,505.65,0,0.0,297488614.39999986
2025-08-01 10:18:44 AM,505.65,1166,589587.9,298078202.29999983
2025-08-01 10:18:46 AM,505.75,0,0.0,298078202.29999983
2025-08-01 10:18:48 AM,505.85,0,0.0,298078202.29999983
2025-08-01 10:18:49 AM,505.95,600,303570.0,298381772.29999983
2025-08-01 10:18:51 AM,504.95,0,0.0,298381772.29999983
2025-08-01 10:18:55 AM,504.95,2927,1477988.65,299859760.9499998
2025-08-01 10:19:00 AM,504.9,0,0.0,299859760.9499998
2025-08-01 10:19:00 AM,505.25,0,0.0,299859760.9499998
2025-08-01 10:19:01 AM,505.1,1205,608645.5,300468406.4499998
2025-08-01 10:19:03 AM,504.6,0,0.0,300468406.4499998
2025-08-01 10:19:04 AM,504.75,0,0.0,300468406.4499998
2025-08-01 10:19:06 AM,505.3,0,0.0,300468406.4499998
2025-08-01 10:19:06 AM,505.2,0,0.0,300468406.4499998
2025-08-01 10:19:06 AM,504.7,1486,749984.2,301218390.6499998
2025-08-01 10:19:09 AM,505.3,0,0.0,301218390.6499998
2025-08-01 10:19:12 AM,505.25,344,173806.0,301392196.6499998
2025-08-01 10:19:15 AM,504.95,0,0.0,301392196.6499998
2025-08-01 10:19:18 AM,505.25,0,0.0,301392196.6499998
2025-08-01 10:19:18 AM,505.25,199,100544.75,301492741.3999998
2025-08-01 10:19:21 AM,504.5,0,0.0,301492741.3999998
2025-08-01 10:19:24 AM,505.3,0,0.0,301492741.3999998
2025-08-01 10:19:24 AM,505.0,4861,2454805.0,303947546.3999998
2025-08-01 10:19:27 AM,504.7,0,0.0,303947546.3999998
2025-08-01 10:19:27 AM,505.0,0,0.0,303947546.3999998
2025-08-01 10:19:30 AM,505.4,2320,1172528.0,305120074.3999998
2025-08-01 10:19:30 AM,505.35,10,5053.5,305125127.8999998
2025-08-01 10:19:35 AM,504.7,1134,572329.7999999999,305697457.6999998
2025-08-01 10:19:36 AM,505.1,0,0.0,305697457.6999998
2025-08-01 10:19:36 AM,505.0,190,95950.0,305793407.6999998
2025-08-01 10:19:39 AM,505.45,0,0.0,305793407.6999998
2025-08-01 10:19:41 AM,504.75,290,146377.5,305939785.1999998
2025-08-01 10:19:45 AM,505.35,0,0.0,305939785.1999998
2025-08-01 10:19:47 AM,505.35,105,53061.75,305992846.9499998
2025-08-01 10:19:48 AM,505.0,0,0.0,305992846.9499998
2025-08-01 10:19:48 AM,505.4,0,0.0,305992846.9499998
2025-08-01 10:19:48 AM,505.4,93,47002.2,306039849.1499998
2025-08-01 10:19:51 AM,505.05,0,0.0,306039849.1499998
2025-08-01 10:19:52 AM,505.05,95,47979.75,306087828.8999998
2025-08-01 10:19:57 AM,505.35,0,0.0,306087828.8999998
2025-08-01 10:19:58 AM,505.0,91,45955.0,306133783.8999998
2025-08-01 10:20:02 AM,504.5,0,0.0,306133783.8999998
2025-08-01 10:20:03 AM,504.25,0,0.0,306133783.8999998
2025-08-01 10:20:03 AM,504.25,401,202204.25,306335988.1499998
2025-08-01 10:20:08 AM,504.65,22,11102.3,306347090.4499998
2025-08-01 10:20:09 AM,504.35,0,0.0,306347090.4499998
2025-08-01 10:20:10 AM,504.35,301,151809.35,306498899.79999983
2025-08-01 10:20:12 AM,504.25,0,0.0,306498899.79999983
2025-08-01 10:20:12 AM,503.7,0,0.0,306498899.79999983
2025-08-01 10:20:14 AM,504.25,1250,630312.5,307129212.29999983
2025-08-01 10:20:16 AM,504.6,1012,510655.2,307639867.4999998
2025-08-01 10:20:18 AM,504.1,0,0.0,307639867.4999998
2025-08-01 10:20:18 AM,504.6,0,0.0,307639867.4999998
2025-08-01 10:20:20 AM,504.75,259,130730.25,307770597.7499998
2025-08-01 10:20:24 AM,504.25,0,0.0,307770597.7499998
2025-08-01 10:20:26 AM,504.85,0,0.0,307770597.7499998
2025-08-01 10:20:26 AM,504.25,302,152283.5,307922881.2499998
2025-08-01 10:20:28 AM,504.25,433,218340.25,308141221.4999998
2025-08-01 10:20:32 AM,504.6,0,0.0,308141221.4999998
2025-08-01 10:20:32 AM,504.6,10,5046.0,308146267.4999998
2025-08-01 10:20:33 AM,504.0,63,31752.0,308178019.4999998
2025-08-01 10:20:35 AM,504.05,0,0.0,308178019.4999998
2025-08-01 10:20:38 AM,504.0,1280,645120.0,308823139.4999998
2025-08-01 10:20:40 AM,504.35,110,55478.5,308878617.9999998
2025-08-01 10:20:44 AM,504.35,242,122052.70000000001,309000670.6999998
2025-08-01 10:20:46 AM,504.0,398,200592.0,309201262.6999998
2025-08-01 10:20:49 AM,504.55,0,0.0,309201262.6999998
2025-08-01 10:20:50 AM,504.05,151,76111.55,309277374.2499998
2025-08-01 10:20:52 AM,504.55,1,504.55,309277878.79999983
2025-08-01 10:20:53 AM,504.05,0,0.0,309277878.79999983
2025-08-01 10:20:56 AM,504.05,15,7560.75,309285439.54999983
2025-08-01 10:20:58 AM,504.0,150,75600.0,309361039.54999983
2025-08-01 10:20:59 AM,504.1,0,0.0,309361039.54999983
2025-08-01 10:21:01 AM,504.1,895,451169.5,309812209.04999983
2025-08-01 10:21:03 AM,504.55,0,0.0,309812209.04999983
2025-08-01 10:21:03 AM,504.55,33,16650.15,309828859.1999998
2025-08-01 10:21:07 AM,504.1,0,0.0,309828859.1999998
2025-08-01 10:21:07 AM,504.1,166,83680.6,309912539.79999983
2025-08-01 10:21:09 AM,504.2,0,0.0,309912539.79999983
2025-08-01 10:21:09 AM,504.2,351,176974.19999999998,310089513.9999998
2025-08-01 10:21:15 AM,504.65,0,0.0,310089513.9999998
2025-08-01 10:21:18 AM,504.65,110,55511.5,310145025.4999998
2025-08-01 10:21:23 AM,504.2,0,0.0,310145025.4999998
2025-08-01 10:21:24 AM,504.6,85,42891.0,310187916.4999998
2025-08-01 10:21:26 AM,504.6,10,5046.0,310192962.4999998
2025-08-01 10:21:34 AM,504.5,27,13621.5,310206583.9999998
2025-08-01 10:21:36 AM,504.6,164,82754.40000000001,310289338.3999998
2025-08-01 10:21:42 AM,504.6,43,21697.8,310311036.1999998
2025-08-01 10:21:44 AM,504.7,0,0.0,310311036.1999998
2025-08-01 10:21:45 AM,504.8,1099,554775.2000000001,310865811.3999998
2025-08-01 10:21:48 AM,505.5,102,51561.0,310917372.3999998
2025-08-01 10:21:50 AM,505.4,0,0.0,310917372.3999998
2025-08-01 10:21:52 AM,505.4,16,8086.4,310925458.7999998
2025-08-01 10:21:53 AM,504.7,0,0.0,310925458.7999998
2025-08-01 10:21:54 AM,504.7,12,6056.4,310931515.19999975
2025-08-01 10:21:57 AM,505.5,300,151650.0,311083165.19999975
2025-08-01 10:21:59 AM,505.4,0,0.0,311083165.19999975
2025-08-01 10:21:59 AM,505.25,200,101050.0,311184215.19999975
2025-08-01 10:22:05 AM,505.25,10,5052.5,311189267.69999975
2025-08-01 10:22:08 AM,505.0,0,0.0,311189267.69999975
2025-08-01 10:22:09 AM,505.4,50,25270.0,311214537.69999975
2025-08-01 10:22:14 AM,504.25,0,0.0,311214537.69999975
2025-08-01 10:22:14 AM,504.7,0,0.0,311214537.69999975
2025-08-01 10:22:14 AM,504.75,4472,2257242.0,313471779.69999975
2025-08-01 10:22:16 AM,505.0,150,75750.0,313547529.69999975
2025-08-01 10:22:20 AM,504.8,0,0.0,313547529.69999975
2025-08-01 10:22:20 AM,504.8,143,72186.40000000001,313619716.0999997
2025-08-01 10:22:22 AM,504.8,101,50984.8,313670700.89999974
2025-08-01 10:22:26 AM,504.5,0,0.0,313670700.89999974
2025-08-01 10:22:26 AM,504.5,36,18162.0,313688862.89999974
2025-08-01 10:22:29 AM,504.5,1,504.5,313689367.39999974
2025-08-01 10:22:32 AM,504.5,360,181620.0,313870987.39999974
2025-08-01 10:22:34 AM,504.5,54,27243.0,313898230.39999974
2025-08-01 10:22:38 AM,505.3,1222,617476.6,314515706.99999976
2025-08-01 10:22:40 AM,505.2,50,25260.0,314540966.99999976
2025-08-01 10:22:43 AM,505.0,147,74235.0,314615201.99999976
2025-08-01 10:22:45 AM,505.0,34,17170.0,314632371.99999976
2025-08-01 10:22:51 AM,505.0,115,58075.0,314690446.99999976
2025-08-01 10:22:54 AM,505.0,106,53530.0,314743976.99999976
2025-08-01 10:22:56 AM,505.0,4,2020.0,314745996.99999976
2025-08-01 10:22:59 AM,504.75,0,0.0,314745996.99999976
2025-08-01 10:22:59 AM,504.75,16,8076.0,314754072.99999976
2025-08-01 10:23:04 AM,504.95,32,16158.4,314770231.39999974
2025-08-01 10:23:07 AM,504.95,1,504.95,314770736.3499997
2025-08-01 10:23:10 AM,504.5,0,0.0,314770736.3499997
2025-08-01 10:23:10 AM,504.5,267,134701.5,314905437.8499997
2025-08-01 10:23:13 AM,504.6,0,0.0,314905437.8499997
2025-08-01 10:23:13 AM,504.95,1300,656435.0,315561872.8499997
2025-08-01 10:23:16 AM,504.95,115,58069.25,315619942.0999997
2025-08-01 10:23:20 AM,504.85,0,0.0,315619942.0999997
2025-08-01 10:23:22 AM,504.85,20,10097.0,315630039.0999997
2025-08-01 10:23:25 AM,504.45,0,0.0,315630039.0999997
2025-08-01 10:23:25 AM,504.45,410,206824.5,315836863.5999997
2025-08-01 10:23:31 AM,504.65,30,15139.5,315852003.0999997
2025-08-01 10:23:32 AM,504.2,0,0.0,315852003.0999997
2025-08-01 10:23:33 AM,504.65,105,52988.25,315904991.3499997
2025-08-01 10:23:36 AM,504.1,260,131066.0,316036057.3499997
2025-08-01 10:23:38 AM,504.5,0,0.0,316036057.3499997
2025-08-01 10:23:39 AM,504.4,59,29759.6,316065816.94999975
2025-08-01 10:23:42 AM,504.45,300,151335.0,316217151.94999975
2025-08-01 10:23:48 AM,504.05,460,231863.0,316449014.94999975
2025-08-01 10:23:50 AM,504.4,0,0.0,316449014.94999975
2025-08-01 10:23:50 AM,504.4,10,5044.0,316454058.94999975
2025-08-01 10:23:52 AM,504.45,0,0.0,316454058.94999975
2025-08-01 10:23:53 AM,504.45,102,51453.9,316505512.8499997
2025-08-01 10:23:56 AM,504.4,118,59519.2,316565032.0499997
2025-08-01 10:23:59 AM,504.45,198,99881.09999999999,316664913.14999974
2025-08-01 10:24:04 AM,504.45,222,111987.9,316776901.0499997
2025-08-01 10:24:07 AM,504.55,0,0.0,316776901.0499997
2025-08-01 10:24:10 AM,504.55,5,2522.75,316779423.7999997
2025-08-01 10:24:16 AM,504.55,95,47932.25,316827356.0499997
2025-08-01 10:24:17 AM,504.45,0,0.0,316827356.0499997
2025-08-01 10:24:17 AM,504.45,250,126112.5,316953468.5499997
2025-08-01 10:24:21 AM,504.45,1405,708752.25,317662220.7999997
2025-08-01 10:24:23 AM,504.7,0,0.0,317662220.7999997
2025-08-01 10:24:23 AM,504.7,605,305343.5,317967564.2999997
2025-08-01 10:24:25 AM,504.55,0,0.0,317967564.2999997
2025-08-01 10:24:26 AM,504.55,5,2522.75,317970087.0499997
2025-08-01 10:24:32 AM,504.45,0,0.0,317970087.0499997
2025-08-01 10:24:32 AM,504.45,30,15133.5,317985220.5499997
2025-08-01 10:24:34 AM,504.35,0,0.0,317985220.5499997
2025-08-01 10:24:34 AM,504.35,107,53965.450000000004,318039185.9999997
2025-08-01 10:24:40 AM,504.05,0,0.0,318039185.9999997
2025-08-01 10:24:41 AM,504.4,0,0.0,318039185.9999997
2025-08-01 10:24:43 AM,504.7,941,474922.7,318514108.6999997
2025-08-01 10:24:46 AM,504.75,0,0.0,318514108.6999997
2025-08-01 10:24:48 AM,504.75,165,83283.75,318597392.4499997
2025-08-01 10:24:50 AM,504.75,11,5552.25,318602944.6999997
2025-08-01 10:24:52 AM,504.9,0,0.0,318602944.6999997
2025-08-01 10:24:54 AM,504.75,313,157986.75,318760931.4499997
2025-08-01 10:24:56 AM,504.95,0,0.0,318760931.4499997
2025-08-01 10:24:56 AM,504.95,160,80792.0,318841723.4499997
2025-08-01 10:24:58 AM,504.9,0,0.0,318841723.4499997
2025-08-01 10:24:59 AM,504.75,0,0.0,318841723.4499997
2025-08-01 10:24:59 AM,504.75,151,76217.25,318917940.6999997
2025-08-01 10:25:02 AM,504.95,88,44435.6,318962376.2999997
2025-08-01 10:25:02 AM,505.0,0,0.0,318962376.2999997
2025-08-01 10:25:04 AM,504.75,0,0.0,318962376.2999997
2025-08-01 10:25:05 AM,505.0,0,0.0,318962376.2999997
2025-08-01 10:25:05 AM,505.0,508,256540.0,319218916.2999997
2025-08-01 10:25:12 AM,504.75,0,0.0,319218916.2999997
2025-08-01 10:25:14 AM,504.75,25,12618.75,319231535.0499997
2025-08-01 10:25:15 AM,505.0,0,0.0,319231535.0499997
2025-08-01 10:25:17 AM,504.75,0,0.0,319231535.0499997
2025-08-01 10:25:17 AM,504.75,1368,690498.0,319922033.0499997
2025-08-01 10:25:18 AM,504.3,0,0.0,319922033.0499997
2025-08-01 10:25:20 AM,504.7,75,37852.5,319959885.5499997
2025-08-01 10:25:28 AM,504.7,49,24730.3,319984615.8499997
2025-08-01 10:25:33 AM,504.4,0,0.0,319984615.8499997
2025-08-01 10:25:34 AM,504.4,80,40352.0,320024967.8499997
2025-08-01 10:25:36 AM,504.4,100,50440.0,320075407.8499997
2025-08-01 10:25:41 AM,505.0,0,0.0,320075407.8499997
2025-08-01 10:25:42 AM,505.0,1000,505000.0,320580407.8499997
2025-08-01 10:25:44 AM,504.05,0,0.0,320580407.8499997
2025-08-01 10:25:45 AM,504.05,1797,905777.85,321486185.69999975
2025-08-01 10:25:47 AM,504.0,0,0.0,321486185.69999975
2025-08-01 10:25:47 AM,504.0,50,25200.0,321511385.69999975
2025-08-01 10:25:53 AM,504.35,0,0.0,321511385.69999975
2025-08-01 10:25:53 AM,504.35,389,196192.15000000002,321707577.8499997
2025-08-01 10:25:56 AM,504.35,100,50435.0,321758012.8499997
2025-08-01 10:25:58 AM,504.65,500,252325.0,322010337.8499997
2025-08-01 10:26:01 AM,504.5,24,12108.0,322022445.8499997
2025-08-01 10:26:03 AM,504.35,0,0.0,322022445.8499997
2025-08-01 10:26:03 AM,504.35,27,13617.45,322036063.2999997
2025-08-01 10:26:07 AM,504.45,386,194717.69999999998,322230780.9999997
2025-08-01 10:26:12 AM,504.45,15,7566.75,322238347.7499997
2025-08-01 10:26:18 AM,504.5,0,0.0,322238347.7499997
2025-08-01 10:26:18 AM,504.5,75,37837.5,322276185.2499997
2025-08-01 10:26:21 AM,504.7,0,0.0,322276185.2499997
2025-08-01 10:26:24 AM,504.7,100,50470.0,322326655.2499997
2025-08-01 10:26:26 AM,504.85,0,0.0,322326655.2499997
2025-08-01 10:26:26 AM,504.85,3,1514.5500000000002,322328169.7999997
2025-08-01 10:26:29 AM,504.55,0,0.0,322328169.7999997
2025-08-01 10:26:30 AM,505.35,2575,1301276.25,323629446.0499997
2025-08-01 10:26:35 AM,505.4,0,0.0,323629446.0499997
2025-08-01 10:26:35 AM,505.4,10,5054.0,323634500.0499997
2025-08-01 10:26:41 AM,505.5,0,0.0,323634500.0499997
2025-08-01 10:26:41 AM,505.5,860,434730.0,324069230.0499997
2025-08-01 10:26:44 AM,506.0,2173,1099538.0,325168768.0499997
2025-08-01 10:26:48 AM,505.95,0,0.0,325168768.0499997
2025-08-01 10:26:49 AM,506.05,333,168514.65,325337282.6999997
2025-08-01 10:26:50 AM,506.65,0,0.0,325337282.6999997
2025-08-01 10:26:52 AM,506.25,737,373106.25,325710388.9499997
2025-08-01 10:26:54 AM,506.75,0,0.0,325710388.9499997
2025-08-01 10:26:55 AM,506.75,20,10135.0,325720523.9499997
2025-08-01 10:26:57 AM,506.35,0,0.0,325720523.9499997
2025-08-01 10:26:58 AM,506.9,750,380175.0,326100698.9499997
2025-08-01 10:27:00 AM,506.65,0,0.0,326100698.9499997
2025-08-01 10:27:01 AM,506.65,179,90690.34999999999,326191389.2999997
2025-08-01 10:27:02 AM,506.9,0,0.0,326191389.2999997
2025-08-01 10:27:03 AM,506.3,0,0.0,326191389.2999997
2025-08-01 10:27:04 AM,506.3,1310,663253.0,326854642.2999997
2025-08-01 10:27:05 AM,506.75,0,0.0,326854642.2999997
2025-08-01 10:27:06 AM,506.35,0,0.0,326854642.2999997
2025-08-01 10:27:07 AM,506.35,117,59242.950000000004,326913885.2499997
2025-08-01 10:27:10 AM,506.35,200,101270.0,327015155.2499997
2025-08-01 10:27:12 AM,506.75,0,0.0,327015155.2499997
2025-08-01 10:27:13 AM,506.75,10,5067.5,327020222.7499997
2025-08-01 10:27:15 AM,506.75,4,2027.0,327022249.7499997
2025-08-01 10:27:17 AM,506.5,0,0.0,327022249.7499997
2025-08-01 10:27:18 AM,506.5,1050,531825.0,327554074.7499997
2025-08-01 10:27:23 AM,506.85,0,0.0,327554074.7499997
2025-08-01 10:27:24 AM,506.85,6230,3157675.5,330711750.2499997
2025-08-01 10:27:26 AM,507.0,0,0.0,330711750.2499997
2025-08-01 10:27:26 AM,506.5,8956,4536214.0,335247964.2499997
2025-08-01 10:27:27 AM,506.65,0,0.0,335247964.2499997
2025-08-01 10:27:29 AM,506.3,0,0.0,335247964.2499997
2025-08-01 10:27:29 AM,506.3,72,36453.6,335284417.8499997
2025-08-01 10:27:30 AM,506.45,0,0.0,335284417.8499997
2025-08-01 10:27:32 AM,506.45,100,50645.0,335335062.8499997
2025-08-01 10:27:33 AM,506.65,0,0.0,335335062.8499997
2025-08-01 10:27:35 AM,506.0,0,0.0,335335062.8499997
2025-08-01 10:27:35 AM,506.0,1059,535854.0,335870916.8499997
2025-08-01 10:27:37 AM,505.75,15,7586.25,335878503.0999997
2025-08-01 10:27:43 AM,505.75,100,50575.0,335929078.0999997
2025-08-01 10:27:45 AM,505.45,0,0.0,335929078.0999997
2025-08-01 10:27:46 AM,505.45,165,83399.25,336012477.3499997
2025-08-01 10:27:48 AM,505.9,0,0.0,336012477.3499997
2025-08-01 10:27:48 AM,505.9,1453,735072.7,336747550.0499997
2025-08-01 10:27:51 AM,505.6,210,106176.0,336853726.0499997
2025-08-01 10:27:55 AM,505.55,0,0.0,336853726.0499997
2025-08-01 10:27:57 AM,505.55,216,109198.8,336962924.8499997
2025-08-01 10:28:03 AM,505.5,0,0.0,336962924.8499997
2025-08-01 10:28:04 AM,505.1,0,0.0,336962924.8499997
2025-08-01 10:28:04 AM,505.1,640,323264.0,337286188.8499997
2025-08-01 10:28:05 AM,505.2,0,0.0,337286188.8499997
2025-08-01 10:28:06 AM,505.7,0,0.0,337286188.8499997
2025-08-01 10:28:07 AM,505.85,375,189693.75,337475882.5999997
2025-08-01 10:28:10 AM,505.05,1,505.05,337476387.64999974
2025-08-01 10:28:12 AM,505.8,0,0.0,337476387.64999974
2025-08-01 10:28:12 AM,505.8,90,45522.0,337521909.64999974
2025-08-01 10:28:16 AM,505.65,0,0.0,337521909.64999974
2025-08-01 10:28:18 AM,505.8,48,24278.4,337546188.0499997
2025-08-01 10:28:20 AM,505.25,15,7578.75,337553766.7999997
2025-08-01 10:28:23 AM,505.65,0,0.0,337553766.7999997
2025-08-01 10:28:23 AM,505.65,100,50565.0,337604331.7999997
2025-08-01 10:28:25 AM,505.7,0,0.0,337604331.7999997
2025-08-01 10:28:26 AM,505.5,0,0.0,337604331.7999997
2025-08-01 10:28:26 AM,505.5,2065,1043857.5,338648189.2999997
2025-08-01 10:28:30 AM,505.45,0,0.0,338648189.2999997
2025-08-01 10:28:31 AM,505.5,0,0.0,338648189.2999997
2025-08-01 10:28:32 AM,505.5,103,52066.5,338700255.7999997
2025-08-01 10:28:33 AM,505.4,0,0.0,338700255.7999997
2025-08-01 10:28:34 AM,505.4,40,20216.0,338720471.7999997
2025-08-01 10:28:37 AM,505.25,0,0.0,338720471.7999997
2025-08-01 10:28:37 AM,505.25,100,50525.0,338770996.7999997
2025-08-01 10:28:39 AM,505.1,0,0.0,338770996.7999997
2025-08-01 10:28:40 AM,505.65,600,303390.0,339074386.7999997
2025-08-01 10:28:45 AM,505.5,0,0.0,339074386.7999997
2025-08-01 10:28:46 AM,505.5,5,2527.5,339076914.2999997
2025-08-01 10:28:48 AM,505.7,5,2528.5,339079442.7999997
2025-08-01 10:28:51 AM,505.5,0,0.0,339079442.7999997
2025-08-01 10:28:51 AM,505.5,171,86440.5,339165883.2999997
2025-08-01 10:28:54 AM,505.7,430,217451.0,339383334.2999997
2025-08-01 10:28:57 AM,505.35,0,0.0,339383334.2999997
2025-08-01 10:28:57 AM,505.35,730,368905.5,339752239.7999997
2025-08-01 10:29:02 AM,505.65,0,0.0,339752239.7999997
2025-08-01 10:29:02 AM,505.65,2,1011.3,339753251.0999997
2025-08-01 10:29:04 AM,505.7,0,0.0,339753251.0999997
2025-08-01 10:29:05 AM,505.7,101,51075.7,339804326.7999997
2025-08-01 10:29:08 AM,505.95,330,166963.5,339971290.2999997
2025-08-01 10:29:08 AM,505.85,0,0.0,339971290.2999997
2025-08-01 10:29:11 AM,505.9,168,84991.2,340056281.4999997
2025-08-01 10:29:13 AM,506.0,250,126500.0,340182781.4999997
2025-08-01 10:29:17 AM,505.7,0,0.0,340182781.4999997
2025-08-01 10:29:17 AM,505.7,452,228576.4,340411357.8999997
2025-08-01 10:29:19 AM,505.7,35,17699.5,340429057.3999997
2025-08-01 10:29:22 AM,505.7,54,27307.8,340456365.1999997
2025-08-01 10:29:24 AM,505.7,200,101140.0,340557505.1999997
2025-08-01 10:29:30 AM,505.6,0,0.0,340557505.1999997
2025-08-01 10:29:30 AM,505.6,502,253811.2,340811316.3999997
2025-08-01 10:29:34 AM,505.85,0,0.0,340811316.3999997
2025-08-01 10:29:35 AM,505.85,165,83465.25,340894781.6499997
2025-08-01 10:29:38 AM,506.0,0,0.0,340894781.6499997
2025-08-01 10:29:39 AM,506.0,1500,759000.0,341653781.6499997
2025-08-01 10:29:40 AM,505.85,0,0.0,341653781.6499997
2025-08-01 10:29:41 AM,505.85,50,25292.5,341679074.1499997
2025-08-01 10:29:44 AM,506.2,0,0.0,341679074.1499997
2025-08-01 10:29:44 AM,506.2,6,3037.2,341682111.34999967
2025-08-01 10:29:46 AM,505.55,0,0.0,341682111.34999967
2025-08-01 10:29:46 AM,505.55,40,20222.0,341702333.34999967
2025-08-01 10:29:49 AM,505.8,892,451173.60000000003,342153506.9499997
2025-08-01 10:29:50 AM,505.6,0,0.0,342153506.9499997
2025-08-01 10:29:52 AM,505.6,10,5056.0,342158562.9499997
2025-08-01 10:29:54 AM,506.3,0,0.0,342158562.9499997
2025-08-01 10:29:55 AM,505.75,1670,844602.5,343003165.4499997
2025-08-01 10:30:00 AM,506.45,0,0.0,343003165.4499997
2025-08-01 10:30:01 AM,506.45,93,47099.85,343050265.2999997
2025-08-01 10:30:02 AM,506.05,0,0.0,343050265.2999997
2025-08-01 10:30:03 AM,506.45,751,380343.95,343430609.2499997
2025-08-01 10:30:06 AM,506.15,0,0.0,343430609.2499997
2025-08-01 10:30:06 AM,506.15,1200,607380.0,344037989.2499997
2025-08-01 10:30:09 AM,506.5,158,80027.0,344118016.2499997
2025-08-01 10:30:12 AM,506.4,106,53678.399999999994,344171694.6499997
2025-08-01 10:30:13 AM,506.95,0,0.0,344171694.6499997
2025-08-01 10:30:15 AM,506.95,304,154112.8,344325807.4499997
2025-08-01 10:30:16 AM,506.5,0,0.0,344325807.4499997
2025-08-01 10:30:18 AM,506.5,125,63312.5,344389119.9499997
2025-08-01 10:30:21 AM,506.5,10,5065.0,344394184.9499997
2025-08-01 10:30:22 AM,506.95,0,0.0,344394184.9499997
2025-08-01 10:30:24 AM,506.95,899,455748.05,344849932.9999997
2025-08-01 10:30:25 AM,506.5,0,0.0,344849932.9999997
2025-08-01 10:30:26 AM,506.95,500,253475.0,345103407.9999997
2025-08-01 10:30:29 AM,506.95,250,126737.5,345230145.4999997
2025-08-01 10:30:32 AM,507.0,2076,1052532.0,346282677.4999997
2025-08-01 10:30:35 AM,506.6,700,354620.0,346637297.4999997
2025-08-01 10:30:37 AM,506.9,0,0.0,346637297.4999997
2025-08-01 10:30:38 AM,506.9,10,5069.0,346642366.4999997
2025-08-01 10:30:40 AM,506.9,140,70966.0,346713332.4999997
2025-08-01 10:30:43 AM,507.25,0,0.0,346713332.4999997
2025-08-01 10:30:44 AM,506.95,238,120654.09999999999,346833986.5999997
2025-08-01 10:30:46 AM,506.8,0,0.0,346833986.5999997
2025-08-01 10:30:46 AM,506.9,578,292988.2,347126974.7999997
2025-08-01 10:30:49 AM,506.9,229,116080.09999999999,347243054.89999974
2025-08-01 10:30:52 AM,506.9,1139,577359.1,347820413.99999976
2025-08-01 10:30:53 AM,507.8,0,0.0,347820413.99999976
2025-08-01 10:30:55 AM,507.75,3427,1740059.25,349560473.24999976
2025-08-01 10:30:59 AM,506.55,0,0.0,349560473.24999976
2025-08-01 10:31:01 AM,507.3,3211,1628940.3,351189413.5499998
2025-08-01 10:31:03 AM,507.3,30,15219.0,351204632.5499998
2025-08-01 10:31:05 AM,506.55,0,0.0,351204632.5499998
2025-08-01 10:31:07 AM,507.4,1481,751459.4,351956091.94999975
2025-08-01 10:31:09 AM,507.5,261,132457.5,352088549.44999975
2025-08-01 10:31:11 AM,506.95,0,0.0,352088549.44999975
2025-08-01 10:31:13 AM,506.95,45,22812.75,352111362.19999975
2025-08-01 10:31:15 AM,507.0,0,0.0,352111362.19999975
2025-08-01 10:31:15 AM,507.0,403,204321.0,352315683.19999975
2025-08-01 10:31:17 AM,507.5,0,0.0,352315683.19999975
2025-08-01 10:31:17 AM,507.45,0,0.0,352315683.19999975
2025-08-01 10:31:18 AM,507.5,1023,519172.5,352834855.69999975
2025-08-01 10:31:21 AM,507.25,0,0.0,352834855.69999975
2025-08-01 10:31:21 AM,507.25,10,5072.5,352839928.19999975
2025-08-01 10:31:24 AM,507.25,40,20290.0,352860218.19999975
2025-08-01 10:31:26 AM,507.45,5,2537.25,352862755.44999975
2025-08-01 10:31:29 AM,507.5,0,0.0,352862755.44999975
2025-08-01 10:31:29 AM,507.5,825,418687.5,353281442.94999975
2025-08-01 10:31:32 AM,507.25,15,7608.75,353289051.69999975
2025-08-01 10:31:35 AM,507.4,0,0.0,353289051.69999975
2025-08-01 10:31:35 AM,507.5,161,81707.5,353370759.19999975
2025-08-01 10:31:37 AM,507.8,0,0.0,353370759.19999975
2025-08-01 10:31:37 AM,507.8,1500,761700.0,354132459.19999975
2025-08-01 10:31:39 AM,507.4,0,0.0,354132459.19999975
2025-08-01 10:31:40 AM,507.4,81,41099.4,354173558.5999997
2025-08-01 10:31:42 AM,507.75,0,0.0,354173558.5999997
2025-08-01 10:31:43 AM,507.8,0,0.0,354173558.5999997
2025-08-01 10:31:43 AM,507.8,830,421474.0,354595032.5999997
2025-08-01 10:31:48 AM,508.0,0,0.0,354595032.5999997
2025-08-01 10:31:49 AM,508.0,1867,948436.0,355543468.5999997
2025-08-01 10:31:51 AM,507.7,0,0.0,355543468.5999997
2025-08-01 10:31:52 AM,507.7,1331,675748.7,356219217.2999997
2025-08-01 10:31:55 AM,507.7,199,101032.3,356320249.5999997
2025-08-01 10:31:57 AM,507.85,0,0.0,356320249.5999997
2025-08-01 10:31:58 AM,507.85,240,121884.0,356442133.5999997
2025-08-01 10:32:00 AM,507.8,0,0.0,356442133.5999997
2025-08-01 10:32:00 AM,507.85,0,0.0,356442133.5999997
2025-08-01 10:32:02 AM,507.85,1196,607388.6,357049522.19999975
2025-08-01 10:32:05 AM,508.25,6064,3082028.0,360131550.19999975
2025-08-01 10:32:06 AM,508.6,0,0.0,360131550.19999975
2025-08-01 10:32:06 AM,509.0,0,0.0,360131550.19999975
2025-08-01 10:32:08 AM,509.4,9339,4757286.6,364888836.7999998
2025-08-01 10:32:11 AM,509.3,326,166031.80000000002,365054868.5999998
2025-08-01 10:32:15 AM,509.0,0,0.0,365054868.5999998
2025-08-01 10:32:15 AM,509.0,5454,2776086.0,367830954.5999998
2025-08-01 10:32:18 AM,508.95,3560,1811862.0,369642816.5999998
2025-08-01 10:32:21 AM,509.4,915,466101.0,370108917.5999998
2025-08-01 10:32:25 AM,509.0,300,152700.0,370261617.5999998
2025-08-01 10:32:26 AM,509.4,0,0.0,370261617.5999998
2025-08-01 10:32:26 AM,509.05,0,0.0,370261617.5999998
2025-08-01 10:32:28 AM,509.4,2258,1150225.2,371411842.7999998
2025-08-01 10:32:31 AM,509.5,241,122789.5,371534632.2999998
2025-08-01 10:32:32 AM,509.05,0,0.0,371534632.2999998
2025-08-01 10:32:32 AM,509.5,0,0.0,371534632.2999998
2025-08-01 10:32:34 AM,508.8,22176,11283148.8,382817781.0999998
2025-08-01 10:32:37 AM,508.65,212,107833.79999999999,382925614.8999998
2025-08-01 10:32:38 AM,509.2,0,0.0,382925614.8999998
2025-08-01 10:32:41 AM,508.85,0,0.0,382925614.8999998
2025-08-01 10:32:41 AM,508.85,497,252898.45,383178513.3499998
2025-08-01 10:32:43 AM,508.75,10,5087.5,383183600.8499998
2025-08-01 10:32:46 AM,508.25,95,48283.75,383231884.5999998
2025-08-01 10:32:47 AM,508.7,0,0.0,383231884.5999998
2025-08-01 10:32:49 AM,508.2,455,231231.0,383463115.5999998
2025-08-01 10:32:52 AM,508.2,65,33033.0,383496148.5999998
2025-08-01 10:32:55 AM,508.75,530,269637.5,383765786.0999998
2025-08-01 10:32:58 AM,508.25,663,336969.75,384102755.8499998
2025-08-01 10:33:00 AM,508.7,25,12717.5,384115473.3499998
2025-08-01 10:33:03 AM,508.7,25,12717.5,384128190.8499998
2025-08-01 10:33:05 AM,507.75,0,0.0,384128190.8499998
2025-08-01 10:33:06 AM,508.7,3150,1602405.0,385730595.8499998
2025-08-01 10:33:09 AM,508.7,94,47817.799999999996,385778413.6499998
2025-08-01 10:33:14 AM,508.15,0,0.0,385778413.6499998
2025-08-01 10:33:14 AM,508.25,63,32019.75,385810433.3999998
2025-08-01 10:33:17 AM,508.25,4,2033.0,385812466.3999998
2025-08-01 10:33:20 AM,508.3,0,0.0,385812466.3999998
2025-08-01 10:33:20 AM,508.3,250,127075.0,385939541.3999998
2025-08-01 10:33:22 AM,508.1,75,38107.5,385977648.8999998
2025-08-01 10:33:26 AM,508.55,0,0.0,385977648.8999998
2025-08-01 10:33:26 AM,508.55,364,185112.2,386162761.0999998
2025-08-01 10:33:28 AM,508.25,120,60990.0,386223751.0999998
2025-08-01 10:33:29 AM,508.6,0,0.0,386223751.0999998
2025-08-01 10:33:31 AM,508.0,263,133604.0,386357355.0999998
2025-08-01 10:33:33 AM,507.75,2198,1116034.5,387473389.5999998
2025-08-01 10:33:35 AM,508.0,0,0.0,387473389.5999998
2025-08-01 10:33:36 AM,508.0,14,7112.0,387480501.5999998
2025-08-01 10:33:39 AM,508.0,2,1016.0,387481517.5999998
2025-08-01 10:33:42 AM,508.4,0,0.0,387481517.5999998
2025-08-01 10:33:42 AM,508.4,477,242506.8,387724024.3999998
2025-08-01 10:33:44 AM,508.0,0,0.0,387724024.3999998
2025-08-01 10:33:44 AM,508.25,613,311557.25,388035581.6499998
2025-08-01 10:33:46 AM,508.4,0,0.0,388035581.6499998
2025-08-01 10:33:48 AM,508.4,326,165738.4,388201320.0499998
2025-08-01 10:33:50 AM,508.5,0,0.0,388201320.0499998
2025-08-01 10:33:50 AM,508.5,16,8136.0,388209456.0499998
2025-08-01 10:33:53 AM,508.25,3018,1533898.5,389743354.5499998
2025-08-01 10:33:56 AM,508.4,0,0.0,389743354.5499998
2025-08-01 10:33:56 AM,508.4,500,254200.0,389997554.5499998
2025-08-01 10:33:58 AM,508.45,0,0.0,389997554.5499998
2025-08-01 10:33:58 AM,508.0,0,0.0,389997554.5499998
2025-08-01 10:33:59 AM,508.45,305,155077.25,390152631.7999998
2025-08-01 10:34:01 AM,508.4,2,1016.8,390153648.5999998
2025-08-01 10:34:02 AM,508.45,0,0.0,390153648.5999998
2025-08-01 10:34:04 AM,508.25,0,0.0,390153648.5999998
2025-08-01 10:34:04 AM,508.0,0,0.0,390153648.5999998
2025-08-01 10:34:05 AM,508.0,363,184404.0,390338052.5999998
2025-08-01 10:34:08 AM,508.3,0,0.0,390338052.5999998
2025-08-01 10:34:10 AM,508.25,0,0.0,390338052.5999998
2025-08-01 10:34:11 AM,508.0,5042,2561336.0,392899388.5999998
2025-08-01 10:34:12 AM,508.45,0,0.0,392899388.5999998
2025-08-01 10:34:13 AM,508.4,901,458068.39999999997,393357456.99999976
2025-08-01 10:34:15 AM,508.3,0,0.0,393357456.99999976
2025-08-01 10:34:17 AM,508.5,93,47290.5,393404747.49999976
2025-08-01 10:34:18 AM,507.75,0,0.0,393404747.49999976
2025-08-01 10:34:18 AM,507.75,435,220871.25,393625618.74999976
2025-08-01 10:34:21 AM,508.4,0,0.0,393625618.74999976
2025-08-01 10:34:22 AM,508.45,1125,572006.25,394197624.99999976
2025-08-01 10:34:27 AM,507.9,0,0.0,394197624.99999976
2025-08-01 10:34:27 AM,507.75,311,157910.25,394355535.24999976
2025-08-01 10:34:35 AM,507.55,470,238548.5,394594083.74999976
2025-08-01 10:34:39 AM,508.0,50,25400.0,394619483.74999976
2025-08-01 10:34:39 AM,507.6,0,0.0,394619483.74999976
2025-08-01 10:34:41 AM,508.0,201,102108.0,394721591.74999976
2025-08-01 10:34:44 AM,508.0,78,39624.0,394761215.74999976
2025-08-01 10:34:46 AM,507.7,916,465053.2,395226268.94999975
2025-08-01 10:34:48 AM,507.9,0,0.0,395226268.94999975
2025-08-01 10:34:50 AM,507.9,700,355530.0,395581798.94999975
2025-08-01 10:34:52 AM,507.85,49,24884.65,395606683.5999997
2025-08-01 10:34:54 AM,507.25,0,0.0,395606683.5999997
2025-08-01 10:34:56 AM,507.25,1,507.25,395607190.8499997
2025-08-01 10:34:58 AM,507.25,105,53261.25,395660452.0999997
2025-08-01 10:35:02 AM,507.85,10,5078.5,395665530.5999997
2025-08-01 10:35:07 AM,507.8,293,148785.4,395814315.9999997
2025-08-01 10:35:10 AM,507.05,400,202820.0,396017135.9999997
2025-08-01 10:35:13 AM,507.25,1,507.25,396017643.2499997
2025-08-01 10:35:15 AM,506.9,83,42072.7,396059715.9499997
2025-08-01 10:35:19 AM,507.25,25,12681.25,396072397.1999997
2025-08-01 10:35:20 AM,506.5,0,0.0,396072397.1999997
2025-08-01 10:35:21 AM,506.55,1197,606340.35,396678737.5499997
2025-08-01 10:35:23 AM,507.0,0,0.0,396678737.5499997
2025-08-01 10:35:24 AM,507.0,966,489762.0,397168499.5499997
2025-08-01 10:35:26 AM,507.0,105,53235.0,397221734.5499997
2025-08-01 10:35:32 AM,506.85,0,0.0,397221734.5499997
2025-08-01 10:35:32 AM,507.0,111,56277.0,397278011.5499997
2025-08-01 10:35:33 AM,506.5,0,0.0,397278011.5499997
2025-08-01 10:35:36 AM,506.5,1125,569812.5,397847824.0499997
2025-08-01 10:35:38 AM,506.85,0,0.0,397847824.0499997
2025-08-01 10:35:38 AM,506.85,1,506.85,397848330.89999974
2025-08-01 10:35:39 AM,506.5,0,0.0,397848330.89999974
2025-08-01 10:35:41 AM,506.5,17,8610.5,397856941.39999974
2025-08-01 10:35:42 AM,506.85,0,0.0,397856941.39999974
2025-08-01 10:35:44 AM,506.85,293,148507.05000000002,398005448.44999975
2025-08-01 10:35:49 AM,506.35,383,193932.05000000002,398199380.49999976
2025-08-01 10:35:50 AM,505.65,0,0.0,398199380.49999976
2025-08-01 10:35:52 AM,506.65,1241,628752.65,398828133.14999974
2025-08-01 10:35:53 AM,506.7,0,0.0,398828133.14999974
2025-08-01 10:35:54 AM,505.9,0,0.0,398828133.14999974
2025-08-01 10:35:55 AM,506.45,534,270444.3,399098577.44999975
2025-08-01 10:35:57 AM,505.8,0,0.0,399098577.44999975
2025-08-01 10:35:58 AM,505.8,547,276672.60000000003,399375250.0499998
2025-08-01 10:36:00 AM,506.3,1,506.3,399375756.3499998
2025-08-01 10:36:03 AM,506.3,52,26327.600000000002,399402083.9499998
2025-08-01 10:36:07 AM,506.45,0,0.0,399402083.9499998
2025-08-01 10:36:08 AM,506.0,0,0.0,399402083.9499998
2025-08-01 10:36:09 AM,506.05,226,114367.3,399516451.2499998
2025-08-01 10:36:11 AM,505.85,178,90041.3,399606492.54999983
2025-08-01 10:36:13 AM,505.9,0,0.0,399606492.54999983
2025-08-01 10:36:14 AM,505.9,45,22765.5,399629258.04999983
2025-08-01 10:36:20 AM,505.8,500,252900.0,399882158.04999983
2025-08-01 10:36:22 AM,505.85,0,0.0,399882158.04999983
2025-08-01 10:36:23 AM,505.85,90,45526.5,399927684.54999983
2025-08-01 10:36:25 AM,506.0,0,0.0,399927684.54999983
2025-08-01 10:36:26 AM,506.0,1,506.0,399928190.54999983
2025-08-01 10:36:27 AM,505.9,0,0.0,399928190.54999983
2025-08-01 10:36:28 AM,505.9,272,137604.8,400065795.34999985
2025-08-01 10:36:31 AM,506.3,50,25315.0,400091110.34999985
2025-08-01 10:36:33 AM,505.9,0,0.0,400091110.34999985
2025-08-01 10:36:34 AM,505.9,1,505.9,400091616.2499998
2025-08-01 10:36:35 AM,506.35,0,0.0,400091616.2499998
2025-08-01 10:36:37 AM,506.35,37,18734.95,400110351.1999998
2025-08-01 10:36:42 AM,506.35,100,50635.0,400160986.1999998
2025-08-01 10:36:45 AM,506.0,10,5060.0,400166046.1999998
2025-08-01 10:36:46 AM,505.7,0,0.0,400166046.1999998
2025-08-01 10:36:48 AM,505.7,400,202280.0,400368326.1999998
2025-08-01 10:36:50 AM,506.0,51,25806.0,400394132.1999998
2025-08-01 10:36:51 AM,505.9,0,0.0,400394132.1999998
2025-08-01 10:36:53 AM,505.6,144,72806.40000000001,400466938.5999998
2025-08-01 10:36:55 AM,505.6,200,101120.0,400568058.5999998
2025-08-01 10:36:59 AM,505.6,1,505.6,400568564.1999998
2025-08-01 10:37:00 AM,506.0,300,151800.0,400720364.1999998
2025-08-01 10:37:03 AM,505.6,0,0.0,400720364.1999998
2025-08-01 10:37:04 AM,505.6,2,1011.2,400721375.3999998
2025-08-01 10:37:06 AM,505.5,277,140023.5,400861398.8999998
2025-08-01 10:37:10 AM,505.6,0,0.0,400861398.8999998
2025-08-01 10:37:10 AM,505.6,25,12640.0,400874038.8999998
2025-08-01 10:37:12 AM,505.5,25,12637.5,400886676.3999998
2025-08-01 10:37:15 AM,506.0,0,0.0,400886676.3999998
2025-08-01 10:37:15 AM,506.0,1500,759000.0,401645676.3999998
2025-08-01 10:37:17 AM,506.0,50,25300.0,401670976.3999998
2025-08-01 10:37:21 AM,507.75,6457,3278541.75,404949518.1499998
2025-08-01 10:37:26 AM,507.75,65,33003.75,404982521.8999998
2025-08-01 10:37:33 AM,507.95,0,0.0,404982521.8999998
2025-08-01 10:37:34 AM,507.9,0,0.0,404982521.8999998
2025-08-01 10:37:34 AM,507.9,1099,558182.1,405540703.9999998
2025-08-01 10:37:36 AM,507.3,0,0.0,405540703.9999998
