date,price,qty,trnvr,cum_trnvr
2025-08-01 09:15:03 AM,2846.9,173,492513.7,492513.7
2025-08-01 09:15:05 AM,2847.0,294,837018.0,1329531.7
2025-08-01 09:15:12 AM,2836.3,0,0.0,1329531.7
2025-08-01 09:15:15 AM,2827.3,461,1303385.3,2632917.0
2025-08-01 09:15:22 AM,2832.8,0,0.0,2632917.0
2025-08-01 09:15:25 AM,2833.0,145,410785.0,3043702.0
2025-08-01 09:15:26 AM,2832.9,236,668564.4,3712266.4
2025-08-01 09:15:41 AM,2831.4,0,0.0,3712266.4
2025-08-01 09:15:42 AM,2831.4,50,141570.0,3853836.4
2025-08-01 09:15:43 AM,2830.0,3,8490.0,3862326.4
2025-08-01 09:15:48 AM,2830.4,0,0.0,3862326.4
2025-08-01 09:15:50 AM,2830.4,5,14152.0,3876478.4
2025-08-01 09:15:52 AM,2829.8,46,130170.8,4006649.1999999997
2025-08-01 09:16:00 AM,2824.0,72,203328.0,4209977.199999999
2025-08-01 09:16:06 AM,2828.0,172,486416.0,4696393.199999999
2025-08-01 09:16:10 AM,2824.5,0,0.0,4696393.199999999
2025-08-01 09:16:14 AM,2828.9,432,1222084.8,5918477.999999999
2025-08-01 09:16:16 AM,2833.8,4,11335.2,5929813.199999999
2025-08-01 09:16:20 AM,2833.7,0,0.0,5929813.199999999
2025-08-01 09:16:23 AM,2833.7,8,22669.6,5952482.799999999
2025-08-01 09:16:28 AM,2825.2,0,0.0,5952482.799999999
2025-08-01 09:16:31 AM,2825.2,343,969043.6,6921526.3999999985
2025-08-01 09:16:38 AM,2828.1,0,0.0,6921526.3999999985
2025-08-01 09:16:39 AM,2828.1,103,291294.3,7212820.699999998
2025-08-01 09:16:47 AM,2825.0,0,0.0,7212820.699999998
2025-08-01 09:16:47 AM,2825.0,12,33900.0,7246720.699999998
2025-08-01 09:16:56 AM,2824.9,55,155369.5,7402090.199999998
2025-08-01 09:17:05 AM,2827.6,520,1470352.0,8872442.2
2025-08-01 09:17:06 AM,2831.3,0,0.0,8872442.2
2025-08-01 09:17:12 AM,2833.0,140,396620.0,9269062.2
2025-08-01 09:17:17 AM,2833.3,0,0.0,9269062.2
2025-08-01 09:17:20 AM,2833.3,68,192664.40000000002,9461726.6
2025-08-01 09:17:26 AM,2834.4,0,0.0,9461726.6
2025-08-01 09:17:29 AM,2835.3,75,212647.5,9674374.1
2025-08-01 09:17:37 AM,2834.4,21,59522.4,9733896.5
2025-08-01 09:17:40 AM,2833.1,0,0.0,9733896.5
2025-08-01 09:17:45 AM,2833.1,34,96325.4,9830221.9
2025-08-01 09:17:49 AM,2828.4,0,0.0,9830221.9
2025-08-01 09:17:54 AM,2830.7,2,5661.4,9835883.3
2025-08-01 09:17:58 AM,2830.1,0,0.0,9835883.3
2025-08-01 09:18:01 AM,2830.1,3,8490.3,9844373.600000001
2025-08-01 09:18:01 AM,2830.8,0,0.0,9844373.600000001
2025-08-01 09:18:01 AM,2830.0,0,0.0,9844373.600000001
2025-08-01 09:18:02 AM,2830.0,152,430160.0,10274533.600000001
2025-08-01 09:18:15 AM,2837.4,1,2837.4,10277371.000000002
2025-08-01 09:18:20 AM,2840.0,230,653200.0,10930571.000000002
2025-08-01 09:18:24 AM,2837.9,141,400143.9,11330714.900000002
2025-08-01 09:18:26 AM,2839.9,36,102236.40000000001,11432951.300000003
2025-08-01 09:18:45 AM,2836.9,4,11347.6,11444298.900000002
2025-08-01 09:18:49 AM,2839.2,4,11356.8,11455655.700000003
2025-08-01 09:19:10 AM,2838.7,0,0.0,11455655.700000003
2025-08-01 09:19:10 AM,2838.7,1,2838.7,11458494.400000002
2025-08-01 09:19:24 AM,2838.7,1,2838.7,11461333.100000001
2025-08-01 09:19:35 AM,2835.5,3,8506.5,11469839.600000001
2025-08-01 09:19:58 AM,2834.0,0,0.0,11469839.600000001
2025-08-01 09:19:59 AM,2834.0,4,11336.0,11481175.600000001
2025-08-01 09:20:03 AM,2835.8,0,0.0,11481175.600000001
2025-08-01 09:20:04 AM,2835.8,152,431041.60000000003,11912217.200000001
2025-08-01 09:20:05 AM,2833.4,15,42501.0,11954718.200000001
2025-08-01 09:20:10 AM,2837.7,0,0.0,11954718.200000001
2025-08-01 09:20:12 AM,2837.7,119,337686.3,12292404.500000002
2025-08-01 09:20:17 AM,2837.3,0,0.0,12292404.500000002
2025-08-01 09:20:20 AM,2837.3,1,2837.3,12295241.800000003
2025-08-01 09:20:24 AM,2836.9,0,0.0,12295241.800000003
2025-08-01 09:20:28 AM,2836.9,20,56738.0,12351979.800000003
2025-08-01 09:20:38 AM,2837.4,0,0.0,12351979.800000003
2025-08-01 09:20:42 AM,2835.5,0,0.0,12351979.800000003
2025-08-01 09:20:43 AM,2835.5,3,8506.5,12360486.300000003
2025-08-01 09:20:45 AM,2835.5,32,90736.0,12451222.300000003
2025-08-01 09:20:49 AM,2837.9,0,0.0,12451222.300000003
2025-08-01 09:20:51 AM,2834.1,176,498801.6,12950023.900000002
2025-08-01 09:20:56 AM,2837.7,0,0.0,12950023.900000002
2025-08-01 09:20:59 AM,2837.7,5,14188.5,12964212.400000002
2025-08-01 09:21:01 AM,2835.8,2,5671.6,12969884.000000002
2025-08-01 09:21:13 AM,2835.8,3,8507.400000000001,12978391.400000002
2025-08-01 09:21:15 AM,2835.8,37,104924.6,13083316.000000002
2025-08-01 09:21:16 AM,2835.8,10,28358.0,13111674.000000002
2025-08-01 09:21:17 AM,2836.4,0,0.0,13111674.000000002
2025-08-01 09:21:18 AM,2836.4,19,53891.6,13165565.600000001
2025-08-01 09:21:19 AM,2837.9,48,136219.2,13301784.8
2025-08-01 09:21:29 AM,2839.0,100,283900.0,13585684.8
2025-08-01 09:21:31 AM,2839.2,5,14196.0,13599880.8
2025-08-01 09:21:33 AM,2837.7,0,0.0,13599880.8
2025-08-01 09:21:33 AM,2837.7,1,2837.7,13602718.5
2025-08-01 09:21:34 AM,2837.5,1,2837.5,13605556.0
2025-08-01 09:21:38 AM,2838.5,1,2838.5,13608394.5
2025-08-01 09:21:56 AM,2836.0,39,110604.0,13718998.5
2025-08-01 09:21:58 AM,2837.2,1,2837.2,13721835.7
2025-08-01 09:22:02 AM,2835.8,1,2835.8,13724671.5
2025-08-01 09:22:09 AM,2835.8,25,70895.0,13795566.5
2025-08-01 09:22:23 AM,2834.0,2,5668.0,13801234.5
2025-08-01 09:22:27 AM,2831.6,0,0.0,13801234.5
2025-08-01 09:22:31 AM,2831.7,186,526696.2,14327930.7
2025-08-01 09:22:39 AM,2830.0,47,133010.0,14460940.7
2025-08-01 09:22:41 AM,2828.1,0,0.0,14460940.7
2025-08-01 09:22:46 AM,2829.6,9,25466.399999999998,14486407.1
2025-08-01 09:22:48 AM,2829.5,6,16977.0,14503384.1
2025-08-01 09:23:05 AM,2831.2,1,2831.2,14506215.299999999
2025-08-01 09:23:17 AM,2831.1,10,28311.0,14534526.299999999
2025-08-01 09:23:18 AM,2831.1,1,2831.1,14537357.399999999
2025-08-01 09:23:30 AM,2831.1,25,70777.5,14608134.899999999
2025-08-01 09:23:32 AM,2831.5,0,0.0,14608134.899999999
2025-08-01 09:23:33 AM,2831.5,1,2831.5,14610966.399999999
2025-08-01 09:23:36 AM,2831.5,4,11326.0,14622292.399999999
2025-08-01 09:23:45 AM,2829.5,0,0.0,14622292.399999999
2025-08-01 09:23:46 AM,2829.5,134,379153.0,15001445.399999999
2025-08-01 09:23:57 AM,2829.5,1,2829.5,15004274.899999999
2025-08-01 09:23:57 AM,2830.8,359,1016257.2000000001,16020532.099999998
2025-08-01 09:23:58 AM,2831.5,0,0.0,16020532.099999998
2025-08-01 09:23:59 AM,2831.5,7,19820.5,16040352.599999998
2025-08-01 09:24:13 AM,2832.3,12,33987.600000000006,16074340.199999997
2025-08-01 09:24:14 AM,2832.3,2,5664.6,16080004.799999997
2025-08-01 09:24:14 AM,2832.3,2,5664.6,16085669.399999997
2025-08-01 09:24:15 AM,2832.3,2,5664.6,16091333.999999996
2025-08-01 09:24:29 AM,2834.5,0,0.0,16091333.999999996
2025-08-01 09:24:30 AM,2834.5,1,2834.5,16094168.499999996
2025-08-01 09:24:33 AM,2832.3,0,0.0,16094168.499999996
2025-08-01 09:24:33 AM,2832.3,16,45316.8,16139485.299999997
2025-08-01 09:24:54 AM,2830.0,591,1672530.0,17812015.299999997
2025-08-01 09:25:06 AM,2827.5,16,45240.0,17857255.299999997
2025-08-01 09:25:12 AM,2826.5,0,0.0,17857255.299999997
2025-08-01 09:25:13 AM,2826.5,2,5653.0,17862908.299999997
2025-08-01 09:25:15 AM,2827.5,10,28275.0,17891183.299999997
2025-08-01 09:25:17 AM,2827.5,50,141375.0,18032558.299999997
2025-08-01 09:25:24 AM,2828.0,0,0.0,18032558.299999997
2025-08-01 09:25:25 AM,2828.0,20,56560.0,18089118.299999997
2025-08-01 09:25:43 AM,2826.5,0,0.0,18089118.299999997
2025-08-01 09:25:44 AM,2826.5,2,5653.0,18094771.299999997
2025-08-01 09:25:55 AM,2827.9,0,0.0,18094771.299999997
2025-08-01 09:25:56 AM,2827.9,10,28279.0,18123050.299999997
2025-08-01 09:25:57 AM,2828.0,0,0.0,18123050.299999997
2025-08-01 09:25:58 AM,2828.0,45,127260.0,18250310.299999997
2025-08-01 09:25:59 AM,2828.8,0,0.0,18250310.299999997
2025-08-01 09:26:00 AM,2828.8,15,42432.0,18292742.299999997
2025-08-01 09:26:08 AM,2828.1,0,0.0,18292742.299999997
2025-08-01 09:26:09 AM,2828.1,5,14140.5,18306882.799999997
2025-08-01 09:26:16 AM,2827.9,10,28279.0,18335161.799999997
2025-08-01 09:26:33 AM,2827.6,0,0.0,18335161.799999997
2025-08-01 09:26:34 AM,2827.6,10,28276.0,18363437.799999997
2025-08-01 09:26:37 AM,2827.6,1,2827.6,18366265.4
2025-08-01 09:26:41 AM,2825.5,29,81939.5,18448204.9
2025-08-01 09:26:44 AM,2826.2,1,2826.2,18451031.099999998
2025-08-01 09:26:48 AM,2826.2,2,5652.4,18456683.499999996
2025-08-01 09:26:49 AM,2826.2,10,28262.0,18484945.499999996
2025-08-01 09:26:55 AM,2825.0,30,84750.0,18569695.499999996
2025-08-01 09:27:02 AM,2825.2,0,0.0,18569695.499999996
2025-08-01 09:27:04 AM,2825.2,9,25426.8,18595122.299999997
2025-08-01 09:27:05 AM,2823.5,9,25411.5,18620533.799999997
2025-08-01 09:27:07 AM,2825.0,0,0.0,18620533.799999997
2025-08-01 09:27:12 AM,2825.0,50,141250.0,18761783.799999997
2025-08-01 09:27:17 AM,2827.9,0,0.0,18761783.799999997
2025-08-01 09:27:19 AM,2827.9,368,1040667.2000000001,19802450.999999996
2025-08-01 09:27:26 AM,2827.9,15,42418.5,19844869.499999996
2025-08-01 09:27:28 AM,2827.9,5,14139.5,19859008.999999996
2025-08-01 09:27:28 AM,2828.6,0,0.0,19859008.999999996
2025-08-01 09:27:32 AM,2823.4,0,0.0,19859008.999999996
2025-08-01 09:27:34 AM,2823.4,74,208931.6,20067940.599999998
2025-08-01 09:27:47 AM,2825.1,0,0.0,20067940.599999998
2025-08-01 09:27:49 AM,2825.1,5,14125.5,20082066.099999998
2025-08-01 09:27:57 AM,2825.1,5,14125.5,20096191.599999998
2025-08-01 09:28:03 AM,2825.0,0,0.0,20096191.599999998
2025-08-01 09:28:04 AM,2825.0,5,14125.0,20110316.599999998
2025-08-01 09:28:10 AM,2824.9,0,0.0,20110316.599999998
2025-08-01 09:28:12 AM,2824.9,3,8474.7,20118791.299999997
2025-08-01 09:28:16 AM,2824.0,0,0.0,20118791.299999997
2025-08-01 09:28:20 AM,2824.0,4,11296.0,20130087.299999997
2025-08-01 09:28:22 AM,2824.8,0,0.0,20130087.299999997
2025-08-01 09:28:27 AM,2824.0,0,0.0,20130087.299999997
2025-08-01 09:28:27 AM,2824.0,4,11296.0,20141383.299999997
2025-08-01 09:28:35 AM,2817.3,477,1343852.1,21485235.4
2025-08-01 09:28:43 AM,2820.1,0,0.0,21485235.4
2025-08-01 09:28:43 AM,2820.1,25,70502.5,21555737.9
2025-08-01 09:28:51 AM,2820.8,11,31028.800000000003,21586766.7
2025-08-01 09:29:00 AM,2821.3,0,0.0,21586766.7
2025-08-01 09:29:00 AM,2821.5,114,321651.0,21908417.7
2025-08-01 09:29:05 AM,2824.8,4,11299.2,21919716.9
2025-08-01 09:29:18 AM,2818.2,0,0.0,21919716.9
2025-08-01 09:29:19 AM,2818.2,798,2248923.5999999996,24168640.5
2025-08-01 09:29:22 AM,2818.9,5,14094.5,24182735.0
2025-08-01 09:29:23 AM,2819.7,30,84591.0,24267326.0
2025-08-01 09:29:25 AM,2820.8,5,14104.0,24281430.0
2025-08-01 09:29:55 AM,2820.8,1,2820.8,24284250.8
2025-08-01 09:29:56 AM,2818.5,0,0.0,24284250.8
2025-08-01 09:29:57 AM,2818.5,20,56370.0,24340620.8
2025-08-01 09:29:57 AM,2820.7,0,0.0,24340620.8
2025-08-01 09:29:58 AM,2820.7,5,14103.5,24354724.3
2025-08-01 09:30:00 AM,2818.5,1,2818.5,24357542.8
2025-08-01 09:30:00 AM,2818.3,0,0.0,24357542.8
2025-08-01 09:30:01 AM,2818.3,2,5636.6,24363179.400000002
2025-08-01 09:30:05 AM,2819.1,10,28191.0,24391370.400000002
2025-08-01 09:30:10 AM,2819.1,9,25371.899999999998,24416742.3
2025-08-01 09:30:11 AM,2818.5,0,0.0,24416742.3
2025-08-01 09:30:11 AM,2818.5,2,5637.0,24422379.3
2025-08-01 09:30:15 AM,2818.0,10,28180.0,24450559.3
2025-08-01 09:30:16 AM,2817.3,2,5634.6,24456193.900000002
2025-08-01 09:30:18 AM,2818.4,1,2818.4,24459012.3
2025-08-01 09:30:21 AM,2818.2,5,14091.0,24473103.3
2025-08-01 09:30:25 AM,2816.4,12,33796.8,24506900.1
2025-08-01 09:30:29 AM,2817.5,1,2817.5,24509717.6
2025-08-01 09:30:34 AM,2817.5,5,14087.5,24523805.1
2025-08-01 09:30:39 AM,2816.1,4,11264.4,24535069.5
2025-08-01 09:30:40 AM,2817.0,0,0.0,24535069.5
2025-08-01 09:30:41 AM,2817.0,2,5634.0,24540703.5
2025-08-01 09:30:43 AM,2816.2,136,383003.19999999995,24923706.7
2025-08-01 09:30:46 AM,2816.1,0,0.0,24923706.7
2025-08-01 09:30:46 AM,2816.1,1,2816.1,24926522.8
2025-08-01 09:30:49 AM,2816.0,0,0.0,24926522.8
2025-08-01 09:30:50 AM,2816.0,10,28160.0,24954682.8
2025-08-01 09:30:57 AM,2816.0,11,30976.0,24985658.8
2025-08-01 09:31:02 AM,2815.9,5,14079.5,24999738.3
2025-08-01 09:31:03 AM,2815.0,9,25335.0,25025073.3
2025-08-01 09:31:04 AM,2814.2,3,8442.599999999999,25033515.900000002
2025-08-01 09:31:04 AM,2815.1,0,0.0,25033515.900000002
2025-08-01 09:31:05 AM,2815.1,4,11260.4,25044776.3
2025-08-01 09:31:05 AM,2812.5,0,0.0,25044776.3
2025-08-01 09:31:06 AM,2812.5,29,81562.5,25126338.8
2025-08-01 09:31:07 AM,2814.5,1,2814.5,25129153.3
2025-08-01 09:31:12 AM,2814.5,10,28145.0,25157298.3
2025-08-01 09:31:14 AM,2812.1,207,582104.7,25739403.0
2025-08-01 09:31:17 AM,2814.8,0,0.0,25739403.0
2025-08-01 09:31:17 AM,2814.7,26,73182.2,25812585.2
2025-08-01 09:31:22 AM,2814.5,0,0.0,25812585.2
2025-08-01 09:31:23 AM,2815.3,0,0.0,25812585.2
2025-08-01 09:31:23 AM,2815.3,120,337836.0,26150421.2
2025-08-01 09:31:35 AM,2814.7,32,90070.4,26240491.599999998
2025-08-01 09:31:41 AM,2817.1,516,1453623.5999999999,27694115.2
2025-08-01 09:31:41 AM,2817.5,52,146510.0,27840625.2
2025-08-01 09:31:45 AM,2817.2,3,8451.599999999999,27849076.8
2025-08-01 09:32:00 AM,2817.2,3,8451.599999999999,27857528.400000002
2025-08-01 09:32:04 AM,2817.5,23,64802.5,27922330.900000002
2025-08-01 09:32:15 AM,2817.0,0,0.0,27922330.900000002
2025-08-01 09:32:16 AM,2817.0,35,98595.0,28020925.900000002
2025-08-01 09:32:23 AM,2818.4,0,0.0,28020925.900000002
2025-08-01 09:32:24 AM,2818.4,43,121191.2,28142117.1
2025-08-01 09:32:32 AM,2819.3,0,0.0,28142117.1
2025-08-01 09:32:33 AM,2819.3,15,42289.5,28184406.6
2025-08-01 09:32:36 AM,2818.3,0,0.0,28184406.6
2025-08-01 09:32:37 AM,2818.3,25,70457.5,28254864.1
2025-08-01 09:32:42 AM,2819.0,0,0.0,28254864.1
2025-08-01 09:32:43 AM,2819.0,5,14095.0,28268959.1
2025-08-01 09:32:53 AM,2818.6,7,19730.2,28288689.3
2025-08-01 09:33:02 AM,2820.2,0,0.0,28288689.3
2025-08-01 09:33:03 AM,2820.2,14,39482.799999999996,28328172.1
2025-08-01 09:33:12 AM,2820.0,0,0.0,28328172.1
2025-08-01 09:33:13 AM,2820.0,10,28200.0,28356372.1
2025-08-01 09:33:15 AM,2820.0,7,19740.0,28376112.1
2025-08-01 09:33:16 AM,2820.0,10,28200.0,28404312.1
2025-08-01 09:33:17 AM,2820.0,10,28200.0,28432512.1
2025-08-01 09:33:24 AM,2820.0,1,2820.0,28435332.1
2025-08-01 09:33:27 AM,2819.9,0,0.0,28435332.1
2025-08-01 09:33:27 AM,2819.9,1,2819.9,28438152.0
2025-08-01 09:33:33 AM,2820.0,2,5640.0,28443792.0
2025-08-01 09:33:34 AM,2819.3,2,5638.6,28449430.6
2025-08-01 09:33:49 AM,2822.6,0,0.0,28449430.6
2025-08-01 09:33:50 AM,2822.6,247,697182.2,29146612.8
2025-08-01 09:34:00 AM,2824.2,21,59308.2,29205921.0
2025-08-01 09:34:09 AM,2825.4,0,0.0,29205921.0
2025-08-01 09:34:10 AM,2825.4,25,70635.0,29276556.0
2025-08-01 09:34:12 AM,2825.0,5,14125.0,29290681.0
2025-08-01 09:34:15 AM,2825.0,5,14125.0,29304806.0
2025-08-01 09:34:17 AM,2825.4,16,45206.4,29350012.4
2025-08-01 09:34:25 AM,2825.4,1,2825.4,29352837.799999997
2025-08-01 09:34:32 AM,2825.2,4,11300.8,29364138.599999998
2025-08-01 09:34:35 AM,2825.2,1,2825.2,29366963.799999997
2025-08-01 09:34:44 AM,2825.2,5,14126.0,29381089.799999997
2025-08-01 09:34:49 AM,2822.6,14,39516.4,29420606.199999996
2025-08-01 09:35:00 AM,2822.9,20,56458.0,29477064.199999996
2025-08-01 09:35:03 AM,2822.6,2,5645.2,29482709.399999995
2025-08-01 09:35:07 AM,2821.0,0,0.0,29482709.399999995
2025-08-01 09:35:07 AM,2821.0,1,2821.0,29485530.399999995
2025-08-01 09:35:20 AM,2821.0,7,19747.0,29505277.399999995
2025-08-01 09:35:23 AM,2820.8,5,14104.0,29519381.399999995
2025-08-01 09:35:26 AM,2819.4,0,0.0,29519381.399999995
2025-08-01 09:35:26 AM,2819.4,12,33832.8,29553214.199999996
2025-08-01 09:35:40 AM,2820.4,0,0.0,29553214.199999996
2025-08-01 09:35:41 AM,2820.4,5,14102.0,29567316.199999996
2025-08-01 09:36:00 AM,2820.0,7,19740.0,29587056.199999996
2025-08-01 09:36:07 AM,2820.4,0,0.0,29587056.199999996
2025-08-01 09:36:08 AM,2820.6,155,437193.0,30024249.199999996
2025-08-01 09:36:09 AM,2819.0,3,8457.0,30032706.199999996
2025-08-01 09:36:18 AM,2820.3,0,0.0,30032706.199999996
2025-08-01 09:36:19 AM,2820.3,12,33843.600000000006,30066549.799999997
2025-08-01 09:36:20 AM,2818.6,0,0.0,30066549.799999997
2025-08-01 09:36:21 AM,2818.6,19,53553.4,30120103.199999996
2025-08-01 09:36:22 AM,2818.6,5,14093.0,30134196.199999996
2025-08-01 09:36:34 AM,2818.8,0,0.0,30134196.199999996
2025-08-01 09:36:35 AM,2818.8,5,14094.0,30148290.199999996
2025-08-01 09:36:48 AM,2818.1,1,2818.1,30151108.299999997
2025-08-01 09:36:58 AM,2818.2,0,0.0,30151108.299999997
2025-08-01 09:36:59 AM,2818.2,44,124000.79999999999,30275109.099999998
2025-08-01 09:37:00 AM,2818.2,15,42273.0,30317382.099999998
2025-08-01 09:37:01 AM,2818.6,4,11274.4,30328656.499999996
2025-08-01 09:37:07 AM,2818.1,0,0.0,30328656.499999996
2025-08-01 09:37:08 AM,2818.1,31,87361.09999999999,30416017.599999998
2025-08-01 09:37:13 AM,2818.0,3,8454.0,30424471.599999998
2025-08-01 09:37:20 AM,2816.7,5,14083.5,30438555.099999998
2025-08-01 09:37:22 AM,2816.1,0,0.0,30438555.099999998
2025-08-01 09:37:23 AM,2816.1,10,28161.0,30466716.099999998
2025-08-01 09:37:26 AM,2816.9,5,14084.5,30480800.599999998
2025-08-01 09:37:39 AM,2817.0,0,0.0,30480800.599999998
2025-08-01 09:37:40 AM,2817.0,1,2817.0,30483617.599999998
2025-08-01 09:37:46 AM,2816.1,0,0.0,30483617.599999998
2025-08-01 09:37:46 AM,2816.1,73,205575.3,30689192.9
2025-08-01 09:37:52 AM,2816.9,5,14084.5,30703277.4
2025-08-01 09:37:59 AM,2816.1,0,0.0,30703277.4
2025-08-01 09:37:59 AM,2816.1,36,101379.59999999999,30804657.0
2025-08-01 09:38:01 AM,2816.1,1,2816.1,30807473.1
2025-08-01 09:38:05 AM,2814.7,0,0.0,30807473.1
2025-08-01 09:38:05 AM,2814.7,39,109773.29999999999,30917246.400000002
2025-08-01 09:38:07 AM,2815.8,0,0.0,30917246.400000002
2025-08-01 09:38:07 AM,2815.8,5,14079.0,30931325.400000002
2025-08-01 09:38:13 AM,2815.6,0,0.0,30931325.400000002
2025-08-01 09:38:14 AM,2815.6,4,11262.4,30942587.8
2025-08-01 09:38:17 AM,2815.0,6,16890.0,30959477.8
2025-08-01 09:38:21 AM,2815.0,5,14075.0,30973552.8
2025-08-01 09:38:21 AM,2815.0,1,2815.0,30976367.8
2025-08-01 09:38:23 AM,2815.0,2,5630.0,30981997.8
2025-08-01 09:38:26 AM,2815.0,2,5630.0,30987627.8
2025-08-01 09:38:29 AM,2815.0,13,36595.0,31024222.8
2025-08-01 09:38:30 AM,2815.0,1,2815.0,31027037.8
2025-08-01 09:38:30 AM,2815.0,2,5630.0,31032667.8
2025-08-01 09:38:32 AM,2815.0,5,14075.0,31046742.8
2025-08-01 09:38:36 AM,2815.0,1,2815.0,31049557.8
2025-08-01 09:38:40 AM,2815.0,3,8445.0,31058002.8
2025-08-01 09:38:44 AM,2815.0,2,5630.0,31063632.8
2025-08-01 09:38:47 AM,2815.0,2,5630.0,31069262.8
2025-08-01 09:38:52 AM,2814.1,1,2814.1,31072076.900000002
2025-08-01 09:38:53 AM,2815.0,2,5630.0,31077706.900000002
2025-08-01 09:38:53 AM,2816.3,201,566076.3,31643783.200000003
2025-08-01 09:38:55 AM,2817.1,1,2817.1,31646600.300000004
2025-08-01 09:39:02 AM,2815.6,0,0.0,31646600.300000004
2025-08-01 09:39:03 AM,2815.6,16,45049.6,31691649.900000006
2025-08-01 09:39:05 AM,2814.7,3,8444.099999999999,31700094.000000007
2025-08-01 09:39:10 AM,2816.3,30,84489.0,31784583.000000007
2025-08-01 09:39:23 AM,2816.2,0,0.0,31784583.000000007
2025-08-01 09:39:23 AM,2816.2,1,2816.2,31787399.200000007
2025-08-01 09:39:35 AM,2816.2,2,5632.4,31793031.600000005
2025-08-01 09:39:35 AM,2816.2,4,11264.8,31804296.400000006
2025-08-01 09:39:39 AM,2816.2,5,14081.0,31818377.400000006
2025-08-01 09:39:55 AM,2816.0,2,5632.0,31824009.400000006
2025-08-01 09:39:55 AM,2816.2,5,14081.0,31838090.400000006
2025-08-01 09:40:01 AM,2815.0,2,5630.0,31843720.400000006
2025-08-01 09:40:08 AM,2816.8,0,0.0,31843720.400000006
2025-08-01 09:40:08 AM,2816.8,5,14084.0,31857804.400000006
2025-08-01 09:40:09 AM,2816.0,5,14080.0,31871884.400000006
2025-08-01 09:40:13 AM,2817.0,33,92961.0,31964845.400000006
2025-08-01 09:40:17 AM,2819.7,15,42295.5,32007140.900000006
2025-08-01 09:40:25 AM,2819.5,3,8458.5,32015599.400000006
2025-08-01 09:40:36 AM,2819.0,0,0.0,32015599.400000006
2025-08-01 09:40:37 AM,2819.0,100,281900.0,32297499.400000006
2025-08-01 09:40:39 AM,2818.9,5,14094.5,32311593.900000006
2025-08-01 09:40:48 AM,2819.7,5,14098.5,32325692.400000006
2025-08-01 09:40:51 AM,2819.7,170,479348.99999999994,32805041.400000006
2025-08-01 09:41:12 AM,2820.1,7,19740.7,32824782.100000005
2025-08-01 09:41:24 AM,2820.1,4,11280.4,32836062.500000004
2025-08-01 09:41:51 AM,2819.8,0,0.0,32836062.500000004
2025-08-01 09:41:52 AM,2819.8,10,28198.0,32864260.500000004
2025-08-01 09:41:52 AM,2818.0,39,109902.0,32974162.500000004
2025-08-01 09:41:54 AM,2818.8,0,0.0,32974162.500000004
2025-08-01 09:41:54 AM,2818.8,3,8456.400000000001,32982618.900000002
2025-08-01 09:42:04 AM,2818.0,26,73268.0,33055886.900000002
2025-08-01 09:42:18 AM,2818.1,1,2818.1,33058705.000000004
2025-08-01 09:42:58 AM,2818.2,10,28182.0,33086887.000000004
2025-08-01 09:43:01 AM,2818.1,0,0.0,33086887.000000004
2025-08-01 09:43:02 AM,2818.1,1,2818.1,33089705.100000005
2025-08-01 09:43:03 AM,2818.1,1,2818.1,33092523.200000007
2025-08-01 09:43:05 AM,2818.1,2,5636.2,33098159.400000006
2025-08-01 09:43:09 AM,2818.0,1,2818.0,33100977.400000006
2025-08-01 09:43:13 AM,2817.9,1,2817.9,33103795.300000004
2025-08-01 09:43:15 AM,2818.0,0,0.0,33103795.300000004
2025-08-01 09:43:15 AM,2818.0,25,70450.0,33174245.300000004
2025-08-01 09:43:22 AM,2818.1,0,0.0,33174245.300000004
2025-08-01 09:43:23 AM,2817.9,0,0.0,33174245.300000004
2025-08-01 09:43:23 AM,2817.9,3,8453.7,33182699.000000004
2025-08-01 09:43:31 AM,2818.0,0,0.0,33182699.000000004
2025-08-01 09:43:32 AM,2818.0,5,14090.0,33196789.000000004
2025-08-01 09:43:33 AM,2818.0,1,2818.0,33199607.000000004
2025-08-01 09:43:53 AM,2818.0,12,33816.0,33233423.000000004
2025-08-01 09:44:02 AM,2817.0,19,53523.0,33286946.000000004
2025-08-01 09:44:05 AM,2817.3,1,2817.3,33289763.300000004
2025-08-01 09:44:11 AM,2817.2,0,0.0,33289763.300000004
2025-08-01 09:44:12 AM,2817.2,5,14086.0,33303849.300000004
2025-08-01 09:44:29 AM,2817.2,4,11268.8,33315118.100000005
2025-08-01 09:44:31 AM,2817.0,0,0.0,33315118.100000005
2025-08-01 09:44:32 AM,2817.0,1,2817.0,33317935.100000005
2025-08-01 09:44:32 AM,2817.2,10,28172.0,33346107.100000005
2025-08-01 09:44:37 AM,2817.0,0,0.0,33346107.100000005
2025-08-01 09:44:38 AM,2817.0,120,338040.0,33684147.10000001
2025-08-01 09:44:40 AM,2817.2,4,11268.8,33695415.900000006
2025-08-01 09:44:50 AM,2817.0,0,0.0,33695415.900000006
2025-08-01 09:44:51 AM,2817.0,40,112680.0,33808095.900000006
2025-08-01 09:44:51 AM,2817.1,3,8451.3,33816547.2
2025-08-01 09:45:02 AM,2817.2,5,14086.0,33830633.2
2025-08-01 09:45:03 AM,2817.2,20,56344.0,33886977.2
2025-08-01 09:45:03 AM,2816.2,23,64772.6,33951749.800000004
2025-08-01 09:45:04 AM,2816.0,0,0.0,33951749.800000004
2025-08-01 09:45:04 AM,2816.0,2,5632.0,33957381.800000004
2025-08-01 09:45:04 AM,2815.6,10,28156.0,33985537.800000004
2025-08-01 09:45:05 AM,2815.6,3,8446.8,33993984.6
2025-08-01 09:45:16 AM,2816.1,1,2816.1,33996800.7
2025-08-01 09:45:30 AM,2816.1,1,2816.1,33999616.800000004
2025-08-01 09:45:40 AM,2816.1,5,14080.5,34013697.300000004
2025-08-01 09:45:43 AM,2816.1,10,28161.0,34041858.300000004
2025-08-01 09:45:47 AM,2816.1,98,275977.8,34317836.1
2025-08-01 09:46:03 AM,2815.5,10,28155.0,34345991.1
2025-08-01 09:46:08 AM,2816.7,0,0.0,34345991.1
2025-08-01 09:46:08 AM,2816.7,3,8450.099999999999,34354441.2
2025-08-01 09:46:23 AM,2814.0,0,0.0,34354441.2
2025-08-01 09:46:24 AM,2814.0,626,1761564.0,36116005.2
2025-08-01 09:46:24 AM,2811.5,0,0.0,36116005.2
2025-08-01 09:46:24 AM,2811.1,132,371065.2,36487070.400000006
2025-08-01 09:46:24 AM,2810.1,0,0.0,36487070.400000006
2025-08-01 09:46:25 AM,2810.1,102,286630.2,36773700.60000001
2025-08-01 09:46:26 AM,2812.9,0,0.0,36773700.60000001
2025-08-01 09:46:27 AM,2812.9,18,50632.200000000004,36824332.80000001
2025-08-01 09:46:27 AM,2814.7,0,0.0,36824332.80000001
2025-08-01 09:46:28 AM,2814.7,500,1407350.0,38231682.80000001
2025-08-01 09:46:55 AM,2815.3,1,2815.3,38234498.10000001
2025-08-01 09:46:58 AM,2815.3,1,2815.3,38237313.400000006
2025-08-01 09:47:12 AM,2815.2,0,0.0,38237313.400000006
2025-08-01 09:47:13 AM,2815.2,1,2815.2,38240128.60000001
2025-08-01 09:47:32 AM,2812.2,2,5624.4,38245753.00000001
2025-08-01 09:47:32 AM,2811.3,0,0.0,38245753.00000001
2025-08-01 09:47:33 AM,2811.7,24,67480.79999999999,38313233.800000004
2025-08-01 09:47:35 AM,2811.9,9,25307.100000000002,38338540.900000006
2025-08-01 09:47:45 AM,2811.9,7,19683.3,38358224.2
2025-08-01 09:47:46 AM,2811.9,1,2811.9,38361036.1
2025-08-01 09:48:11 AM,2811.9,10,28119.0,38389155.1
2025-08-01 09:48:12 AM,2811.9,4,11247.6,38400402.7
2025-08-01 09:48:18 AM,2811.9,10,28119.0,38428521.7
2025-08-01 09:48:26 AM,2811.9,1,2811.9,38431333.6
2025-08-01 09:48:27 AM,2811.9,12,33742.8,38465076.4
2025-08-01 09:48:36 AM,2811.9,6,16871.4,38481947.8
2025-08-01 09:48:57 AM,2811.9,25,70297.5,38552245.3
2025-08-01 09:49:01 AM,2811.9,2,5623.8,38557869.099999994
2025-08-01 09:49:02 AM,2811.9,129,362735.10000000003,38920604.199999996
2025-08-01 09:49:04 AM,2812.2,7,19685.399999999998,38940289.599999994
2025-08-01 09:49:11 AM,2812.7,0,0.0,38940289.599999994
2025-08-01 09:49:11 AM,2812.7,67,188450.9,39128740.49999999
2025-08-01 09:49:12 AM,2812.7,18,50628.6,39179369.099999994
2025-08-01 09:49:13 AM,2815.4,0,0.0,39179369.099999994
2025-08-01 09:49:14 AM,2815.4,4,11261.6,39190630.699999996
2025-08-01 09:49:27 AM,2816.0,1,2816.0,39193446.699999996
2025-08-01 09:49:35 AM,2816.0,1,2816.0,39196262.699999996
2025-08-01 09:49:39 AM,2816.0,11,30976.0,39227238.699999996
2025-08-01 09:49:49 AM,2815.7,104,292832.8,39520071.49999999
2025-08-01 09:49:55 AM,2814.8,0,0.0,39520071.49999999
2025-08-01 09:49:56 AM,2814.8,20,56296.0,39576367.49999999
2025-08-01 09:50:18 AM,2813.9,0,0.0,39576367.49999999
2025-08-01 09:50:19 AM,2813.9,8,22511.2,39598878.699999996
2025-08-01 09:50:21 AM,2813.9,4,11255.6,39610134.3
2025-08-01 09:50:25 AM,2813.9,1,2813.9,39612948.199999996
2025-08-01 09:50:26 AM,2813.9,1,2813.9,39615762.099999994
2025-08-01 09:50:42 AM,2814.0,9,25326.0,39641088.099999994
2025-08-01 09:50:46 AM,2812.4,2,5624.8,39646712.89999999
2025-08-01 09:50:49 AM,2813.8,1,2813.8,39649526.69999999
2025-08-01 09:50:58 AM,2812.1,8,22496.8,39672023.499999985
2025-08-01 09:51:02 AM,2813.7,0,0.0,39672023.499999985
2025-08-01 09:51:03 AM,2813.7,25,70342.5,39742365.999999985
2025-08-01 09:51:07 AM,2813.2,0,0.0,39742365.999999985
2025-08-01 09:51:07 AM,2813.2,5,14066.0,39756431.999999985
2025-08-01 09:51:08 AM,2814.7,25,70367.5,39826799.499999985
2025-08-01 09:51:09 AM,2816.5,56,157724.0,39984523.499999985
2025-08-01 09:51:10 AM,2814.9,0,0.0,39984523.499999985
2025-08-01 09:51:10 AM,2814.9,6,16889.4,40001412.89999998
2025-08-01 09:51:12 AM,2816.5,8,22532.0,40023944.89999998
2025-08-01 09:51:14 AM,2816.5,25,70412.5,40094357.39999998
2025-08-01 09:51:16 AM,2816.5,2,5633.0,40099990.39999998
2025-08-01 09:51:20 AM,2816.5,47,132375.5,40232365.89999998
2025-08-01 09:51:21 AM,2817.3,0,0.0,40232365.89999998
2025-08-01 09:51:21 AM,2817.3,20,56346.0,40288711.89999998
2025-08-01 09:51:22 AM,2818.8,1,2818.8,40291530.69999998
2025-08-01 09:51:24 AM,2819.1,1,2819.1,40294349.79999998
2025-08-01 09:51:39 AM,2817.4,2,5634.8,40299984.59999998
2025-08-01 09:51:44 AM,2812.0,527,1481924.0,41781908.59999998
2025-08-01 09:51:45 AM,2810.0,382,1073420.0,42855328.59999998
2025-08-01 09:51:46 AM,2810.1,5,14050.5,42869379.09999998
2025-08-01 09:51:49 AM,2810.2,1,2810.2,42872189.29999998
2025-08-01 09:51:51 AM,2811.5,0,0.0,42872189.29999998
2025-08-01 09:51:52 AM,2811.5,5,14057.5,42886246.79999998
2025-08-01 09:51:53 AM,2814.0,0,0.0,42886246.79999998
2025-08-01 09:51:54 AM,2814.0,4,11256.0,42897502.79999998
2025-08-01 09:52:00 AM,2816.0,0,0.0,42897502.79999998
2025-08-01 09:52:01 AM,2815.0,25,70375.0,42967877.79999998
2025-08-01 09:52:05 AM,2814.8,0,0.0,42967877.79999998
2025-08-01 09:52:06 AM,2814.8,1,2814.8,42970692.59999998
2025-08-01 09:52:15 AM,2812.0,19,53428.0,43024120.59999998
2025-08-01 09:52:40 AM,2813.1,0,0.0,43024120.59999998
2025-08-01 09:52:41 AM,2813.5,0,0.0,43024120.59999998
2025-08-01 09:52:41 AM,2813.5,26,73151.0,43097271.59999998
2025-08-01 09:52:41 AM,2813.6,62,174443.19999999998,43271714.79999998
2025-08-01 09:52:46 AM,2812.4,4,11249.6,43282964.39999998
2025-08-01 09:52:47 AM,2813.2,50,140660.0,43423624.39999998
2025-08-01 09:52:50 AM,2813.9,0,0.0,43423624.39999998
2025-08-01 09:52:50 AM,2813.9,25,70347.5,43493971.89999998
2025-08-01 09:52:59 AM,2813.8,0,0.0,43493971.89999998
2025-08-01 09:53:00 AM,2813.8,5,14069.0,43508040.89999998
2025-08-01 09:53:09 AM,2814.1,14,39397.4,43547438.29999998
2025-08-01 09:53:12 AM,2814.1,1,2814.1,43550252.39999998
2025-08-01 09:53:15 AM,2812.1,4,11248.4,43561500.79999998
2025-08-01 09:53:16 AM,2812.0,19,53428.0,43614928.79999998
2025-08-01 09:53:18 AM,2812.7,0,0.0,43614928.79999998
2025-08-01 09:53:19 AM,2812.7,12,33752.399999999994,43648681.19999998
2025-08-01 09:53:19 AM,2813.5,16,45016.0,43693697.19999998
2025-08-01 09:53:23 AM,2813.5,1,2813.5,43696510.69999998
2025-08-01 09:53:43 AM,2810.1,96,269769.6,43966280.29999998
2025-08-01 09:53:45 AM,2810.2,6,16861.199999999997,43983141.499999985
2025-08-01 09:53:46 AM,2810.2,4,11240.8,43994382.29999998
2025-08-01 09:53:46 AM,2810.1,6,16860.6,44011242.89999998
2025-08-01 09:53:47 AM,2810.0,2,5620.0,44016862.89999998
2025-08-01 09:53:51 AM,2811.5,2,5623.0,44022485.89999998
2025-08-01 09:54:00 AM,2811.7,0,0.0,44022485.89999998
2025-08-01 09:54:00 AM,2811.7,30,84351.0,44106836.89999998
2025-08-01 09:54:04 AM,2811.4,0,0.0,44106836.89999998
2025-08-01 09:54:05 AM,2811.4,6,16868.4,44123705.29999998
2025-08-01 09:54:08 AM,2811.8,0,0.0,44123705.29999998
2025-08-01 09:54:09 AM,2811.8,10,28118.0,44151823.29999998
2025-08-01 09:54:14 AM,2811.8,25,70295.0,44222118.29999998
2025-08-01 09:54:17 AM,2812.1,30,84363.0,44306481.29999998
2025-08-01 09:54:23 AM,2812.1,20,56242.0,44362723.29999998
2025-08-01 09:54:34 AM,2812.1,50,140605.0,44503328.29999998
2025-08-01 09:54:37 AM,2811.9,0,0.0,44503328.29999998
2025-08-01 09:54:38 AM,2811.9,8,22495.2,44525823.499999985
2025-08-01 09:54:44 AM,2811.2,8,22489.6,44548313.09999999
2025-08-01 09:54:45 AM,2810.5,3,8431.5,44556744.59999999
2025-08-01 09:54:46 AM,2810.5,5,14052.5,44570797.09999999
2025-08-01 09:54:47 AM,2810.1,1,2810.1,44573607.19999999
2025-08-01 09:54:48 AM,2809.3,0,0.0,44573607.19999999
2025-08-01 09:54:49 AM,2809.3,5,14046.5,44587653.69999999
2025-08-01 09:54:49 AM,2809.2,0,0.0,44587653.69999999
2025-08-01 09:54:50 AM,2809.2,10,28092.0,44615745.69999999
2025-08-01 09:54:52 AM,2807.7,0,0.0,44615745.69999999
2025-08-01 09:54:53 AM,2807.7,199,558732.2999999999,45174477.999999985
2025-08-01 09:54:59 AM,2809.5,5,14047.5,45188525.499999985
2025-08-01 09:55:04 AM,2809.5,1,2809.5,45191334.999999985
2025-08-01 09:55:10 AM,2809.8,0,0.0,45191334.999999985
2025-08-01 09:55:10 AM,2809.8,25,70245.0,45261579.999999985
2025-08-01 09:55:13 AM,2809.0,0,0.0,45261579.999999985
2025-08-01 09:55:14 AM,2809.0,2,5618.0,45267197.999999985
2025-08-01 09:55:15 AM,2807.2,12,33686.399999999994,45300884.39999998
2025-08-01 09:55:16 AM,2807.2,9,25264.8,45326149.19999998
2025-08-01 09:55:19 AM,2809.2,5,14046.0,45340195.19999998
2025-08-01 09:55:26 AM,2806.5,209,586558.5,45926753.69999998
2025-08-01 09:55:26 AM,2806.8,0,0.0,45926753.69999998
2025-08-01 09:55:27 AM,2806.8,30,84204.0,46010957.69999998
2025-08-01 09:55:30 AM,2807.3,113,317224.9,46328182.59999998
2025-08-01 09:55:31 AM,2806.0,0,0.0,46328182.59999998
2025-08-01 09:55:31 AM,2806.0,42,117852.0,46446034.59999998
2025-08-01 09:55:33 AM,2806.0,390,1094340.0,47540374.59999998
2025-08-01 09:55:34 AM,2806.8,10,28068.0,47568442.59999998
2025-08-01 09:55:42 AM,2806.7,9,25260.3,47593702.899999976
2025-08-01 09:55:42 AM,2806.7,3,8420.099999999999,47602122.99999998
2025-08-01 09:55:44 AM,2805.6,5,14028.0,47616150.99999998
2025-08-01 09:55:45 AM,2805.7,5,14028.5,47630179.49999998
2025-08-01 09:55:46 AM,2805.5,11,30860.5,47661039.99999998
2025-08-01 09:55:49 AM,2808.7,96,269635.19999999995,47930675.19999998
2025-08-01 09:55:52 AM,2809.0,0,0.0,47930675.19999998
2025-08-01 09:55:52 AM,2809.0,7,19663.0,47950338.19999998
2025-08-01 09:56:03 AM,2808.7,0,0.0,47950338.19999998
2025-08-01 09:56:03 AM,2808.7,1,2808.7,47953146.89999998
2025-08-01 09:56:04 AM,2809.0,0,0.0,47953146.89999998
2025-08-01 09:56:04 AM,2809.0,5,14045.0,47967191.89999998
2025-08-01 09:56:06 AM,2809.5,0,0.0,47967191.89999998
2025-08-01 09:56:06 AM,2809.5,9,25285.5,47992477.39999998
2025-08-01 09:56:15 AM,2809.5,18,50571.0,48043048.39999998
2025-08-01 09:56:23 AM,2809.8,1,2809.8,48045858.19999998
2025-08-01 09:56:29 AM,2809.5,5,14047.5,48059905.69999998
2025-08-01 09:56:37 AM,2809.5,22,61809.0,48121714.69999998
2025-08-01 09:56:38 AM,2809.2,4,11236.8,48132951.49999998
2025-08-01 09:56:43 AM,2807.3,0,0.0,48132951.49999998
2025-08-01 09:56:43 AM,2807.0,17,47719.0,48180670.49999998
2025-08-01 09:56:45 AM,2807.5,0,0.0,48180670.49999998
2025-08-01 09:56:45 AM,2808.2,0,0.0,48180670.49999998
2025-08-01 09:56:45 AM,2808.2,45,126368.99999999999,48307039.49999998
2025-08-01 09:56:47 AM,2808.0,0,0.0,48307039.49999998
2025-08-01 09:56:47 AM,2808.0,10,28080.0,48335119.49999998
2025-08-01 09:56:59 AM,2807.3,0,0.0,48335119.49999998
2025-08-01 09:56:59 AM,2807.3,6,16843.800000000003,48351963.299999975
2025-08-01 09:57:07 AM,2807.3,2,5614.6,48357577.899999976
2025-08-01 09:57:08 AM,2807.3,5,14036.5,48371614.399999976
2025-08-01 09:57:09 AM,2807.3,5,14036.5,48385650.899999976
2025-08-01 09:57:13 AM,2807.8,0,0.0,48385650.899999976
2025-08-01 09:57:13 AM,2807.8,5,14039.0,48399689.899999976
2025-08-01 09:57:14 AM,2807.8,2,5615.6,48405305.49999998
2025-08-01 09:57:14 AM,2807.8,9,25270.2,48430575.69999998
2025-08-01 09:57:15 AM,2807.8,4,11231.2,48441806.89999998
2025-08-01 09:57:16 AM,2808.1,45,126364.5,48568171.39999998
2025-08-01 09:57:32 AM,2807.3,0,0.0,48568171.39999998
2025-08-01 09:57:32 AM,2807.3,4,11229.2,48579400.59999999
2025-08-01 09:57:37 AM,2807.8,0,0.0,48579400.59999999
2025-08-01 09:57:37 AM,2807.8,1,2807.8,48582208.39999998
2025-08-01 09:57:46 AM,2806.6,0,0.0,48582208.39999998
2025-08-01 09:57:46 AM,2806.6,18,50518.799999999996,48632727.19999998
2025-08-01 09:57:47 AM,2807.8,1,2807.8,48635534.99999998
2025-08-01 09:57:49 AM,2803.5,0,0.0,48635534.99999998
2025-08-01 09:57:49 AM,2803.5,210,588735.0,49224269.99999998
2025-08-01 09:57:49 AM,2806.0,3,8418.0,49232687.99999998
2025-08-01 09:57:57 AM,2806.2,10,28062.0,49260749.99999998
2025-08-01 09:57:58 AM,2806.1,1,2806.1,49263556.09999998
2025-08-01 09:57:59 AM,2806.6,0,0.0,49263556.09999998
2025-08-01 09:57:59 AM,2806.6,100,280660.0,49544216.09999998
2025-08-01 09:58:02 AM,2806.3,0,0.0,49544216.09999998
2025-08-01 09:58:02 AM,2806.3,4,11225.2,49555441.29999998
2025-08-01 09:58:14 AM,2806.1,0,0.0,49555441.29999998
2025-08-01 09:58:14 AM,2806.1,8,22448.8,49577890.09999998
2025-08-01 09:58:17 AM,2803.0,27,75681.0,49653571.09999998
2025-08-01 09:58:21 AM,2802.0,35,98070.0,49751641.09999998
2025-08-01 09:58:25 AM,2803.1,0,0.0,49751641.09999998
2025-08-01 09:58:25 AM,2803.7,20,56074.0,49807715.09999998
2025-08-01 09:58:26 AM,2803.7,2,5607.4,49813322.49999998
2025-08-01 09:58:30 AM,2803.9,2,5607.8,49818930.299999975
2025-08-01 09:58:34 AM,2804.8,25,70120.0,49889050.299999975
2025-08-01 09:58:34 AM,2804.9,2,5609.8,49894660.09999997
2025-08-01 09:58:39 AM,2804.9,1,2804.9,49897464.99999997
2025-08-01 09:58:45 AM,2804.1,4,11216.4,49908681.39999997
2025-08-01 09:58:46 AM,2803.7,13,36448.1,49945129.49999997
2025-08-01 09:58:48 AM,2802.6,1,2802.6,49947932.09999997
2025-08-01 09:58:51 AM,2804.4,0,0.0,49947932.09999997
2025-08-01 09:58:51 AM,2804.4,1,2804.4,49950736.49999997
2025-08-01 09:58:54 AM,2804.6,25,70115.0,50020851.49999997
2025-08-01 09:58:55 AM,2805.9,0,0.0,50020851.49999997
2025-08-01 09:58:55 AM,2805.9,305,855799.5,50876650.99999997
2025-08-01 09:58:57 AM,2805.5,1,2805.5,50879456.49999997
2025-08-01 09:59:07 AM,2805.6,0,0.0,50879456.49999997
2025-08-01 09:59:07 AM,2805.6,15,42084.0,50921540.49999997
2025-08-01 09:59:11 AM,2805.5,0,0.0,50921540.49999997
2025-08-01 09:59:11 AM,2805.5,1,2805.5,50924345.99999997
2025-08-01 09:59:15 AM,2804.0,18,50472.0,50974817.99999997
2025-08-01 09:59:17 AM,2805.1,7,19635.7,50994453.69999997
2025-08-01 09:59:19 AM,2802.9,0,0.0,50994453.69999997
2025-08-01 09:59:19 AM,2802.9,200,560580.0,51555033.69999997
2025-08-01 09:59:26 AM,2805.0,10,28050.0,51583083.69999997
2025-08-01 09:59:30 AM,2803.6,18,50464.799999999996,51633548.49999997
2025-08-01 09:59:45 AM,2802.9,10,28029.0,51661577.49999997
2025-08-01 10:00:03 AM,2802.5,0,0.0,51661577.49999997
2025-08-01 10:00:03 AM,2802.5,7,19617.5,51681194.99999997
2025-08-01 10:00:11 AM,2802.9,0,0.0,51681194.99999997
2025-08-01 10:00:11 AM,2802.9,15,42043.5,51723238.49999997
2025-08-01 10:00:15 AM,2802.3,5,14011.5,51737249.99999997
2025-08-01 10:00:36 AM,2802.2,16,44835.2,51782085.19999997
2025-08-01 10:00:38 AM,2802.3,1,2802.3,51784887.49999997
2025-08-01 10:00:40 AM,2802.3,1,2802.3,51787689.79999997
2025-08-01 10:00:41 AM,2802.2,22,61648.399999999994,51849338.199999966
2025-08-01 10:00:46 AM,2802.2,1,2802.2,51852140.39999997
2025-08-01 10:00:47 AM,2802.2,5,14011.0,51866151.39999997
2025-08-01 10:00:50 AM,2802.2,5,14011.0,51880162.39999997
2025-08-01 10:00:51 AM,2802.2,9,25219.8,51905382.199999966
2025-08-01 10:00:59 AM,2802.5,0,0.0,51905382.199999966
2025-08-01 10:00:59 AM,2802.5,162,454005.0,52359387.199999966
2025-08-01 10:01:08 AM,2804.0,130,364520.0,52723907.199999966
2025-08-01 10:01:09 AM,2804.8,0,0.0,52723907.199999966
2025-08-01 10:01:11 AM,2804.8,1,2804.8,52726711.99999996
2025-08-01 10:01:17 AM,2804.2,18,50475.6,52777187.599999964
2025-08-01 10:01:19 AM,2804.8,0,0.0,52777187.599999964
2025-08-01 10:01:20 AM,2804.8,1,2804.8,52779992.39999996
2025-08-01 10:01:27 AM,2804.8,1,2804.8,52782797.19999996
2025-08-01 10:01:28 AM,2803.3,0,0.0,52782797.19999996
2025-08-01 10:01:29 AM,2803.3,162,454134.60000000003,53236931.79999996
2025-08-01 10:01:31 AM,2804.8,0,0.0,53236931.79999996
2025-08-01 10:01:33 AM,2804.8,10,28048.0,53264979.79999996
2025-08-01 10:01:41 AM,2804.8,2,5609.6,53270589.39999996
2025-08-01 10:01:45 AM,2805.1,14,39271.4,53309860.79999996
2025-08-01 10:01:47 AM,2805.0,4,11220.0,53321080.79999996
2025-08-01 10:01:55 AM,2806.7,0,0.0,53321080.79999996
2025-08-01 10:01:58 AM,2806.7,1,2806.7,53323887.49999996
2025-08-01 10:01:59 AM,2807.5,17,47727.5,53371614.99999996
2025-08-01 10:02:06 AM,2807.7,0,0.0,53371614.99999996
2025-08-01 10:02:06 AM,2807.7,20,56154.0,53427768.99999996
2025-08-01 10:02:08 AM,2807.7,1,2807.7,53430576.699999966
2025-08-01 10:02:16 AM,2806.4,0,0.0,53430576.699999966
2025-08-01 10:02:16 AM,2806.4,3,8419.2,53438995.89999997
2025-08-01 10:02:18 AM,2805.5,0,0.0,53438995.89999997
2025-08-01 10:02:18 AM,2805.7,20,56114.0,53495109.89999997
2025-08-01 10:02:19 AM,2805.7,4,11222.8,53506332.699999966
2025-08-01 10:02:21 AM,2806.1,25,70152.5,53576485.199999966
2025-08-01 10:02:23 AM,2806.8,4,11227.2,53587712.39999997
2025-08-01 10:02:30 AM,2807.5,2,5615.0,53593327.39999997
2025-08-01 10:02:39 AM,2807.5,1,2807.5,53596134.89999997
2025-08-01 10:02:40 AM,2807.4,15,42111.0,53638245.89999997
2025-08-01 10:02:44 AM,2805.7,3,8417.099999999999,53646662.99999997
2025-08-01 10:02:45 AM,2805.6,15,42084.0,53688746.99999997
2025-08-01 10:02:56 AM,2807.3,2,5614.6,53694361.59999997
2025-08-01 10:03:05 AM,2807.3,25,70182.5,53764544.09999997
2025-08-01 10:03:16 AM,2805.8,0,0.0,53764544.09999997
2025-08-01 10:03:16 AM,2805.8,2,5611.6,53770155.69999997
2025-08-01 10:03:17 AM,2805.6,0,0.0,53770155.69999997
2025-08-01 10:03:17 AM,2805.6,2,5611.2,53775766.899999976
2025-08-01 10:03:18 AM,2805.1,0,0.0,53775766.899999976
2025-08-01 10:03:18 AM,2805.1,15,42076.5,53817843.399999976
2025-08-01 10:03:20 AM,2807.7,0,0.0,53817843.399999976
2025-08-01 10:03:20 AM,2807.7,1,2807.7,53820651.09999998
2025-08-01 10:03:29 AM,2807.8,7,19654.600000000002,53840305.69999998
2025-08-01 10:03:30 AM,2807.8,8,22462.4,53862768.09999998
2025-08-01 10:03:35 AM,2808.2,0,0.0,53862768.09999998
2025-08-01 10:03:35 AM,2808.2,16,44931.2,53907699.29999998
2025-08-01 10:03:41 AM,2808.0,0,0.0,53907699.29999998
2025-08-01 10:03:41 AM,2808.0,1,2808.0,53910507.29999998
2025-08-01 10:03:44 AM,2806.8,4,11227.2,53921734.499999985
2025-08-01 10:03:45 AM,2806.7,2,5613.4,53927347.89999998
2025-08-01 10:03:47 AM,2806.4,6,16838.4,53944186.29999998
2025-08-01 10:03:49 AM,2805.8,0,0.0,53944186.29999998
2025-08-01 10:03:49 AM,2805.8,6,16834.800000000003,53961021.09999998
2025-08-01 10:03:57 AM,2805.8,25,70145.0,54031166.09999998
2025-08-01 10:04:00 AM,2806.9,0,0.0,54031166.09999998
2025-08-01 10:04:01 AM,2806.9,1,2806.9,54033972.99999998
2025-08-01 10:04:02 AM,2806.9,2,5613.8,54039586.799999975
2025-08-01 10:04:15 AM,2805.8,11,30863.800000000003,54070450.59999997
2025-08-01 10:04:16 AM,2805.0,7,19635.0,54090085.59999997
2025-08-01 10:04:18 AM,2805.8,5,14029.0,54104114.59999997
2025-08-01 10:04:22 AM,2806.1,1,2806.1,54106920.69999997
2025-08-01 10:04:23 AM,2806.1,7,19642.7,54126563.399999976
2025-08-01 10:04:32 AM,2805.0,30,84150.0,54210713.399999976
2025-08-01 10:04:39 AM,2806.0,0,0.0,54210713.399999976
2025-08-01 10:04:39 AM,2806.0,1,2806.0,54213519.399999976
2025-08-01 10:04:42 AM,2806.4,0,0.0,54213519.399999976
2025-08-01 10:04:42 AM,2806.4,22,61740.8,54275260.19999997
2025-08-01 10:04:45 AM,2805.1,1,2805.1,54278065.299999975
2025-08-01 10:04:46 AM,2805.0,2,5610.0,54283675.299999975
2025-08-01 10:04:47 AM,2804.1,16,44865.6,54328540.899999976
2025-08-01 10:04:51 AM,2805.5,0,0.0,54328540.899999976
2025-08-01 10:04:51 AM,2805.5,1,2805.5,54331346.399999976
2025-08-01 10:04:55 AM,2805.4,0,0.0,54331346.399999976
2025-08-01 10:04:55 AM,2805.4,25,70135.0,54401481.399999976
2025-08-01 10:04:55 AM,2805.3,5,14026.5,54415507.899999976
2025-08-01 10:04:57 AM,2805.3,1,2805.3,54418313.19999997
2025-08-01 10:05:01 AM,2805.3,1,2805.3,54421118.49999997
2025-08-01 10:05:11 AM,2805.3,2,5610.6,54426729.09999997
2025-08-01 10:05:14 AM,2802.0,78,218556.0,54645285.09999997
2025-08-01 10:05:15 AM,2802.2,2,5604.4,54650889.49999997
2025-08-01 10:05:20 AM,2802.5,0,0.0,54650889.49999997
2025-08-01 10:05:20 AM,2802.5,4,11210.0,54662099.49999997
2025-08-01 10:05:26 AM,2803.3,157,440118.10000000003,55102217.59999997
2025-08-01 10:05:27 AM,2804.1,4,11216.4,55113433.99999997
2025-08-01 10:05:40 AM,2804.9,7,19634.3,55133068.29999997
2025-08-01 10:05:40 AM,2804.9,2,5609.8,55138678.099999964
2025-08-01 10:05:43 AM,2804.0,0,0.0,55138678.099999964
2025-08-01 10:05:46 AM,2802.5,0,0.0,55138678.099999964
2025-08-01 10:05:46 AM,2802.5,19,53247.5,55191925.599999964
2025-08-01 10:05:48 AM,2804.1,0,0.0,55191925.599999964
2025-08-01 10:05:48 AM,2804.1,1,2804.1,55194729.699999966
2025-08-01 10:06:00 AM,2804.1,4,11216.4,55205946.099999964
2025-08-01 10:06:15 AM,2802.5,11,30827.5,55236773.599999964
2025-08-01 10:06:17 AM,2803.6,10,28036.0,55264809.599999964
2025-08-01 10:06:26 AM,2804.0,0,0.0,55264809.599999964
2025-08-01 10:06:26 AM,2804.0,20,56080.0,55320889.599999964
2025-08-01 10:06:28 AM,2804.1,0,0.0,55320889.599999964
2025-08-01 10:06:28 AM,2804.1,5,14020.5,55334910.099999964
2025-08-01 10:06:30 AM,2802.5,45,126112.5,55461022.599999964
2025-08-01 10:06:44 AM,2802.0,0,0.0,55461022.599999964
2025-08-01 10:06:44 AM,2802.0,68,190536.0,55651558.599999964
2025-08-01 10:06:46 AM,2802.5,0,0.0,55651558.599999964
2025-08-01 10:06:46 AM,2802.5,6,16815.0,55668373.599999964
2025-08-01 10:06:53 AM,2802.5,1,2802.5,55671176.099999964
2025-08-01 10:06:55 AM,2802.5,10,28025.0,55699201.099999964
2025-08-01 10:06:56 AM,2802.5,5,14012.5,55713213.599999964
2025-08-01 10:07:01 AM,2802.5,1,2802.5,55716016.099999964
2025-08-01 10:07:03 AM,2802.5,1,2802.5,55718818.599999964
2025-08-01 10:07:07 AM,2800.9,350,980315.0,56699133.599999964
2025-08-01 10:07:14 AM,2802.5,1,2802.5,56701936.099999964
2025-08-01 10:07:16 AM,2802.5,1,2802.5,56704738.599999964
2025-08-01 10:07:18 AM,2802.5,10,28025.0,56732763.599999964
2025-08-01 10:07:23 AM,2802.5,9,25222.5,56757986.099999964
2025-08-01 10:07:24 AM,2802.5,2,5605.0,56763591.099999964
2025-08-01 10:07:28 AM,2801.6,0,0.0,56763591.099999964
2025-08-01 10:07:28 AM,2801.6,1,2801.6,56766392.699999966
2025-08-01 10:07:37 AM,2801.4,10,28014.0,56794406.699999966
2025-08-01 10:07:37 AM,2801.5,0,0.0,56794406.699999966
2025-08-01 10:07:37 AM,2801.5,3,8404.5,56802811.199999966
2025-08-01 10:07:38 AM,2802.5,0,0.0,56802811.199999966
2025-08-01 10:07:38 AM,2802.5,3,8407.5,56811218.699999966
2025-08-01 10:07:46 AM,2801.2,0,0.0,56811218.699999966
2025-08-01 10:07:46 AM,2801.4,30,84042.0,56895260.699999966
2025-08-01 10:07:46 AM,2801.4,10,28014.0,56923274.699999966
2025-08-01 10:07:47 AM,2802.5,1,2802.5,56926077.199999966
2025-08-01 10:07:48 AM,2801.2,0,0.0,56926077.199999966
2025-08-01 10:07:48 AM,2801.3,40,112052.0,57038129.199999966
2025-08-01 10:07:49 AM,2802.5,7,19617.5,57057746.699999966
2025-08-01 10:07:50 AM,2801.3,0,0.0,57057746.699999966
2025-08-01 10:07:50 AM,2801.3,30,84039.0,57141785.699999966
2025-08-01 10:07:50 AM,2801.3,10,28013.0,57169798.699999966
2025-08-01 10:07:52 AM,2801.1,10,28011.0,57197809.699999966
2025-08-01 10:07:53 AM,2801.0,0,0.0,57197809.699999966
2025-08-01 10:07:53 AM,2801.0,30,84030.0,57281839.699999966
2025-08-01 10:07:54 AM,2801.0,10,28010.0,57309849.699999966
2025-08-01 10:07:55 AM,2800.9,0,0.0,57309849.699999966
2025-08-01 10:07:55 AM,2800.9,30,84027.0,57393876.699999966
2025-08-01 10:07:56 AM,2800.9,10,28009.0,57421885.699999966
2025-08-01 10:07:57 AM,2800.9,30,84027.0,57505912.699999966
2025-08-01 10:07:58 AM,2800.8,0,0.0,57505912.699999966
2025-08-01 10:07:58 AM,2800.7,20,56014.0,57561926.699999966
2025-08-01 10:07:59 AM,2800.8,0,0.0,57561926.699999966
2025-08-01 10:07:59 AM,2800.8,20,56016.0,57617942.699999966
2025-08-01 10:08:01 AM,2801.0,0,0.0,57617942.699999966
2025-08-01 10:08:01 AM,2800.9,30,84027.0,57701969.699999966
2025-08-01 10:08:02 AM,2800.8,0,0.0,57701969.699999966
2025-08-01 10:08:02 AM,2802.2,15,42033.0,57744002.699999966
2025-08-01 10:08:04 AM,2800.7,0,0.0,57744002.699999966
2025-08-01 10:08:04 AM,2800.7,3,8402.099999999999,57752404.79999997
2025-08-01 10:08:05 AM,2800.3,50,140015.0,57892419.79999997
2025-08-01 10:08:12 AM,2804.0,433,1214132.0,59106551.79999997
2025-08-01 10:08:14 AM,2804.2,0,0.0,59106551.79999997
2025-08-01 10:08:14 AM,2804.2,19,53279.799999999996,59159831.599999964
2025-08-01 10:08:14 AM,2804.8,0,0.0,59159831.599999964
2025-08-01 10:08:14 AM,2804.8,10,28048.0,59187879.599999964
2025-08-01 10:08:18 AM,2804.8,20,56096.0,59243975.599999964
2025-08-01 10:08:19 AM,2807.9,0,0.0,59243975.599999964
2025-08-01 10:08:19 AM,2807.9,167,468919.3,59712894.89999996
2025-08-01 10:08:28 AM,2808.2,0,0.0,59712894.89999996
2025-08-01 10:08:28 AM,2808.2,35,98287.0,59811181.89999996
2025-08-01 10:08:32 AM,2808.2,63,176916.59999999998,59988098.49999996
2025-08-01 10:08:33 AM,2810.0,5,14050.0,60002148.49999996
2025-08-01 10:08:36 AM,2810.8,4,11243.2,60013391.699999966
2025-08-01 10:08:39 AM,2809.9,0,0.0,60013391.699999966
2025-08-01 10:08:39 AM,2809.9,20,56198.0,60069589.699999966
2025-08-01 10:08:41 AM,2810.3,2,5620.6,60075210.29999997
2025-08-01 10:08:42 AM,2808.0,0,0.0,60075210.29999997
2025-08-01 10:08:42 AM,2808.0,35,98280.0,60173490.29999997
2025-08-01 10:08:45 AM,2808.1,0,0.0,60173490.29999997
2025-08-01 10:08:45 AM,2808.1,7,19656.7,60193146.99999997
2025-08-01 10:08:46 AM,2808.0,0,0.0,60193146.99999997
2025-08-01 10:08:46 AM,2808.0,11,30888.0,60224034.99999997
2025-08-01 10:08:52 AM,2810.0,100,281000.0,60505034.99999997
2025-08-01 10:08:54 AM,2810.0,10,28100.0,60533134.99999997
2025-08-01 10:09:05 AM,2807.8,12,33693.600000000006,60566828.59999997
2025-08-01 10:09:05 AM,2807.3,2,5614.6,60572443.19999997
2025-08-01 10:09:13 AM,2805.6,0,0.0,60572443.19999997
2025-08-01 10:09:13 AM,2805.6,2,5611.2,60578054.399999976
2025-08-01 10:09:15 AM,2805.7,0,0.0,60578054.399999976
2025-08-01 10:09:15 AM,2805.7,5,14028.5,60592082.899999976
2025-08-01 10:09:16 AM,2805.6,0,0.0,60592082.899999976
2025-08-01 10:09:16 AM,2805.6,13,36472.799999999996,60628555.69999997
2025-08-01 10:09:32 AM,2806.2,0,0.0,60628555.69999997
2025-08-01 10:09:32 AM,2806.2,1,2806.2,60631361.899999976
2025-08-01 10:09:33 AM,2806.2,5,14031.0,60645392.899999976
2025-08-01 10:09:45 AM,2805.1,0,0.0,60645392.899999976
2025-08-01 10:09:45 AM,2805.1,2,5610.2,60651003.09999998
2025-08-01 10:09:46 AM,2805.0,0,0.0,60651003.09999998
2025-08-01 10:09:46 AM,2805.0,17,47685.0,60698688.09999998
2025-08-01 10:09:47 AM,2805.0,68,190740.0,60889428.09999998
2025-08-01 10:09:48 AM,2804.8,40,112192.0,61001620.09999998
2025-08-01 10:09:49 AM,2804.4,5,14022.0,61015642.09999998
2025-08-01 10:10:02 AM,2804.0,5,14020.0,61029662.09999998
2025-08-01 10:10:15 AM,2803.1,0,0.0,61029662.09999998
2025-08-01 10:10:15 AM,2803.1,10,28031.0,61057693.09999998
2025-08-01 10:10:16 AM,2803.0,0,0.0,61057693.09999998
2025-08-01 10:10:16 AM,2803.0,5,14015.0,61071708.09999998
2025-08-01 10:10:21 AM,2801.3,0,0.0,61071708.09999998
2025-08-01 10:10:21 AM,2801.3,2,5602.6,61077310.69999998
2025-08-01 10:10:27 AM,2802.5,5,14012.5,61091323.19999998
2025-08-01 10:10:30 AM,2801.4,1,2801.4,61094124.59999998
2025-08-01 10:10:34 AM,2802.5,0,0.0,61094124.59999998
2025-08-01 10:10:34 AM,2802.5,10,28025.0,61122149.59999998
2025-08-01 10:10:45 AM,2801.2,33,92439.59999999999,61214589.19999998
2025-08-01 10:10:46 AM,2802.4,0,0.0,61214589.19999998
2025-08-01 10:10:46 AM,2802.4,50,140120.0,61354709.19999998
2025-08-01 10:10:54 AM,2802.4,1,2802.4,61357511.59999998
2025-08-01 10:10:56 AM,2800.2,513,1436502.5999999999,62794014.19999998
2025-08-01 10:10:58 AM,2802.8,4,11211.2,62805225.39999998
2025-08-01 10:10:59 AM,2802.8,5,14014.0,62819239.39999998
2025-08-01 10:11:12 AM,2803.9,0,0.0,62819239.39999998
2025-08-01 10:11:13 AM,2803.9,35,98136.5,62917375.89999998
2025-08-01 10:11:15 AM,2803.4,0,0.0,62917375.89999998
2025-08-01 10:11:19 AM,2803.4,18,50461.200000000004,62967837.09999999
2025-08-01 10:11:24 AM,2804.3,0,0.0,62967837.09999999
2025-08-01 10:11:24 AM,2804.3,12,33651.600000000006,63001488.69999999
2025-08-01 10:11:37 AM,2804.5,4,11218.0,63012706.69999999
2025-08-01 10:11:41 AM,2805.3,21,58911.3,63071617.999999985
2025-08-01 10:11:45 AM,2804.7,0,0.0,63071617.999999985
2025-08-01 10:11:47 AM,2804.7,19,53289.299999999996,63124907.29999998
2025-08-01 10:11:55 AM,2806.0,20,56120.0,63181027.29999998
2025-08-01 10:12:01 AM,2806.0,1,2806.0,63183833.29999998
2025-08-01 10:12:14 AM,2805.2,6,16831.199999999997,63200664.499999985
2025-08-01 10:12:15 AM,2805.1,1,2805.1,63203469.59999999
2025-08-01 10:12:16 AM,2805.0,12,33660.0,63237129.59999999
2025-08-01 10:12:18 AM,2806.0,25,70150.0,63307279.59999999
2025-08-01 10:12:33 AM,2807.4,0,0.0,63307279.59999999
2025-08-01 10:12:33 AM,2807.9,117,328524.3,63635803.89999998
2025-08-01 10:12:44 AM,2807.9,42,117931.8,63753735.69999998
2025-08-01 10:12:45 AM,2806.4,18,50515.200000000004,63804250.89999998
2025-08-01 10:13:05 AM,2806.1,1,2806.1,63807056.999999985
2025-08-01 10:13:15 AM,2806.4,0,0.0,63807056.999999985
2025-08-01 10:13:15 AM,2806.4,5,14032.0,63821088.999999985
2025-08-01 10:13:17 AM,2806.2,0,0.0,63821088.999999985
2025-08-01 10:13:17 AM,2806.2,19,53317.799999999996,63874406.79999998
2025-08-01 10:13:19 AM,2806.9,0,0.0,63874406.79999998
2025-08-01 10:13:19 AM,2806.9,1,2806.9,63877213.69999998
2025-08-01 10:13:21 AM,2806.9,4,11227.6,63888441.29999998
2025-08-01 10:13:27 AM,2806.9,3,8420.7,63896861.999999985
2025-08-01 10:13:30 AM,2806.9,4,11227.6,63908089.59999999
2025-08-01 10:13:36 AM,2807.7,2,5615.4,63913704.999999985
2025-08-01 10:13:40 AM,2807.7,1,2807.7,63916512.69999999
2025-08-01 10:13:45 AM,2807.0,0,0.0,63916512.69999999
2025-08-01 10:13:45 AM,2806.9,19,53331.1,63969843.79999999
2025-08-01 10:13:46 AM,2808.0,76,213408.0,64183251.79999999
2025-08-01 10:13:48 AM,2808.0,2,5616.0,64188867.79999999
2025-08-01 10:13:51 AM,2808.3,14,39316.200000000004,64228183.99999999
2025-08-01 10:13:56 AM,2808.3,2,5616.6,64233800.599999994
2025-08-01 10:13:59 AM,2809.1,0,0.0,64233800.599999994
2025-08-01 10:13:59 AM,2809.9,0,0.0,64233800.599999994
2025-08-01 10:13:59 AM,2809.9,10,28099.0,64261899.599999994
2025-08-01 10:14:00 AM,2810.7,1,2810.7,64264710.3
2025-08-01 10:14:08 AM,2810.5,1,2810.5,64267520.8
2025-08-01 10:14:09 AM,2809.8,3,8429.400000000001,64275950.199999996
2025-08-01 10:14:15 AM,2808.2,0,0.0,64275950.199999996
2025-08-01 10:14:15 AM,2808.2,6,16849.199999999997,64292799.4
2025-08-01 10:14:16 AM,2808.1,0,0.0,64292799.4
2025-08-01 10:14:16 AM,2808.1,12,33697.2,64326496.6
2025-08-01 10:14:16 AM,2808.8,10,28088.0,64354584.6
2025-08-01 10:14:17 AM,2808.1,0,0.0,64354584.6
2025-08-01 10:14:17 AM,2808.1,1,2808.1,64357392.7
2025-08-01 10:14:23 AM,2809.1,0,0.0,64357392.7
2025-08-01 10:14:23 AM,2809.1,5,14045.5,64371438.2
2025-08-01 10:14:34 AM,2809.2,1,2809.2,64374247.400000006
2025-08-01 10:14:42 AM,2808.0,43,120744.0,64494991.400000006
2025-08-01 10:14:43 AM,2808.0,1,2808.0,64497799.400000006
2025-08-01 10:14:44 AM,2807.8,0,0.0,64497799.400000006
2025-08-01 10:14:44 AM,2807.8,1,2807.8,64500607.2
2025-08-01 10:14:46 AM,2807.3,0,0.0,64500607.2
2025-08-01 10:14:46 AM,2807.3,18,50531.4,64551138.6
2025-08-01 10:14:51 AM,2808.6,2,5617.2,64556755.800000004
2025-08-01 10:14:59 AM,2808.6,3,8425.8,64565181.6
2025-08-01 10:15:01 AM,2808.6,2,5617.2,64570798.800000004
2025-08-01 10:15:09 AM,2808.6,7,19660.2,64590459.00000001
2025-08-01 10:15:12 AM,2809.2,12,33710.399999999994,64624169.400000006
2025-08-01 10:15:13 AM,2808.6,0,0.0,64624169.400000006
2025-08-01 10:15:13 AM,2808.6,82,230305.19999999998,64854474.60000001
2025-08-01 10:15:13 AM,2808.6,37,103918.2,64958392.80000001
2025-08-01 10:15:15 AM,2808.0,10,28080.0,64986472.80000001
2025-08-01 10:15:16 AM,2808.0,1,2808.0,64989280.80000001
2025-08-01 10:15:16 AM,2807.1,3,8421.3,64997702.10000001
2025-08-01 10:15:43 AM,2807.6,2,5615.2,65003317.30000001
2025-08-01 10:15:45 AM,2807.2,0,0.0,65003317.30000001
2025-08-01 10:15:45 AM,2807.2,17,47722.399999999994,65051039.70000001
2025-08-01 10:16:14 AM,2807.0,0,0.0,65051039.70000001
2025-08-01 10:16:14 AM,2807.0,34,95438.0,65146477.70000001
2025-08-01 10:16:15 AM,2806.1,4,11224.4,65157702.10000001
2025-08-01 10:16:16 AM,2806.0,0,0.0,65157702.10000001
2025-08-01 10:16:16 AM,2806.0,6,16836.0,65174538.10000001
2025-08-01 10:16:16 AM,2805.9,2,5611.8,65180149.900000006
2025-08-01 10:16:17 AM,2805.2,0,0.0,65180149.900000006
2025-08-01 10:16:17 AM,2805.2,218,611533.6,65791683.50000001
2025-08-01 10:16:21 AM,2806.0,1,2806.0,65794489.50000001
2025-08-01 10:16:24 AM,2805.2,11,30857.199999999997,65825346.70000001
2025-08-01 10:16:28 AM,2805.2,30,84156.0,65909502.70000001
2025-08-01 10:16:37 AM,2806.0,3,8418.0,65917920.70000001
2025-08-01 10:16:40 AM,2805.2,0,0.0,65917920.70000001
2025-08-01 10:16:40 AM,2805.2,9,25246.8,65943167.50000001
2025-08-01 10:16:41 AM,2805.2,10,28052.0,65971219.50000001
2025-08-01 10:16:43 AM,2805.0,795,2229975.0,68201194.5
2025-08-01 10:16:43 AM,2804.7,5,14023.5,68215218.0
2025-08-01 10:16:45 AM,2803.2,0,0.0,68215218.0
2025-08-01 10:16:45 AM,2803.2,18,50457.6,68265675.6
2025-08-01 10:16:49 AM,2804.6,0,0.0,68265675.6
2025-08-01 10:16:49 AM,2804.6,7,19632.2,68285307.8
2025-08-01 10:16:57 AM,2804.6,1,2804.6,68288112.39999999
2025-08-01 10:17:00 AM,2804.4,0,0.0,68288112.39999999
2025-08-01 10:17:00 AM,2804.4,1,2804.4,68290916.8
2025-08-01 10:17:08 AM,2804.4,1,2804.4,68293721.2
2025-08-01 10:17:13 AM,2802.5,126,353115.0,68646836.2
2025-08-01 10:17:29 AM,2802.4,0,0.0,68646836.2
2025-08-01 10:17:31 AM,2802.4,1,2802.4,68649638.60000001
2025-08-01 10:17:36 AM,2802.5,0,0.0,68649638.60000001
2025-08-01 10:17:37 AM,2803.2,233,653145.6,69302784.2
2025-08-01 10:17:45 AM,2803.9,0,0.0,69302784.2
2025-08-01 10:17:47 AM,2804.6,0,0.0,69302784.2
2025-08-01 10:17:49 AM,2804.6,38,106574.8,69409359.0
2025-08-01 10:17:53 AM,2805.1,0,0.0,69409359.0
2025-08-01 10:17:54 AM,2805.1,8,22440.8,69431799.8
2025-08-01 10:18:04 AM,2805.5,97,272133.5,69703933.3
2025-08-01 10:18:07 AM,2805.9,4,11223.6,69715156.89999999
2025-08-01 10:18:11 AM,2805.5,0,0.0,69715156.89999999
2025-08-01 10:18:11 AM,2805.5,87,244078.5,69959235.39999999
2025-08-01 10:18:13 AM,2804.6,0,0.0,69959235.39999999
2025-08-01 10:18:13 AM,2804.6,100,280460.0,70239695.39999999
2025-08-01 10:18:16 AM,2803.2,0,0.0,70239695.39999999
2025-08-01 10:18:16 AM,2803.2,1,2803.2,70242498.6
2025-08-01 10:18:17 AM,2802.6,0,0.0,70242498.6
2025-08-01 10:18:17 AM,2802.6,20,56052.0,70298550.6
2025-08-01 10:18:45 AM,2803.3,0,0.0,70298550.6
2025-08-01 10:18:45 AM,2803.3,18,50459.4,70349010.0
2025-08-01 10:18:51 AM,2805.0,0,0.0,70349010.0
2025-08-01 10:18:51 AM,2805.0,5,14025.0,70363035.0
2025-08-01 10:18:57 AM,2804.7,0,0.0,70363035.0
2025-08-01 10:18:57 AM,2804.7,1,2804.7,70365839.7
2025-08-01 10:19:00 AM,2805.0,2,5610.0,70371449.7
2025-08-01 10:19:05 AM,2805.4,0,0.0,70371449.7
2025-08-01 10:19:05 AM,2805.9,340,954006.0,71325455.7
2025-08-01 10:19:08 AM,2808.8,211,592656.8,71918112.5
2025-08-01 10:19:14 AM,2806.4,11,30870.4,71948982.9
2025-08-01 10:19:15 AM,2806.1,7,19642.7,71968625.60000001
2025-08-01 10:19:16 AM,2808.1,17,47737.7,72016363.30000001
2025-08-01 10:19:17 AM,2805.9,40,112236.0,72128599.30000001
2025-08-01 10:19:29 AM,2807.4,13,36496.200000000004,72165095.50000001
2025-08-01 10:19:39 AM,2807.3,5,14036.5,72179132.00000001
2025-08-01 10:19:44 AM,2808.9,0,0.0,72179132.00000001
2025-08-01 10:19:44 AM,2808.9,118,331450.2,72510582.20000002
2025-08-01 10:19:47 AM,2809.7,0,0.0,72510582.20000002
2025-08-01 10:19:47 AM,2809.7,20,56194.0,72566776.20000002
2025-08-01 10:19:50 AM,2810.0,1,2810.0,72569586.20000002
2025-08-01 10:19:52 AM,2812.2,0,0.0,72569586.20000002
2025-08-01 10:19:52 AM,2812.2,101,284032.19999999995,72853618.40000002
2025-08-01 10:19:55 AM,2811.6,3,8434.8,72862053.20000002
2025-08-01 10:19:58 AM,2811.4,4,11245.6,72873298.80000001
2025-08-01 10:20:08 AM,2811.4,2,5622.8,72878921.60000001
2025-08-01 10:20:14 AM,2810.7,2,5621.4,72884543.00000001
2025-08-01 10:20:15 AM,2810.6,0,0.0,72884543.00000001
2025-08-01 10:20:15 AM,2810.6,88,247332.8,73131875.80000001
2025-08-01 10:20:15 AM,2809.4,16,44950.4,73176826.20000002
2025-08-01 10:20:27 AM,2811.1,3,8433.3,73185259.50000001
2025-08-01 10:20:45 AM,2810.0,190,533900.0,73719159.50000001
2025-08-01 10:20:54 AM,2810.0,1,2810.0,73721969.50000001
2025-08-01 10:20:54 AM,2810.1,4,11240.4,73733209.90000002
2025-08-01 10:20:56 AM,2809.9,0,0.0,73733209.90000002
2025-08-01 10:20:56 AM,2809.9,2,5619.8,73738829.70000002
2025-08-01 10:21:00 AM,2807.8,1,2807.8,73741637.50000001
2025-08-01 10:21:07 AM,2809.4,0,0.0,73741637.50000001
2025-08-01 10:21:07 AM,2809.4,1,2809.4,73744446.90000002
2025-08-01 10:21:08 AM,2807.9,0,0.0,73744446.90000002
2025-08-01 10:21:08 AM,2807.9,2,5615.8,73750062.70000002
2025-08-01 10:21:15 AM,2808.8,10,28088.0,73778150.70000002
2025-08-01 10:21:16 AM,2808.8,8,22470.4,73800621.10000002
2025-08-01 10:21:44 AM,2809.0,0,0.0,73800621.10000002
2025-08-01 10:21:44 AM,2809.0,14,39326.0,73839947.10000002
2025-08-01 10:21:45 AM,2807.9,0,0.0,73839947.10000002
2025-08-01 10:21:45 AM,2807.9,6,16847.4,73856794.50000003
2025-08-01 10:21:46 AM,2807.8,0,0.0,73856794.50000003
2025-08-01 10:21:46 AM,2807.8,15,42117.0,73898911.50000003
2025-08-01 10:22:04 AM,2808.4,0,0.0,73898911.50000003
2025-08-01 10:22:04 AM,2808.4,5,14042.0,73912953.50000003
2025-08-01 10:22:09 AM,2808.4,2,5616.8,73918570.30000003
2025-08-01 10:22:15 AM,2807.8,2,5615.6,73924185.90000002
2025-08-01 10:22:17 AM,2807.1,17,47720.7,73971906.60000002
2025-08-01 10:22:22 AM,2808.7,106,297722.19999999995,74269628.80000003
2025-08-01 10:22:25 AM,2809.9,0,0.0,74269628.80000003
2025-08-01 10:22:25 AM,2809.9,2,5619.8,74275248.60000002
2025-08-01 10:22:30 AM,2809.1,3,8427.3,74283675.90000002
2025-08-01 10:22:31 AM,2809.7,0,0.0,74283675.90000002
2025-08-01 10:22:31 AM,2809.7,1,2809.7,74286485.60000002
2025-08-01 10:22:35 AM,2809.8,0,0.0,74286485.60000002
2025-08-01 10:22:35 AM,2809.8,1,2809.8,74289295.40000002
2025-08-01 10:22:41 AM,2808.1,0,0.0,74289295.40000002
2025-08-01 10:22:41 AM,2808.1,4,11232.4,74300527.80000003
2025-08-01 10:22:46 AM,2807.8,0,0.0,74300527.80000003
2025-08-01 10:22:46 AM,2807.8,15,42117.0,74342644.80000003
2025-08-01 10:22:46 AM,2807.0,3,8421.0,74351065.80000003
2025-08-01 10:22:52 AM,2808.5,139,390381.5,74741447.30000003
2025-08-01 10:23:14 AM,2807.9,0,0.0,74741447.30000003
2025-08-01 10:23:14 AM,2807.9,4,11231.6,74752678.90000002
2025-08-01 10:23:16 AM,2807.0,15,42105.0,74794783.90000002
2025-08-01 10:23:18 AM,2807.7,5,14038.5,74808822.40000002
2025-08-01 10:23:39 AM,2807.4,5,14037.0,74822859.40000002
2025-08-01 10:23:45 AM,2806.1,0,0.0,74822859.40000002
2025-08-01 10:23:45 AM,2806.1,18,50509.799999999996,74873369.20000002
2025-08-01 10:23:46 AM,2806.1,12,33673.2,74907042.40000002
2025-08-01 10:23:54 AM,2807.8,0,0.0,74907042.40000002
2025-08-01 10:23:54 AM,2807.8,1,2807.8,74909850.20000002
2025-08-01 10:24:13 AM,2807.7,1,2807.7,74912657.90000002
2025-08-01 10:24:15 AM,2807.7,28,78615.59999999999,74991273.50000001
2025-08-01 10:24:19 AM,2807.6,1,2807.6,74994081.10000001
2025-08-01 10:24:36 AM,2807.5,0,0.0,74994081.10000001
2025-08-01 10:24:36 AM,2807.5,1,2807.5,74996888.60000001
2025-08-01 10:24:41 AM,2807.6,0,0.0,74996888.60000001
2025-08-01 10:24:41 AM,2807.6,1,2807.6,74999696.2
2025-08-01 10:24:45 AM,2806.2,2,5612.4,75005308.60000001
2025-08-01 10:24:47 AM,2806.0,17,47702.0,75053010.60000001
2025-08-01 10:24:59 AM,2806.0,31,86986.0,75139996.60000001
2025-08-01 10:25:10 AM,2806.2,0,0.0,75139996.60000001
2025-08-01 10:25:10 AM,2806.2,2,5612.4,75145609.00000001
2025-08-01 10:25:13 AM,2806.2,1,2806.2,75148415.20000002
2025-08-01 10:25:16 AM,2806.0,0,0.0,75148415.20000002
2025-08-01 10:25:16 AM,2806.0,1,2806.0,75151221.20000002
2025-08-01 10:25:17 AM,2805.6,0,0.0,75151221.20000002
2025-08-01 10:25:17 AM,2805.6,17,47695.2,75198916.40000002
2025-08-01 10:25:22 AM,2806.0,63,176778.0,75375694.40000002
2025-08-01 10:25:24 AM,2806.7,3,8420.099999999999,75384114.50000001
2025-08-01 10:25:34 AM,2805.6,10,28056.0,75412170.50000001
2025-08-01 10:25:42 AM,2806.8,2,5613.6,75417784.10000001
2025-08-01 10:25:46 AM,2805.7,3,8417.099999999999,75426201.2
2025-08-01 10:25:46 AM,2805.7,16,44891.2,75471092.4
2025-08-01 10:25:47 AM,2806.8,1,2806.8,75473899.2
2025-08-01 10:26:02 AM,2806.8,9,25261.2,75499160.4
2025-08-01 10:26:04 AM,2807.4,1,2807.4,75501967.80000001
2025-08-01 10:26:09 AM,2807.4,1,2807.4,75504775.20000002
2025-08-01 10:26:16 AM,2806.8,0,0.0,75504775.20000002
2025-08-01 10:26:16 AM,2806.8,18,50522.4,75555297.60000002
2025-08-01 10:26:18 AM,2807.4,1,2807.4,75558105.00000003
2025-08-01 10:26:24 AM,2807.6,269,755244.4,76313349.40000004
2025-08-01 10:26:28 AM,2810.0,4,11240.0,76324589.40000004
2025-08-01 10:26:30 AM,2808.5,0,0.0,76324589.40000004
2025-08-01 10:26:30 AM,2808.5,12,33702.0,76358291.40000004
2025-08-01 10:26:31 AM,2807.8,0,0.0,76358291.40000004
2025-08-01 10:26:31 AM,2807.8,200,561560.0,76919851.40000004
2025-08-01 10:26:45 AM,2809.1,2,5618.2,76925469.60000004
2025-08-01 10:26:45 AM,2809.1,16,44945.6,76970415.20000003
2025-08-01 10:27:16 AM,2808.5,0,0.0,76970415.20000003
2025-08-01 10:27:16 AM,2808.5,19,53361.5,77023776.70000003
2025-08-01 10:27:45 AM,2808.5,18,50553.0,77074329.70000003
2025-08-01 10:27:56 AM,2809.5,1,2809.5,77077139.20000003
2025-08-01 10:27:58 AM,2809.5,162,455139.0,77532278.20000003
2025-08-01 10:28:14 AM,2811.9,0,0.0,77532278.20000003
2025-08-01 10:28:14 AM,2811.9,500,1405950.0,78938228.20000003
2025-08-01 10:28:18 AM,2811.4,0,0.0,78938228.20000003
2025-08-01 10:28:18 AM,2811.4,3,8434.2,78946662.40000004
2025-08-01 10:28:27 AM,2811.2,10,28112.0,78974774.40000004
2025-08-01 10:28:29 AM,2811.1,0,0.0,78974774.40000004
2025-08-01 10:28:29 AM,2811.1,25,70277.5,79045051.90000004
2025-08-01 10:28:37 AM,2810.6,1,2810.6,79047862.50000003
2025-08-01 10:28:38 AM,2809.6,0,0.0,79047862.50000003
2025-08-01 10:28:38 AM,2809.6,1,2809.6,79050672.10000002
2025-08-01 10:28:45 AM,2809.5,0,0.0,79050672.10000002
2025-08-01 10:28:45 AM,2809.5,2,5619.0,79056291.10000002
2025-08-01 10:28:46 AM,2808.5,0,0.0,79056291.10000002
2025-08-01 10:28:46 AM,2808.5,28,78638.0,79134929.10000002
2025-08-01 10:28:48 AM,2808.7,1,2808.7,79137737.80000003
2025-08-01 10:28:49 AM,2806.8,0,0.0,79137737.80000003
2025-08-01 10:28:49 AM,2806.8,199,558553.2000000001,79696291.00000003
2025-08-01 10:29:05 AM,2810.6,0,0.0,79696291.00000003
2025-08-01 10:29:05 AM,2810.6,2,5621.2,79701912.20000003
2025-08-01 10:29:15 AM,2809.8,19,53386.200000000004,79755298.40000004
2025-08-01 10:29:22 AM,2811.2,0,0.0,79755298.40000004
2025-08-01 10:29:22 AM,2811.2,100,281120.0,80036418.40000004
2025-08-01 10:29:44 AM,2810.9,0,0.0,80036418.40000004
2025-08-01 10:29:44 AM,2810.9,1,2810.9,80039229.30000004
2025-08-01 10:29:51 AM,2810.8,10,28108.0,80067337.30000004
2025-08-01 10:30:03 AM,2810.8,1,2810.8,80070148.10000004
2025-08-01 10:30:11 AM,2810.8,88,247350.40000000002,80317498.50000004
2025-08-01 10:30:27 AM,2811.2,3,8433.599999999999,80325932.10000004
2025-08-01 10:30:40 AM,2811.0,4,11244.0,80337176.10000004
2025-08-01 10:30:51 AM,2811.0,2,5622.0,80342798.10000004
2025-08-01 10:30:54 AM,2811.1,2,5622.2,80348420.30000004
2025-08-01 10:30:56 AM,2811.0,1,2811.0,80351231.30000004
2025-08-01 10:30:58 AM,2811.1,1,2811.1,80354042.40000004
2025-08-01 10:31:12 AM,2810.9,10,28109.0,80382151.40000004
2025-08-01 10:31:22 AM,2811.1,0,0.0,80382151.40000004
2025-08-01 10:31:22 AM,2811.1,326,916418.6,81298570.00000003
2025-08-01 10:31:43 AM,2813.0,251,706063.0,82004633.00000003
2025-08-01 10:31:44 AM,2813.8,20,56276.0,82060909.00000003
2025-08-01 10:31:46 AM,2815.0,12,33780.0,82094689.00000003
2025-08-01 10:31:47 AM,2813.7,131,368594.69999999995,82463283.70000003
2025-08-01 10:31:55 AM,2815.0,0,0.0,82463283.70000003
2025-08-01 10:31:56 AM,2815.0,2,5630.0,82468913.70000003
2025-08-01 10:31:58 AM,2816.5,0,0.0,82468913.70000003
2025-08-01 10:31:58 AM,2816.5,115,323897.5,82792811.20000003
2025-08-01 10:32:01 AM,2813.9,0,0.0,82792811.20000003
2025-08-01 10:32:01 AM,2813.9,88,247623.2,83040434.40000004
2025-08-01 10:32:11 AM,2813.8,16,45020.8,83085455.20000003
2025-08-01 10:32:13 AM,2815.0,20,56300.0,83141755.20000003
2025-08-01 10:32:16 AM,2815.4,1,2815.4,83144570.60000004
2025-08-01 10:32:22 AM,2815.0,0,0.0,83144570.60000004
2025-08-01 10:32:22 AM,2813.0,300,843900.0,83988470.60000004
2025-08-01 10:32:24 AM,2815.2,0,0.0,83988470.60000004
2025-08-01 10:32:24 AM,2815.2,7,19706.399999999998,84008177.00000004
2025-08-01 10:32:35 AM,2815.4,0,0.0,84008177.00000004
2025-08-01 10:32:35 AM,2815.4,3,8446.2,84016623.20000005
2025-08-01 10:32:59 AM,2811.3,0,0.0,84016623.20000005
2025-08-01 10:32:59 AM,2811.3,450,1265085.0,85281708.20000005
2025-08-01 10:33:01 AM,2815.2,10,28152.0,85309860.20000005
2025-08-01 10:33:04 AM,2812.9,2,5625.8,85315486.00000004
2025-08-01 10:33:47 AM,2815.3,6,16891.800000000003,85332377.80000004
2025-08-01 10:34:02 AM,2815.3,2,5630.6,85338008.40000004
2025-08-01 10:34:15 AM,2814.4,0,0.0,85338008.40000004
2025-08-01 10:34:15 AM,2814.4,5,14072.0,85352080.40000004
2025-08-01 10:34:31 AM,2814.4,5,14072.0,85366152.40000004
2025-08-01 10:34:56 AM,2814.5,10,28145.0,85394297.40000004
2025-08-01 10:35:00 AM,2814.4,28,78803.2,85473100.60000004
2025-08-01 10:35:01 AM,2815.3,0,0.0,85473100.60000004
2025-08-01 10:35:01 AM,2815.3,4,11261.2,85484361.80000004
2025-08-01 10:35:14 AM,2815.3,1,2815.3,85487177.10000004
2025-08-01 10:35:39 AM,2815.3,24,67567.20000000001,85554744.30000004
2025-08-01 10:35:41 AM,2815.5,0,0.0,85554744.30000004
2025-08-01 10:35:41 AM,2815.8,0,0.0,85554744.30000004
2025-08-01 10:35:41 AM,2815.8,135,380133.0,85934877.30000004
2025-08-01 10:35:47 AM,2815.9,0,0.0,85934877.30000004
2025-08-01 10:35:47 AM,2815.9,6,16895.4,85951772.70000005
2025-08-01 10:36:02 AM,2815.3,0,0.0,85951772.70000005
2025-08-01 10:36:02 AM,2815.3,20,56306.0,86008078.70000005
2025-08-01 10:36:29 AM,2815.4,0,0.0,86008078.70000005
2025-08-01 10:36:29 AM,2815.4,25,70385.0,86078463.70000005
2025-08-01 10:36:42 AM,2816.0,94,264704.0,86343167.70000005
2025-08-01 10:36:58 AM,2816.0,1,2816.0,86345983.70000005
2025-08-01 10:37:10 AM,2816.0,1,2816.0,86348799.70000005
2025-08-01 10:37:13 AM,2816.0,110,309760.0,86658559.70000005
2025-08-01 10:37:13 AM,2816.0,10,28160.0,86686719.70000005
2025-08-01 10:37:38 AM,2816.0,1,2816.0,86689535.70000005
2025-08-01 10:37:41 AM,2816.0,50,140800.0,86830335.70000005
2025-08-01 10:37:42 AM,2816.0,2,5632.0,86835967.70000005
2025-08-01 10:37:55 AM,2816.0,1,2816.0,86838783.70000005
2025-08-01 10:38:00 AM,2816.0,1,2816.0,86841599.70000005
2025-08-01 10:38:08 AM,2816.6,0,0.0,86841599.70000005
2025-08-01 10:38:09 AM,2816.6,125,352075.0,87193674.70000005
2025-08-01 10:38:12 AM,2816.0,1,2816.0,87196490.70000005
2025-08-01 10:38:21 AM,2815.0,283,796645.0,87993135.70000005
2025-08-01 10:38:30 AM,2814.2,0,0.0,87993135.70000005
2025-08-01 10:38:30 AM,2814.2,30,84426.0,88077561.70000005
2025-08-01 10:38:33 AM,2812.7,0,0.0,88077561.70000005
2025-08-01 10:38:34 AM,2812.7,1,2812.7,88080374.40000005
2025-08-01 10:38:36 AM,2812.0,0,0.0,88080374.40000005
2025-08-01 10:38:36 AM,2812.0,10,28120.0,88108494.40000005
2025-08-01 10:38:45 AM,2813.1,0,0.0,88108494.40000005
2025-08-01 10:38:45 AM,2813.1,4,11252.4,88119746.80000006
2025-08-01 10:38:49 AM,2812.9,0,0.0,88119746.80000006
2025-08-01 10:38:50 AM,2811.4,10,28114.0,88147860.80000006
2025-08-01 10:39:09 AM,2812.7,10,28127.0,88175987.80000006
2025-08-01 10:39:10 AM,2812.7,109,306584.3,88482572.10000005
2025-08-01 10:39:13 AM,2812.9,0,0.0,88482572.10000005
2025-08-01 10:39:13 AM,2812.9,4,11251.6,88493823.70000005
2025-08-01 10:40:06 AM,2811.5,20,56230.0,88550053.70000005
2025-08-01 10:40:12 AM,2812.9,0,0.0,88550053.70000005
2025-08-01 10:40:12 AM,2812.9,1,2812.9,88552866.60000005
2025-08-01 10:40:18 AM,2812.9,2,5625.8,88558492.40000005
2025-08-01 10:40:25 AM,2814.2,0,0.0,88558492.40000005
2025-08-01 10:40:25 AM,2814.2,200,562840.0,89121332.40000005
2025-08-01 10:40:26 AM,2811.5,0,0.0,89121332.40000005
2025-08-01 10:40:26 AM,2811.5,1,2811.5,89124143.90000005
2025-08-01 10:40:28 AM,2812.8,9,25315.2,89149459.10000005
2025-08-01 10:40:30 AM,2812.9,0,0.0,89149459.10000005
2025-08-01 10:40:30 AM,2812.9,1,2812.9,89152272.00000006
2025-08-01 10:41:14 AM,2812.7,0,0.0,89152272.00000006
2025-08-01 10:41:14 AM,2812.7,1,2812.7,89155084.70000006
2025-08-01 10:41:15 AM,2812.7,1,2812.7,89157897.40000007
2025-08-01 10:41:16 AM,2812.6,0,0.0,89157897.40000007
2025-08-01 10:41:16 AM,2812.6,1,2812.6,89160710.00000006
2025-08-01 10:41:18 AM,2807.4,0,0.0,89160710.00000006
2025-08-01 10:41:18 AM,2807.4,273,766420.2000000001,89927130.20000006
2025-08-01 10:41:21 AM,2812.0,192,539904.0,90467034.20000006
2025-08-01 10:41:22 AM,2814.8,0,0.0,90467034.20000006
2025-08-01 10:41:22 AM,2814.8,89,250517.2,90717551.40000007
2025-08-01 10:41:23 AM,2816.7,349,983028.2999999999,91700579.70000006
2025-08-01 10:41:23 AM,2818.9,0,0.0,91700579.70000006
2025-08-01 10:41:23 AM,2818.9,95,267795.5,91968375.20000006
2025-08-01 10:41:25 AM,2820.0,0,0.0,91968375.20000006
2025-08-01 10:41:25 AM,2820.0,103,290460.0,92258835.20000006
2025-08-01 10:41:26 AM,2821.0,0,0.0,92258835.20000006
2025-08-01 10:41:26 AM,2821.0,29,81809.0,92340644.20000006
2025-08-01 10:41:33 AM,2822.6,54,152420.4,92493064.60000007
2025-08-01 10:41:39 AM,2823.9,8,22591.2,92515655.80000007
2025-08-01 10:41:39 AM,2821.9,0,0.0,92515655.80000007
2025-08-01 10:41:39 AM,2821.9,4,11287.6,92526943.40000007
2025-08-01 10:41:40 AM,2821.4,0,0.0,92526943.40000007
2025-08-01 10:41:40 AM,2821.4,2,5642.8,92532586.20000006
2025-08-01 10:41:41 AM,2819.7,0,0.0,92532586.20000006
2025-08-01 10:41:41 AM,2819.7,104,293248.8,92825835.00000006
2025-08-01 10:41:56 AM,2821.0,7,19747.0,92845582.00000006
2025-08-01 10:42:07 AM,2820.2,10,28202.0,92873784.00000006
2025-08-01 10:42:12 AM,2820.0,504,1421280.0,94295064.00000006
2025-08-01 10:42:35 AM,2819.9,0,0.0,94295064.00000006
2025-08-01 10:42:35 AM,2819.9,1,2819.9,94297883.90000007
2025-08-01 10:42:38 AM,2820.0,31,87420.0,94385303.90000007
2025-08-01 10:42:42 AM,2822.3,0,0.0,94385303.90000007
2025-08-01 10:42:42 AM,2822.3,1574,4442300.2,98827604.10000007
2025-08-01 10:42:42 AM,2823.3,0,0.0,98827604.10000007
2025-08-01 10:42:42 AM,2823.3,167,471491.10000000003,99299095.20000006
2025-08-01 10:42:44 AM,2824.5,0,0.0,99299095.20000006
2025-08-01 10:42:44 AM,2824.5,102,288099.0,99587194.20000006
2025-08-01 10:42:48 AM,2823.0,2,5646.0,99592840.20000006
2025-08-01 10:42:51 AM,2821.6,7,19751.2,99612591.40000007
2025-08-01 10:43:07 AM,2821.7,0,0.0,99612591.40000007
2025-08-01 10:43:07 AM,2821.7,1,2821.7,99615413.10000007
2025-08-01 10:43:14 AM,2821.7,8,22573.6,99637986.70000006
2025-08-01 10:43:21 AM,2821.5,65,183397.5,99821384.20000006
2025-08-01 10:43:33 AM,2819.7,0,0.0,99821384.20000006
2025-08-01 10:43:33 AM,2819.7,5,14098.5,99835482.70000006
2025-08-01 10:43:51 AM,2819.5,2,5639.0,99841121.70000006
2025-08-01 10:43:52 AM,2821.3,0,0.0,99841121.70000006
2025-08-01 10:43:52 AM,2821.3,32,90281.6,99931403.30000006
2025-08-01 10:43:55 AM,2819.5,0,0.0,99931403.30000006
2025-08-01 10:43:55 AM,2819.5,2,5639.0,99937042.30000006
2025-08-01 10:44:04 AM,2819.5,12,33834.0,99970876.30000006
2025-08-01 10:44:26 AM,2818.6,0,0.0,99970876.30000006
2025-08-01 10:44:29 AM,2818.6,1,2818.6,99973694.90000005
2025-08-01 10:44:44 AM,2816.9,0,0.0,99973694.90000005
2025-08-01 10:44:45 AM,2816.9,3,8450.7,99982145.60000005
2025-08-01 10:44:57 AM,2815.0,0,0.0,99982145.60000005
2025-08-01 10:44:58 AM,2815.0,315,886725.0,100868870.60000005
2025-08-01 10:45:00 AM,2816.1,9,25344.899999999998,100894215.50000006
2025-08-01 10:45:06 AM,2816.1,3,8448.3,100902663.80000006
2025-08-01 10:45:37 AM,2816.0,110,309760.0,101212423.80000006
2025-08-01 10:45:41 AM,2816.0,68,191488.0,101403911.80000006
2025-08-01 10:45:50 AM,2811.9,2031,5710968.9,107114880.70000006
2025-08-01 10:45:50 AM,2814.3,3,8442.900000000001,107123323.60000007
2025-08-01 10:45:52 AM,2814.8,0,0.0,107123323.60000007
2025-08-01 10:45:52 AM,2814.8,4,11259.2,107134582.80000007
2025-08-01 10:46:09 AM,2812.4,0,0.0,107134582.80000007
2025-08-01 10:46:09 AM,2812.4,38,106871.2,107241454.00000007
2025-08-01 10:46:31 AM,2813.0,0,0.0,107241454.00000007
2025-08-01 10:46:31 AM,2813.0,2,5626.0,107247080.00000007
2025-08-01 10:46:33 AM,2813.0,1,2813.0,107249893.00000007
2025-08-01 10:46:36 AM,2811.8,18,50612.4,107300505.40000008
2025-08-01 10:46:36 AM,2811.8,7,19682.600000000002,107320188.00000007
2025-08-01 10:46:38 AM,2811.6,0,0.0,107320188.00000007
2025-08-01 10:46:38 AM,2811.6,10,28116.0,107348304.00000007
2025-08-01 10:46:40 AM,2810.9,0,0.0,107348304.00000007
2025-08-01 10:46:40 AM,2810.9,15,42163.5,107390467.50000007
2025-08-01 10:46:59 AM,2810.1,0,0.0,107390467.50000007
2025-08-01 10:46:59 AM,2810.1,25,70252.5,107460720.00000007
2025-08-01 10:47:03 AM,2809.0,9,25281.0,107486001.00000007
2025-08-01 10:47:06 AM,2809.6,0,0.0,107486001.00000007
2025-08-01 10:47:06 AM,2809.6,5,14048.0,107500049.00000007
2025-08-01 10:47:10 AM,2808.1,0,0.0,107500049.00000007
2025-08-01 10:47:10 AM,2808.1,2,5616.2,107505665.20000008
2025-08-01 10:47:17 AM,2808.9,10,28089.0,107533754.20000008
2025-08-01 10:47:25 AM,2809.2,1,2809.2,107536563.40000008
2025-08-01 10:47:27 AM,2808.0,0,0.0,107536563.40000008
2025-08-01 10:47:27 AM,2808.0,3,8424.0,107544987.40000008
2025-08-01 10:47:36 AM,2809.2,28,78657.59999999999,107623645.00000007
2025-08-01 10:47:47 AM,2811.7,3,8435.099999999999,107632080.10000007
2025-08-01 10:47:48 AM,2811.7,7,19681.899999999998,107651762.00000007
2025-08-01 10:47:50 AM,2811.5,0,0.0,107651762.00000007
2025-08-01 10:47:50 AM,2811.5,2,5623.0,107657385.00000007
2025-08-01 10:48:00 AM,2811.7,2,5623.4,107663008.40000008
2025-08-01 10:48:43 AM,2811.9,0,0.0,107663008.40000008
2025-08-01 10:48:43 AM,2811.9,100,281190.0,107944198.40000008
2025-08-01 10:48:49 AM,2810.0,2,5620.0,107949818.40000008
2025-08-01 10:48:52 AM,2810.1,0,0.0,107949818.40000008
2025-08-01 10:48:52 AM,2810.1,4,11240.4,107961058.80000009
2025-08-01 10:49:34 AM,2810.0,0,0.0,107961058.80000009
2025-08-01 10:49:34 AM,2810.0,1,2810.0,107963868.80000009
2025-08-01 10:49:40 AM,2810.7,5,14053.5,107977922.30000009
2025-08-01 10:49:41 AM,2810.8,15,42162.0,108020084.30000009
2025-08-01 10:49:48 AM,2810.8,5,14054.0,108034138.30000009
2025-08-01 10:49:55 AM,2810.0,40,112400.0,108146538.30000009
2025-08-01 10:50:04 AM,2810.8,0,0.0,108146538.30000009
2025-08-01 10:50:04 AM,2810.8,3,8432.400000000001,108154970.70000009
2025-08-01 10:50:06 AM,2810.8,1,2810.8,108157781.50000009
2025-08-01 10:50:15 AM,2810.8,25,70270.0,108228051.50000009
2025-08-01 10:50:19 AM,2810.8,1,2810.8,108230862.30000009
2025-08-01 10:50:32 AM,2810.7,9,25296.3,108256158.60000008
2025-08-01 10:50:37 AM,2809.1,0,0.0,108256158.60000008
2025-08-01 10:50:37 AM,2809.1,2,5618.2,108261776.80000009
2025-08-01 10:50:38 AM,2806.7,0,0.0,108261776.80000009
2025-08-01 10:50:38 AM,2806.7,211,592213.7,108853990.50000009
2025-08-01 10:50:50 AM,2807.9,0,0.0,108853990.50000009
2025-08-01 10:50:50 AM,2807.9,1,2807.9,108856798.4000001
2025-08-01 10:50:52 AM,2808.1,0,0.0,108856798.4000001
2025-08-01 10:50:52 AM,2808.1,10,28081.0,108884879.4000001
2025-08-01 10:50:57 AM,2808.1,9,25272.899999999998,108910152.3000001
2025-08-01 10:50:57 AM,2808.0,20,56160.0,108966312.3000001
2025-08-01 10:51:11 AM,2808.1,0,0.0,108966312.3000001
2025-08-01 10:51:12 AM,2808.1,10,28081.0,108994393.3000001
2025-08-01 10:51:16 AM,2808.2,0,0.0,108994393.3000001
2025-08-01 10:51:17 AM,2808.2,2,5616.4,109000009.7000001
2025-08-01 10:51:39 AM,2808.2,11,30890.199999999997,109030899.90000011
2025-08-01 10:51:39 AM,2810.1,5,14050.5,109044950.40000011
2025-08-01 10:51:52 AM,2810.7,0,0.0,109044950.40000011
2025-08-01 10:51:55 AM,2810.7,1,2810.7,109047761.10000011
2025-08-01 10:52:18 AM,2808.2,119,334175.8,109381936.90000011
2025-08-01 10:52:20 AM,2808.9,0,0.0,109381936.90000011
2025-08-01 10:52:22 AM,2808.9,6,16853.4,109398790.30000012
2025-08-01 10:52:34 AM,2808.2,0,0.0,109398790.30000012
2025-08-01 10:52:38 AM,2808.2,4,11232.8,109410023.10000011
2025-08-01 10:52:39 AM,2808.2,10,28082.0,109438105.10000011
2025-08-01 10:52:43 AM,2808.2,3,8424.599999999999,109446529.7000001
2025-08-01 10:52:55 AM,2808.2,2,5616.4,109452146.10000011
2025-08-01 10:52:56 AM,2811.6,0,0.0,109452146.10000011
2025-08-01 10:52:58 AM,2811.0,0,0.0,109452146.10000011
2025-08-01 10:52:59 AM,2810.5,409,1149494.5,110601640.60000011
2025-08-01 10:53:01 AM,2811.4,10,28114.0,110629754.60000011
2025-08-01 10:53:25 AM,2810.0,9,25290.0,110655044.60000011
2025-08-01 10:54:28 AM,2811.3,9,25301.7,110680346.30000012
2025-08-01 10:54:35 AM,2811.9,0,0.0,110680346.30000012
2025-08-01 10:54:35 AM,2811.9,33,92792.7,110773139.00000012
2025-08-01 10:55:00 AM,2812.0,0,0.0,110773139.00000012
2025-08-01 10:55:00 AM,2812.0,20,56240.0,110829379.00000012
2025-08-01 10:55:23 AM,2812.0,9,25308.0,110854687.00000012
2025-08-01 10:55:30 AM,2816.4,681,1917968.4000000001,112772655.40000013
2025-08-01 10:55:31 AM,2816.4,21,59144.4,112831799.80000013
2025-08-01 10:55:35 AM,2816.3,1,2816.3,112834616.10000013
2025-08-01 10:55:39 AM,2820.6,653,1841851.8,114676467.90000013
2025-08-01 10:55:44 AM,2821.7,0,0.0,114676467.90000013
2025-08-01 10:55:45 AM,2821.7,25,70542.5,114747010.40000013
2025-08-01 10:55:49 AM,2822.9,0,0.0,114747010.40000013
2025-08-01 10:55:49 AM,2822.9,25,70572.5,114817582.90000013
2025-08-01 10:55:52 AM,2820.8,0,0.0,114817582.90000013
2025-08-01 10:55:52 AM,2820.8,8,22566.4,114840149.30000013
2025-08-01 10:55:57 AM,2817.2,0,0.0,114840149.30000013
2025-08-01 10:55:57 AM,2817.2,243,684579.6,115524728.90000013
2025-08-01 10:55:58 AM,2819.1,1,2819.1,115527548.00000012
2025-08-01 10:57:31 AM,2818.1,1,2818.1,115530366.10000011
2025-08-01 10:57:37 AM,2817.9,11,30996.9,115561363.00000012
2025-08-01 10:57:44 AM,2815.6,0,0.0,115561363.00000012
2025-08-01 10:57:44 AM,2815.6,10,28156.0,115589519.00000012
2025-08-01 10:57:57 AM,2815.0,14,39410.0,115628929.00000012
2025-08-01 10:58:02 AM,2815.0,1,2815.0,115631744.00000012
2025-08-01 10:58:44 AM,2814.7,0,0.0,115631744.00000012
2025-08-01 10:58:44 AM,2814.7,4,11258.8,115643002.80000012
2025-08-01 10:58:49 AM,2814.8,0,0.0,115643002.80000012
2025-08-01 10:58:49 AM,2814.8,8,22518.4,115665521.20000012
2025-08-01 10:58:55 AM,2813.1,0,0.0,115665521.20000012
2025-08-01 10:58:55 AM,2813.1,8,22504.8,115688026.00000012
2025-08-01 10:58:56 AM,2812.9,0,0.0,115688026.00000012
2025-08-01 10:58:56 AM,2812.3,746,2097975.8000000003,117786001.80000012
2025-08-01 10:58:57 AM,2812.7,0,0.0,117786001.80000012
2025-08-01 10:58:57 AM,2812.7,50,140635.0,117926636.80000012
2025-08-01 10:58:59 AM,2813.0,100,281300.0,118207936.80000012
2025-08-01 10:58:59 AM,2813.0,50,140650.0,118348586.80000012
2025-08-01 10:59:15 AM,2813.9,0,0.0,118348586.80000012
2025-08-01 10:59:15 AM,2813.9,440,1238116.0,119586702.80000012
2025-08-01 10:59:27 AM,2814.1,0,0.0,119586702.80000012
2025-08-01 10:59:27 AM,2814.1,9,25326.899999999998,119612029.70000012
2025-08-01 10:59:33 AM,2814.0,0,0.0,119612029.70000012
2025-08-01 10:59:33 AM,2814.0,17,47838.0,119659867.70000012
2025-08-01 10:59:36 AM,2813.9,4,11255.6,119671123.30000012
2025-08-01 10:59:37 AM,2814.0,10,28140.0,119699263.30000012
2025-08-01 10:59:44 AM,2812.3,548,1541140.4000000001,121240403.70000012
2025-08-01 10:59:52 AM,2815.0,140,394100.0,121634503.70000012
2025-08-01 10:59:53 AM,2817.2,0,0.0,121634503.70000012
2025-08-01 10:59:53 AM,2817.2,15,42258.0,121676761.70000012
2025-08-01 10:59:54 AM,2817.4,10,28174.0,121704935.70000012
2025-08-01 10:59:57 AM,2818.3,0,0.0,121704935.70000012
2025-08-01 10:59:57 AM,2818.3,4,11273.2,121716208.90000013
2025-08-01 11:00:01 AM,2817.5,0,0.0,121716208.90000013
2025-08-01 11:00:01 AM,2817.5,2,5635.0,121721843.90000013
2025-08-01 11:00:04 AM,2820.0,0,0.0,121721843.90000013
2025-08-01 11:00:04 AM,2820.0,300,846000.0,122567843.90000013
2025-08-01 11:00:07 AM,2819.5,44,124058.0,122691901.90000013
2025-08-01 11:00:21 AM,2821.4,0,0.0,122691901.90000013
2025-08-01 11:00:21 AM,2821.4,3,8464.2,122700366.10000013
2025-08-01 11:01:06 AM,2820.6,0,0.0,122700366.10000013
2025-08-01 11:01:06 AM,2820.6,18,50770.799999999996,122751136.90000013
2025-08-01 11:01:33 AM,2820.0,0,0.0,122751136.90000013
2025-08-01 11:01:33 AM,2820.0,9,25380.0,122776516.90000013
2025-08-01 11:02:23 AM,2818.8,6,16912.800000000003,122793429.70000012
2025-08-01 11:03:13 AM,2816.7,0,0.0,122793429.70000012
2025-08-01 11:03:13 AM,2816.7,4,11266.8,122804696.50000012
2025-08-01 11:03:32 AM,2817.4,136,383166.4,123187862.90000013
2025-08-01 11:03:32 AM,2818.9,0,0.0,123187862.90000013
2025-08-01 11:03:32 AM,2818.9,40,112756.0,123300618.90000013
2025-08-01 11:03:36 AM,2820.0,8,22560.0,123323178.90000013
2025-08-01 11:04:27 AM,2819.4,0,0.0,123323178.90000013
2025-08-01 11:04:28 AM,2819.4,6,16916.4,123340095.30000013
2025-08-01 11:04:42 AM,2819.4,1,2819.4,123342914.70000014
2025-08-01 11:05:21 AM,2817.4,0,0.0,123342914.70000014
2025-08-01 11:05:21 AM,2817.4,8,22539.2,123365453.90000014
2025-08-01 11:05:46 AM,2817.4,1,2817.4,123368271.30000015
2025-08-01 11:05:49 AM,2817.4,4,11269.6,123379540.90000014
2025-08-01 11:05:55 AM,2818.2,0,0.0,123379540.90000014
2025-08-01 11:05:55 AM,2818.2,25,70455.0,123449995.90000014
2025-08-01 11:05:58 AM,2819.1,0,0.0,123449995.90000014
2025-08-01 11:05:58 AM,2819.1,60,169146.0,123619141.90000014
2025-08-01 11:05:59 AM,2819.9,1,2819.9,123621961.80000015
2025-08-01 11:07:05 AM,2818.5,0,0.0,123621961.80000015
2025-08-01 11:07:06 AM,2818.5,51,143743.5,123765705.30000015
2025-08-01 11:07:58 AM,2818.1,25,70452.5,123836157.80000015
2025-08-01 11:08:43 AM,2818.0,50,140900.0,123977057.80000015
2025-08-01 11:09:05 AM,2817.3,0,0.0,123977057.80000015
2025-08-01 11:09:05 AM,2817.3,5,14086.5,123991144.30000015
2025-08-01 11:09:27 AM,2817.0,1,2817.0,123993961.30000015
2025-08-01 11:09:30 AM,2817.5,0,0.0,123993961.30000015
2025-08-01 11:09:30 AM,2817.5,3,8452.5,124002413.80000015
2025-08-01 11:09:40 AM,2816.4,0,0.0,124002413.80000015
2025-08-01 11:09:41 AM,2816.4,79,222495.6,124224909.40000014
2025-08-01 11:09:42 AM,2816.1,0,0.0,124224909.40000014
2025-08-01 11:09:43 AM,2816.7,21,59150.7,124284060.10000014
2025-08-01 11:09:44 AM,2815.5,0,0.0,124284060.10000014
2025-08-01 11:09:46 AM,2815.5,22,61941.0,124346001.10000014
2025-08-01 11:09:57 AM,2816.6,1,2816.6,124348817.70000014
2025-08-01 11:10:00 AM,2815.0,0,0.0,124348817.70000014
2025-08-01 11:10:00 AM,2815.0,63,177345.0,124526162.70000014
2025-08-01 11:10:04 AM,2816.6,0,0.0,124526162.70000014
2025-08-01 11:10:04 AM,2816.6,1,2816.6,124528979.30000013
2025-08-01 11:10:13 AM,2816.2,0,0.0,124528979.30000013
2025-08-01 11:10:13 AM,2816.2,1,2816.2,124531795.50000013
2025-08-01 11:10:28 AM,2816.2,16,45059.2,124576854.70000014
2025-08-01 11:10:31 AM,2816.2,1,2816.2,124579670.90000014
2025-08-01 11:10:40 AM,2815.1,0,0.0,124579670.90000014
2025-08-01 11:10:40 AM,2815.1,1,2815.1,124582486.00000013
2025-08-01 11:10:42 AM,2816.2,0,0.0,124582486.00000013
2025-08-01 11:10:42 AM,2816.2,1,2816.2,124585302.20000014
2025-08-01 11:10:49 AM,2816.2,1,2816.2,124588118.40000014
2025-08-01 11:10:57 AM,2816.2,2,5632.4,124593750.80000015
2025-08-01 11:11:00 AM,2818.1,84,236720.4,124830471.20000015
2025-08-01 11:11:29 AM,2817.4,0,0.0,124830471.20000015
2025-08-01 11:11:29 AM,2817.4,7,19721.8,124850193.00000015
2025-08-01 11:11:48 AM,2816.1,0,0.0,124850193.00000015
2025-08-01 11:11:48 AM,2816.1,1,2816.1,124853009.10000014
2025-08-01 11:11:51 AM,2817.2,6,16903.199999999997,124869912.30000015
2025-08-01 11:12:04 AM,2816.9,1,2816.9,124872729.20000015
2025-08-01 11:12:18 AM,2817.0,0,0.0,124872729.20000015
2025-08-01 11:12:18 AM,2817.0,1,2817.0,124875546.20000015
2025-08-01 11:12:35 AM,2816.1,8,22528.8,124898075.00000015
2025-08-01 11:12:38 AM,2816.1,8,22528.8,124920603.80000015
2025-08-01 11:12:39 AM,2816.1,12,33793.2,124954397.00000015
2025-08-01 11:12:59 AM,2815.8,22,61947.600000000006,125016344.60000014
2025-08-01 11:13:09 AM,2817.0,0,0.0,125016344.60000014
2025-08-01 11:13:09 AM,2817.0,2,5634.0,125021978.60000014
2025-08-01 11:13:27 AM,2815.5,0,0.0,125021978.60000014
2025-08-01 11:13:27 AM,2815.5,6,16893.0,125038871.60000014
2025-08-01 11:13:34 AM,2815.1,0,0.0,125038871.60000014
2025-08-01 11:13:35 AM,2815.1,17,47856.7,125086728.30000015
2025-08-01 11:13:37 AM,2815.0,4,11260.0,125097988.30000015
2025-08-01 11:13:39 AM,2817.0,100,281700.0,125379688.30000015
2025-08-01 11:13:43 AM,2816.7,0,0.0,125379688.30000015
2025-08-01 11:13:43 AM,2816.7,3,8450.099999999999,125388138.40000014
2025-08-01 11:13:50 AM,2817.0,0,0.0,125388138.40000014
2025-08-01 11:13:50 AM,2817.0,54,152118.0,125540256.40000014
2025-08-01 11:13:52 AM,2815.3,7,19707.100000000002,125559963.50000013
2025-08-01 11:13:59 AM,2816.9,0,0.0,125559963.50000013
2025-08-01 11:14:00 AM,2816.9,8,22535.2,125582498.70000014
2025-08-01 11:14:16 AM,2815.6,0,0.0,125582498.70000014
2025-08-01 11:14:17 AM,2815.6,1,2815.6,125585314.30000013
2025-08-01 11:14:45 AM,2816.7,1,2816.7,125588131.00000013
2025-08-01 11:15:26 AM,2816.7,2,5633.4,125593764.40000014
2025-08-01 11:15:49 AM,2817.0,21,59157.0,125652921.40000014
2025-08-01 11:15:53 AM,2817.0,1,2817.0,125655738.40000014
2025-08-01 11:16:11 AM,2817.0,1,2817.0,125658555.40000014
2025-08-01 11:16:17 AM,2817.0,1,2817.0,125661372.40000014
2025-08-01 11:16:59 AM,2815.3,0,0.0,125661372.40000014
2025-08-01 11:16:59 AM,2815.3,51,143580.30000000002,125804952.70000014
2025-08-01 11:17:01 AM,2817.0,2,5634.0,125810586.70000014
2025-08-01 11:17:28 AM,2815.0,0,0.0,125810586.70000014
2025-08-01 11:17:28 AM,2815.0,70,197050.0,126007636.70000014
2025-08-01 11:17:31 AM,2815.3,25,70382.5,126078019.20000014
2025-08-01 11:17:32 AM,2816.5,14,39431.0,126117450.20000014
2025-08-01 11:17:38 AM,2817.0,0,0.0,126117450.20000014
2025-08-01 11:17:38 AM,2817.0,2,5634.0,126123084.20000014
2025-08-01 11:17:57 AM,2815.7,4,11262.8,126134347.00000013
2025-08-01 11:18:01 AM,2816.6,0,0.0,126134347.00000013
2025-08-01 11:18:02 AM,2816.6,601,1692776.5999999999,127827123.60000013
2025-08-01 11:18:04 AM,2816.7,0,0.0,127827123.60000013
2025-08-01 11:18:04 AM,2816.7,7,19716.899999999998,127846840.50000013
2025-08-01 11:18:06 AM,2816.4,17,47878.8,127894719.30000013
2025-08-01 11:18:24 AM,2816.1,4,11264.4,127905983.70000014
2025-08-01 11:18:30 AM,2816.0,0,0.0,127905983.70000014
2025-08-01 11:18:30 AM,2816.0,10,28160.0,127934143.70000014
2025-08-01 11:18:32 AM,2816.4,4,11265.6,127945409.30000013
2025-08-01 11:18:36 AM,2817.0,0,0.0,127945409.30000013
2025-08-01 11:18:36 AM,2817.0,1,2817.0,127948226.30000013
2025-08-01 11:18:51 AM,2817.0,10,28170.0,127976396.30000013
2025-08-01 11:19:04 AM,2815.6,12,33787.2,128010183.50000013
2025-08-01 11:19:06 AM,2817.0,7,19719.0,128029902.50000013
2025-08-01 11:19:29 AM,2816.9,0,0.0,128029902.50000013
2025-08-01 11:19:29 AM,2816.9,2,5633.8,128035536.30000013
2025-08-01 11:20:41 AM,2816.8,0,0.0,128035536.30000013
2025-08-01 11:20:41 AM,2816.8,1,2816.8,128038353.10000013
2025-08-01 11:21:42 AM,2815.3,0,0.0,128038353.10000013
2025-08-01 11:21:42 AM,2815.3,4,11261.2,128049614.30000013
2025-08-01 11:22:12 AM,2816.6,0,0.0,128049614.30000013
2025-08-01 11:22:13 AM,2816.6,4,11266.4,128060880.70000014
2025-08-01 11:22:19 AM,2816.7,0,0.0,128060880.70000014
2025-08-01 11:22:19 AM,2816.7,25,70417.5,128131298.20000014
2025-08-01 11:22:22 AM,2816.8,2,5633.6,128136931.80000013
2025-08-01 11:22:28 AM,2816.8,1,2816.8,128139748.60000013
2025-08-01 11:22:36 AM,2818.9,0,0.0,128139748.60000013
2025-08-01 11:22:36 AM,2818.9,818,2305860.2,130445608.80000013
2025-08-01 11:22:38 AM,2821.0,0,0.0,130445608.80000013
2025-08-01 11:22:39 AM,2821.0,22,62062.0,130507670.80000013
2025-08-01 11:22:41 AM,2821.0,6,16926.0,130524596.80000013
2025-08-01 11:22:52 AM,2821.2,14,39496.799999999996,130564093.60000013
2025-08-01 11:22:56 AM,2822.0,0,0.0,130564093.60000013
2025-08-01 11:22:56 AM,2822.0,184,519248.0,131083341.60000013
2025-08-01 11:23:05 AM,2824.0,0,0.0,131083341.60000013
2025-08-01 11:23:05 AM,2824.0,200,564800.0,131648141.60000013
2025-08-01 11:23:20 AM,2823.7,1,2823.7,131650965.30000013
2025-08-01 11:23:24 AM,2823.6,0,0.0,131650965.30000013
2025-08-01 11:23:24 AM,2823.6,7,19765.2,131670730.50000013
2025-08-01 11:23:29 AM,2821.7,0,0.0,131670730.50000013
2025-08-01 11:23:29 AM,2821.7,210,592557.0,132263287.50000013
2025-08-01 11:23:35 AM,2822.4,0,0.0,132263287.50000013
2025-08-01 11:23:35 AM,2822.4,44,124185.6,132387473.10000013
2025-08-01 11:23:44 AM,2822.2,0,0.0,132387473.10000013
2025-08-01 11:23:44 AM,2822.2,10,28222.0,132415695.10000013
2025-08-01 11:23:55 AM,2821.2,1,2821.2,132418516.30000013
2025-08-01 11:24:18 AM,2821.1,0,0.0,132418516.30000013
2025-08-01 11:24:19 AM,2821.1,2,5642.2,132424158.50000013
2025-08-01 11:24:24 AM,2819.5,0,0.0,132424158.50000013
2025-08-01 11:24:24 AM,2819.5,104,293228.0,132717386.50000013
2025-08-01 11:24:27 AM,2820.9,0,0.0,132717386.50000013
2025-08-01 11:24:27 AM,2820.9,4,11283.6,132728670.10000013
2025-08-01 11:24:30 AM,2819.5,17,47931.5,132776601.60000013
2025-08-01 11:25:03 AM,2819.5,2,5639.0,132782240.60000013
2025-08-01 11:25:04 AM,2821.1,76,214403.6,132996644.20000012
2025-08-01 11:25:05 AM,2821.2,12,33854.399999999994,133030498.60000013
2025-08-01 11:25:06 AM,2821.2,10,28212.0,133058710.60000013
2025-08-01 11:25:20 AM,2822.6,3,8467.8,133067178.40000013
2025-08-01 11:25:34 AM,2822.0,3,8466.0,133075644.40000013
2025-08-01 11:25:36 AM,2820.5,10,28205.0,133103849.40000013
2025-08-01 11:25:51 AM,2822.4,5,14112.0,133117961.40000013
2025-08-01 11:26:17 AM,2821.0,16,45136.0,133163097.40000013
2025-08-01 11:26:56 AM,2820.5,3,8461.5,133171558.90000013
2025-08-01 11:27:27 AM,2819.4,0,0.0,133171558.90000013
2025-08-01 11:27:27 AM,2819.4,300,845820.0,134017378.90000013
2025-08-01 11:27:37 AM,2822.0,0,0.0,134017378.90000013
2025-08-01 11:27:38 AM,2822.0,1,2822.0,134020200.90000013
2025-08-01 11:27:42 AM,2820.9,3,8462.7,134028663.60000013
2025-08-01 11:27:42 AM,2820.7,0,0.0,134028663.60000013
2025-08-01 11:27:42 AM,2820.7,17,47951.899999999994,134076615.50000013
2025-08-01 11:28:06 AM,2819.9,5,14099.5,134090715.00000013
2025-08-01 11:28:29 AM,2816.6,45,126747.0,134217462.00000013
2025-08-01 11:30:42 AM,2817.7,2,5635.4,134223097.40000013
2025-08-01 11:31:07 AM,2818.0,0,0.0,134223097.40000013
2025-08-01 11:31:07 AM,2818.0,4,11272.0,134234369.40000013
2025-08-01 11:31:13 AM,2818.2,1,2818.2,134237187.6000001
2025-08-01 11:31:50 AM,2816.3,0,0.0,134237187.6000001
2025-08-01 11:31:50 AM,2816.3,12,33795.600000000006,134270983.2000001
2025-08-01 11:34:09 AM,2816.3,33,92937.90000000001,134363921.1000001
2025-08-01 11:34:10 AM,2817.0,0,0.0,134363921.1000001
2025-08-01 11:34:11 AM,2817.0,434,1222578.0,135586499.1000001
2025-08-01 11:34:11 AM,2817.0,17,47889.0,135634388.1000001
2025-08-01 11:34:12 AM,2816.9,0,0.0,135634388.1000001
2025-08-01 11:34:12 AM,2816.9,7,19718.3,135654106.40000013
2025-08-01 11:34:13 AM,2817.0,16,45072.0,135699178.40000013
2025-08-01 11:34:15 AM,2815.0,0,0.0,135699178.40000013
2025-08-01 11:34:15 AM,2815.0,309,869835.0,136569013.40000013
2025-08-01 11:34:16 AM,2816.2,1,2816.2,136571829.6000001
2025-08-01 11:34:16 AM,2815.2,0,0.0,136571829.6000001
2025-08-01 11:34:16 AM,2815.2,4,11260.8,136583090.40000013
2025-08-01 11:34:17 AM,2815.1,2,5630.2,136588720.6000001
2025-08-01 11:34:17 AM,2815.1,1,2815.1,136591535.7000001
2025-08-01 11:34:18 AM,2815.2,1,2815.2,136594350.9000001
2025-08-01 11:34:18 AM,2815.2,1,2815.2,136597166.10000008
2025-08-01 11:34:20 AM,2815.2,20,56304.0,136653470.10000008
2025-08-01 11:34:37 AM,2817.3,0,0.0,136653470.10000008
2025-08-01 11:34:37 AM,2817.3,22,61980.600000000006,136715450.70000008
2025-08-01 11:34:39 AM,2816.6,3,8449.8,136723900.5000001
2025-08-01 11:34:42 AM,2816.3,3,8448.900000000001,136732349.4000001
2025-08-01 11:34:55 AM,2817.9,0,0.0,136732349.4000001
2025-08-01 11:34:55 AM,2817.9,2,5635.8,136737985.2000001
2025-08-01 11:35:00 AM,2816.2,0,0.0,136737985.2000001
2025-08-01 11:35:00 AM,2816.2,1,2816.2,136740801.4000001
2025-08-01 11:35:10 AM,2814.9,211,593943.9,137334745.3000001
2025-08-01 11:35:14 AM,2815.1,4,11260.4,137346005.7000001
2025-08-01 11:35:15 AM,2815.0,0,0.0,137346005.7000001
2025-08-01 11:35:15 AM,2815.0,4,11260.0,137357265.7000001
2025-08-01 11:35:29 AM,2816.0,1,2816.0,137360081.7000001
2025-08-01 11:36:32 AM,2817.3,7,19721.100000000002,137379802.8000001
2025-08-01 11:36:36 AM,2816.9,0,0.0,137379802.8000001
2025-08-01 11:36:36 AM,2816.9,1,2816.9,137382619.7000001
2025-08-01 11:36:50 AM,2817.8,0,0.0,137382619.7000001
2025-08-01 11:36:51 AM,2817.8,7,19724.600000000002,137402344.3000001
2025-08-01 11:37:10 AM,2817.9,0,0.0,137402344.3000001
2025-08-01 11:37:11 AM,2817.9,3,8453.7,137410798.0000001
2025-08-01 11:38:36 AM,2816.1,1,2816.1,137413614.10000008
2025-08-01 11:38:55 AM,2815.4,40,112616.0,137526230.10000008
2025-08-01 11:39:01 AM,2815.3,2,5630.6,137531860.70000008
2025-08-01 11:39:12 AM,2816.9,13,36619.700000000004,137568480.40000007
2025-08-01 11:39:15 AM,2816.7,3,8450.099999999999,137576930.50000006
2025-08-01 11:39:35 AM,2815.3,16,45044.8,137621975.30000007
2025-08-01 11:39:41 AM,2815.3,1,2815.3,137624790.60000008
2025-08-01 11:39:49 AM,2816.4,20,56328.0,137681118.60000008
2025-08-01 11:39:52 AM,2815.1,0,0.0,137681118.60000008
2025-08-01 11:39:52 AM,2815.1,200,563020.0,138244138.60000008
2025-08-01 11:39:54 AM,2816.1,0,0.0,138244138.60000008
2025-08-01 11:39:54 AM,2816.1,4,11264.4,138255403.0000001
2025-08-01 11:39:56 AM,2815.2,0,0.0,138255403.0000001
2025-08-01 11:39:56 AM,2815.2,1,2815.2,138258218.20000008
2025-08-01 11:39:57 AM,2815.1,0,0.0,138258218.20000008
2025-08-01 11:39:57 AM,2815.1,5,14075.5,138272293.70000008
2025-08-01 11:40:13 AM,2815.2,1,2815.2,138275108.90000007
2025-08-01 11:40:54 AM,2815.9,1,2815.9,138277924.80000007
2025-08-01 11:40:58 AM,2816.0,10,28160.0,138306084.80000007
2025-08-01 11:41:28 AM,2815.0,0,0.0,138306084.80000007
2025-08-01 11:41:29 AM,2815.0,204,574260.0,138880344.80000007
2025-08-01 11:41:32 AM,2817.6,8,22540.8,138902885.60000008
2025-08-01 11:41:36 AM,2817.3,1,2817.3,138905702.9000001
2025-08-01 11:41:53 AM,2819.1,0,0.0,138905702.9000001
2025-08-01 11:41:53 AM,2819.1,6,16914.6,138922617.5000001
2025-08-01 11:41:55 AM,2817.1,0,0.0,138922617.5000001
2025-08-01 11:41:55 AM,2816.9,0,0.0,138922617.5000001
2025-08-01 11:41:55 AM,2816.9,60,169014.0,139091631.5000001
2025-08-01 11:42:00 AM,2816.5,0,0.0,139091631.5000001
2025-08-01 11:42:01 AM,2816.5,2,5633.0,139097264.5000001
2025-08-01 11:42:25 AM,2818.8,0,0.0,139097264.5000001
2025-08-01 11:42:26 AM,2818.8,6,16912.800000000003,139114177.3000001
2025-08-01 11:42:31 AM,2816.8,0,0.0,139114177.3000001
2025-08-01 11:42:31 AM,2816.8,1,2816.8,139116994.1000001
2025-08-01 11:43:10 AM,2818.0,3,8454.0,139125448.1000001
2025-08-01 11:43:45 AM,2818.0,4,11272.0,139136720.1000001
2025-08-01 11:44:58 AM,2815.0,250,703750.0,139840470.1000001
2025-08-01 11:45:03 AM,2817.2,0,0.0,139840470.1000001
2025-08-01 11:45:03 AM,2817.2,11,30989.199999999997,139871459.3000001
2025-08-01 11:45:19 AM,2818.0,0,0.0,139871459.3000001
2025-08-01 11:45:19 AM,2818.0,9,25362.0,139896821.3000001
2025-08-01 11:45:24 AM,2817.0,1,2817.0,139899638.3000001
2025-08-01 11:45:26 AM,2816.3,30,84489.0,139984127.3000001
2025-08-01 11:45:30 AM,2816.9,0,0.0,139984127.3000001
2025-08-01 11:45:30 AM,2816.9,1,2816.9,139986944.2000001
2025-08-01 11:45:36 AM,2815.0,0,0.0,139986944.2000001
2025-08-01 11:45:36 AM,2815.0,300,844500.0,140831444.2000001
2025-08-01 11:46:53 AM,2816.0,0,0.0,140831444.2000001
2025-08-01 11:46:53 AM,2816.0,2,5632.0,140837076.2000001
2025-08-01 11:46:58 AM,2816.1,2,5632.2,140842708.4000001
2025-08-01 11:46:59 AM,2816.0,0,0.0,140842708.4000001
2025-08-01 11:46:59 AM,2816.0,10,28160.0,140870868.4000001
2025-08-01 11:47:03 AM,2816.5,0,0.0,140870868.4000001
2025-08-01 11:47:03 AM,2816.5,1,2816.5,140873684.9000001
2025-08-01 11:47:56 AM,2817.3,4,11269.2,140884954.10000008
2025-08-01 11:48:19 AM,2816.0,0,0.0,140884954.10000008
2025-08-01 11:48:19 AM,2816.0,10,28160.0,140913114.10000008
2025-08-01 11:48:21 AM,2817.0,0,0.0,140913114.10000008
2025-08-01 11:48:22 AM,2817.0,2,5634.0,140918748.10000008
2025-08-01 11:48:23 AM,2816.5,1,2816.5,140921564.60000008
2025-08-01 11:48:27 AM,2817.0,0,0.0,140921564.60000008
2025-08-01 11:48:27 AM,2817.0,5,14085.0,140935649.60000008
2025-08-01 11:48:30 AM,2817.5,0,0.0,140935649.60000008
2025-08-01 11:48:30 AM,2817.5,5,14087.5,140949737.10000008
2025-08-01 11:48:58 AM,2817.3,7,19721.100000000002,140969458.20000008
2025-08-01 11:49:00 AM,2817.5,0,0.0,140969458.20000008
2025-08-01 11:49:00 AM,2817.5,2,5635.0,140975093.20000008
2025-08-01 11:49:11 AM,2817.3,0,0.0,140975093.20000008
2025-08-01 11:49:12 AM,2817.3,4,11269.2,140986362.40000007
2025-08-01 11:49:17 AM,2816.2,0,0.0,140986362.40000007
2025-08-01 11:49:17 AM,2816.2,1,2816.2,140989178.60000005
2025-08-01 11:50:04 AM,2817.5,0,0.0,140989178.60000005
2025-08-01 11:50:05 AM,2817.5,6,16905.0,141006083.60000005
2025-08-01 11:50:39 AM,2817.5,4,11270.0,141017353.60000005
2025-08-01 11:50:52 AM,2817.5,50,140875.0,141158228.60000005
2025-08-01 11:50:57 AM,2816.2,0,0.0,141158228.60000005
2025-08-01 11:50:57 AM,2816.2,2,5632.4,141163861.00000006
2025-08-01 11:51:03 AM,2816.2,1,2816.2,141166677.20000005
2025-08-01 11:51:57 AM,2817.2,1,2817.2,141169494.40000004
2025-08-01 11:51:59 AM,2817.2,2,5634.4,141175128.80000004
2025-08-01 11:52:01 AM,2817.2,1,2817.2,141177946.00000003
2025-08-01 11:52:04 AM,2817.7,1,2817.7,141180763.70000002
2025-08-01 11:52:10 AM,2818.0,0,0.0,141180763.70000002
2025-08-01 11:52:10 AM,2818.0,30,84540.0,141265303.70000002
2025-08-01 11:52:14 AM,2817.6,0,0.0,141265303.70000002
2025-08-01 11:52:14 AM,2817.6,1,2817.6,141268121.3
2025-08-01 11:52:32 AM,2818.3,1,2818.3,141270939.60000002
2025-08-01 11:52:36 AM,2818.3,1,2818.3,141273757.90000004
2025-08-01 11:52:38 AM,2818.6,0,0.0,141273757.90000004
2025-08-01 11:52:38 AM,2818.6,1,2818.6,141276576.50000003
2025-08-01 11:52:50 AM,2818.5,1,2818.5,141279395.00000003
2025-08-01 11:52:53 AM,2818.5,1,2818.5,141282213.50000003
2025-08-01 11:53:04 AM,2818.6,1,2818.6,141285032.10000002
2025-08-01 11:53:20 AM,2818.6,1,2818.6,141287850.70000002
2025-08-01 11:53:38 AM,2818.6,12,33823.2,141321673.9
2025-08-01 11:53:43 AM,2819.0,1,2819.0,141324492.9
2025-08-01 11:54:34 AM,2819.0,4,11276.0,141335768.9
2025-08-01 11:54:43 AM,2819.0,16,45104.0,141380872.9
2025-08-01 11:54:49 AM,2819.0,1,2819.0,141383691.9
2025-08-01 11:56:08 AM,2819.8,0,0.0,141383691.9
2025-08-01 11:56:09 AM,2819.8,2,5639.6,141389331.5
2025-08-01 11:56:43 AM,2819.0,0,0.0,141389331.5
2025-08-01 11:56:43 AM,2819.0,16,45104.0,141434435.5
2025-08-01 11:56:48 AM,2818.4,0,0.0,141434435.5
2025-08-01 11:56:48 AM,2819.7,0,0.0,141434435.5
2025-08-01 11:56:48 AM,2819.7,2,5639.4,141440074.9
2025-08-01 11:56:54 AM,2819.7,5,14098.5,141454173.4
2025-08-01 11:57:32 AM,2820.0,3,8460.0,141462633.4
2025-08-01 11:57:46 AM,2820.0,1,2820.0,141465453.4
2025-08-01 11:57:58 AM,2819.9,0,0.0,141465453.4
2025-08-01 11:57:58 AM,2819.9,2,5639.8,141471093.20000002
