date,price,qty,trnvr,cum_trnvr
2025-08-01 09:15:06 AM,578.0,3453,1995834.0,1995834.0
2025-08-01 09:15:08 AM,578.0,146,84388.0,2080222.0
2025-08-01 09:15:14 AM,573.15,0,0.0,2080222.0
2025-08-01 09:15:15 AM,570.0,0,0.0,2080222.0
2025-08-01 09:15:17 AM,572.0,5800,3317600.0,5397822.0
2025-08-01 09:15:19 AM,572.0,53,30316.0,5428138.0
2025-08-01 09:15:23 AM,571.7,0,0.0,5428138.0
2025-08-01 09:15:27 AM,570.25,182,103785.5,5531923.5
2025-08-01 09:15:28 AM,571.3,6,3427.7999999999997,5535351.3
2025-08-01 09:15:34 AM,569.0,0,0.0,5535351.3
2025-08-01 09:15:35 AM,569.6,1887,1074835.2,6610186.5
2025-08-01 09:15:37 AM,569.55,371,211303.05,6821489.55
2025-08-01 09:15:38 AM,568.9,0,0.0,6821489.55
2025-08-01 09:15:43 AM,567.55,0,0.0,6821489.55
2025-08-01 09:15:44 AM,567.55,511,290018.05,7111507.6
2025-08-01 09:15:45 AM,567.65,52,29517.8,7141025.399999999
2025-08-01 09:15:47 AM,568.0,0,0.0,7141025.399999999
2025-08-01 09:15:50 AM,568.85,0,0.0,7141025.399999999
2025-08-01 09:15:52 AM,567.9,1375,780862.5,7921887.899999999
2025-08-01 09:15:54 AM,568.0,1148,652064.0,8573951.899999999
2025-08-01 09:15:56 AM,567.8,0,0.0,8573951.899999999
2025-08-01 09:15:58 AM,567.05,0,0.0,8573951.899999999
2025-08-01 09:16:00 AM,567.05,197,111708.84999999999,8685660.749999998
2025-08-01 09:16:02 AM,567.0,1985,1125495.0,9811155.749999998
2025-08-01 09:16:04 AM,566.8,0,0.0,9811155.749999998
2025-08-01 09:16:08 AM,565.05,411,232235.55,10043391.299999999
2025-08-01 09:16:10 AM,565.5,401,226765.5,10270156.799999999
2025-08-01 09:16:12 AM,565.85,0,0.0,10270156.799999999
2025-08-01 09:16:16 AM,565.05,1350,762817.4999999999,11032974.299999999
2025-08-01 09:16:19 AM,564.75,0,0.0,11032974.299999999
2025-08-01 09:16:22 AM,566.9,0,0.0,11032974.299999999
2025-08-01 09:16:25 AM,566.85,715,405297.75,11438272.049999999
2025-08-01 09:16:26 AM,566.8,48,27206.399999999998,11465478.45
2025-08-01 09:16:30 AM,565.3,0,0.0,11465478.45
2025-08-01 09:16:33 AM,565.3,253,143020.9,11608499.35
2025-08-01 09:16:40 AM,566.0,0,0.0,11608499.35
2025-08-01 09:16:41 AM,565.95,143,80930.85,11689430.2
2025-08-01 09:16:49 AM,566.5,213,120664.5,11810094.7
2025-08-01 09:16:52 AM,567.0,0,0.0,11810094.7
2025-08-01 09:16:58 AM,566.9,208,117915.2,11928009.899999999
2025-08-01 09:16:59 AM,566.9,252,142858.8,12070868.7
2025-08-01 09:17:00 AM,566.65,0,0.0,12070868.7
2025-08-01 09:17:02 AM,566.9,0,0.0,12070868.7
2025-08-01 09:17:06 AM,567.0,152,86184.0,12157052.7
2025-08-01 09:17:10 AM,567.2,0,0.0,12157052.7
2025-08-01 09:17:14 AM,567.9,59,33506.1,12190558.799999999
2025-08-01 09:17:15 AM,568.0,4,2272.0,12192830.799999999
2025-08-01 09:17:17 AM,568.6,0,0.0,12192830.799999999
2025-08-01 09:17:22 AM,567.75,342,194170.5,12387001.299999999
2025-08-01 09:17:24 AM,567.75,8,4542.0,12391543.299999999
2025-08-01 09:17:26 AM,568.05,0,0.0,12391543.299999999
2025-08-01 09:17:31 AM,568.0,67,38056.0,12429599.299999999
2025-08-01 09:17:32 AM,569.0,301,171269.0,12600868.299999999
2025-08-01 09:17:39 AM,568.15,89,50565.35,12651433.649999999
2025-08-01 09:17:47 AM,568.15,17,9658.55,12661092.2
2025-08-01 09:17:51 AM,568.1,0,0.0,12661092.2
2025-08-01 09:17:55 AM,568.5,155,88117.5,12749209.7
2025-08-01 09:17:57 AM,568.65,154,87572.09999999999,12836781.799999999
2025-08-01 09:18:00 AM,569.2,0,0.0,12836781.799999999
2025-08-01 09:18:02 AM,569.5,0,0.0,12836781.799999999
2025-08-01 09:18:04 AM,569.5,105,59797.5,12896579.299999999
2025-08-01 09:18:05 AM,569.2,6,3415.2000000000003,12899994.499999998
2025-08-01 09:18:07 AM,569.05,0,0.0,12899994.499999998
2025-08-01 09:18:10 AM,569.9,0,0.0,12899994.499999998
2025-08-01 09:18:12 AM,570.05,144,82087.2,12982081.699999997
2025-08-01 09:18:14 AM,570.05,1,570.05,12982651.749999998
2025-08-01 09:18:16 AM,571.05,0,0.0,12982651.749999998
2025-08-01 09:18:21 AM,571.9,440,251636.0,13234287.749999998
2025-08-01 09:18:22 AM,572.2,105,60081.00000000001,13294368.749999998
2025-08-01 09:18:24 AM,571.55,0,0.0,13294368.749999998
2025-08-01 09:18:26 AM,570.55,0,0.0,13294368.749999998
2025-08-01 09:18:29 AM,571.35,1524,870737.4,14165106.149999999
2025-08-01 09:18:30 AM,571.95,371,212193.45,14377299.599999998
2025-08-01 09:18:37 AM,571.45,399,228008.55000000002,14605308.149999999
2025-08-01 09:18:38 AM,572.25,6,3433.5,14608741.649999999
2025-08-01 09:18:45 AM,571.55,1131,646423.0499999999,15255164.7
2025-08-01 09:18:46 AM,572.65,240,137436.0,15392600.7
2025-08-01 09:18:49 AM,571.8,0,0.0,15392600.7
2025-08-01 09:18:53 AM,572.95,53,30366.350000000002,15422967.049999999
2025-08-01 09:18:54 AM,572.25,13,7439.25,15430406.299999999
2025-08-01 09:18:55 AM,573.4,0,0.0,15430406.299999999
2025-08-01 09:18:57 AM,573.2,0,0.0,15430406.299999999
2025-08-01 09:19:01 AM,572.6,274,156892.4,15587298.7
2025-08-01 09:19:02 AM,572.55,7,4007.8499999999995,15591306.549999999
2025-08-01 09:19:03 AM,572.0,0,0.0,15591306.549999999
2025-08-01 09:19:06 AM,573.45,0,0.0,15591306.549999999
2025-08-01 09:19:09 AM,573.65,374,214545.1,15805851.649999999
2025-08-01 09:19:11 AM,574.4,211,121198.4,15927050.049999999
2025-08-01 09:19:13 AM,574.25,0,0.0,15927050.049999999
2025-08-01 09:19:17 AM,573.7,47,26963.9,15954013.95
2025-08-01 09:19:19 AM,573.55,127,72840.84999999999,16026854.799999999
2025-08-01 09:19:19 AM,573.6,0,0.0,16026854.799999999
2025-08-01 09:19:26 AM,573.65,34,19504.1,16046358.899999999
2025-08-01 09:19:26 AM,573.45,0,0.0,16046358.899999999
2025-08-01 09:19:27 AM,574.2,343,196950.6,16243309.499999998
2025-08-01 09:19:34 AM,574.2,1203,690762.6000000001,16934072.099999998
2025-08-01 09:19:35 AM,574.2,6,3445.2000000000003,16937517.299999997
2025-08-01 09:19:36 AM,574.9,0,0.0,16937517.299999997
2025-08-01 09:19:42 AM,574.9,68,39093.2,16976610.499999996
2025-08-01 09:19:43 AM,574.25,30,17227.5,16993837.999999996
2025-08-01 09:19:44 AM,575.5,0,0.0,16993837.999999996
2025-08-01 09:19:49 AM,574.4,0,0.0,16993837.999999996
2025-08-01 09:19:50 AM,574.45,633,363626.85000000003,17357464.849999998
2025-08-01 09:19:51 AM,577.0,0,0.0,17357464.849999998
2025-08-01 09:19:52 AM,577.0,196,113092.0,17470556.849999998
2025-08-01 09:19:57 AM,577.05,0,0.0,17470556.849999998
2025-08-01 09:19:58 AM,577.05,145,83672.25,17554229.099999998
2025-08-01 09:19:58 AM,577.9,0,0.0,17554229.099999998
2025-08-01 09:19:59 AM,577.9,174,100554.59999999999,17654783.7
2025-08-01 09:20:05 AM,578.75,0,0.0,17654783.7
2025-08-01 09:20:05 AM,578.75,107,61926.25,17716709.95
2025-08-01 09:20:07 AM,579.1,270,156357.0,17873066.95
2025-08-01 09:20:12 AM,580.4,0,0.0,17873066.95
2025-08-01 09:20:13 AM,579.0,0,0.0,17873066.95
2025-08-01 09:20:14 AM,579.0,420,243180.0,18116246.95
2025-08-01 09:20:15 AM,579.85,202,117129.70000000001,18233376.65
2025-08-01 09:20:19 AM,580.6,0,0.0,18233376.65
2025-08-01 09:20:22 AM,580.6,59,34255.4,18267632.049999997
2025-08-01 09:20:23 AM,581.3,27,15695.099999999999,18283327.15
2025-08-01 09:20:26 AM,581.45,0,0.0,18283327.15
2025-08-01 09:20:29 AM,581.4,322,187210.8,18470537.95
2025-08-01 09:20:31 AM,581.65,162,94227.3,18564765.25
2025-08-01 09:20:33 AM,582.8,0,0.0,18564765.25
2025-08-01 09:20:37 AM,583.0,1253,730499.0,19295264.25
2025-08-01 09:20:39 AM,583.55,125,72943.75,19368208.0
2025-08-01 09:20:39 AM,584.05,0,0.0,19368208.0
2025-08-01 09:20:43 AM,583.1,0,0.0,19368208.0
2025-08-01 09:20:45 AM,582.45,762,443826.9,19812034.9
2025-08-01 09:20:46 AM,581.75,0,0.0,19812034.9
2025-08-01 09:20:46 AM,581.75,121,70391.75,19882426.65
2025-08-01 09:20:53 AM,581.8,488,283918.39999999997,20166345.049999997
2025-08-01 09:20:54 AM,582.4,5,2912.0,20169257.049999997
2025-08-01 09:20:58 AM,582.8,0,0.0,20169257.049999997
2025-08-01 09:21:00 AM,582.4,0,0.0,20169257.049999997
2025-08-01 09:21:01 AM,582.4,105,61152.0,20230409.049999997
2025-08-01 09:21:02 AM,581.65,11,6398.15,20236807.199999996
2025-08-01 09:21:02 AM,582.1,14,8149.400000000001,20244956.599999994
2025-08-01 09:21:03 AM,581.55,14,8141.699999999999,20253098.299999993
2025-08-01 09:21:03 AM,581.6,0,0.0,20253098.299999993
2025-08-01 09:21:04 AM,581.6,2,1163.2,20254261.499999993
2025-08-01 09:21:05 AM,581.6,8,4652.8,20258914.299999993
2025-08-01 09:21:08 AM,581.6,47,27335.2,20286249.499999993
2025-08-01 09:21:08 AM,581.75,10,5817.5,20292066.999999993
2025-08-01 09:21:09 AM,581.6,50,29080.0,20321146.999999993
2025-08-01 09:21:09 AM,583.8,0,0.0,20321146.999999993
2025-08-01 09:21:10 AM,583.8,227,132522.59999999998,20453669.599999994
2025-08-01 09:21:10 AM,583.5,10,5835.0,20459504.599999994
2025-08-01 09:21:11 AM,583.5,24,14004.0,20473508.599999994
2025-08-01 09:21:12 AM,583.0,0,0.0,20473508.599999994
2025-08-01 09:21:13 AM,583.0,5,2915.0,20476423.599999994
2025-08-01 09:21:14 AM,583.0,6,3498.0,20479921.599999994
2025-08-01 09:21:16 AM,583.0,82,47806.0,20527727.599999994
2025-08-01 09:21:16 AM,582.45,0,0.0,20527727.599999994
2025-08-01 09:21:17 AM,582.45,24,13978.800000000001,20541706.399999995
2025-08-01 09:21:17 AM,582.45,1,582.45,20542288.849999994
2025-08-01 09:21:21 AM,582.55,1,582.55,20542871.399999995
2025-08-01 09:21:25 AM,583.15,0,0.0,20542871.399999995
2025-08-01 09:21:25 AM,583.15,1,583.15,20543454.549999993
2025-08-01 09:21:26 AM,583.2,0,0.0,20543454.549999993
2025-08-01 09:21:26 AM,582.6,0,0.0,20543454.549999993
2025-08-01 09:21:27 AM,582.6,22,12817.2,20556271.749999993
2025-08-01 09:21:27 AM,583.2,0,0.0,20556271.749999993
2025-08-01 09:21:28 AM,583.2,6,3499.2000000000003,20559770.94999999
2025-08-01 09:21:33 AM,582.65,0,0.0,20559770.94999999
2025-08-01 09:21:34 AM,582.65,1,582.65,20560353.59999999
2025-08-01 09:21:35 AM,583.0,0,0.0,20560353.59999999
2025-08-01 09:21:36 AM,583.0,13,7579.0,20567932.59999999
2025-08-01 09:21:36 AM,583.0,1,583.0,20568515.59999999
2025-08-01 09:21:36 AM,582.65,0,0.0,20568515.59999999
2025-08-01 09:21:37 AM,582.7,18,10488.6,20579004.19999999
2025-08-01 09:21:37 AM,583.5,1082,631347.0,21210351.19999999
2025-08-01 09:21:38 AM,583.95,151,88176.45000000001,21298527.64999999
2025-08-01 09:21:38 AM,584.0,61,35624.0,21334151.64999999
2025-08-01 09:21:39 AM,584.0,3,1752.0,21335903.64999999
2025-08-01 09:21:41 AM,583.95,2,1167.9,21337071.54999999
2025-08-01 09:21:41 AM,584.0,1,584.0,21337655.54999999
2025-08-01 09:21:43 AM,583.6,2,1167.2,21338822.74999999
2025-08-01 09:21:43 AM,584.05,0,0.0,21338822.74999999
2025-08-01 09:21:44 AM,584.0,0,0.0,21338822.74999999
2025-08-01 09:21:44 AM,584.0,1448,845632.0,22184454.74999999
2025-08-01 09:21:44 AM,584.05,0,0.0,22184454.74999999
2025-08-01 09:21:45 AM,584.05,231,134915.55,22319370.29999999
2025-08-01 09:21:46 AM,584.05,12,7008.599999999999,22326378.89999999
2025-08-01 09:21:47 AM,584.05,10,5840.5,22332219.39999999
2025-08-01 09:21:47 AM,584.05,1,584.05,22332803.44999999
2025-08-01 09:21:48 AM,583.7,5,2918.5,22335721.94999999
2025-08-01 09:21:48 AM,583.7,10,5837.0,22341558.94999999
2025-08-01 09:21:49 AM,583.55,73,42599.149999999994,22384158.09999999
2025-08-01 09:21:49 AM,583.7,0,0.0,22384158.09999999
2025-08-01 09:21:50 AM,583.7,14,8171.800000000001,22392329.89999999
2025-08-01 09:21:50 AM,583.65,0,0.0,22392329.89999999
2025-08-01 09:21:50 AM,583.3,0,0.0,22392329.89999999
2025-08-01 09:21:50 AM,583.3,24,13999.199999999999,22406329.09999999
2025-08-01 09:21:51 AM,583.3,2,1166.6,22407495.69999999
2025-08-01 09:21:51 AM,583.3,2,1166.6,22408662.299999993
2025-08-01 09:21:52 AM,583.35,1,583.35,22409245.649999995
2025-08-01 09:21:53 AM,583.35,1,583.35,22409828.999999996
2025-08-01 09:21:54 AM,583.3,59,34414.7,22444243.699999996
2025-08-01 09:21:54 AM,583.15,11,6414.65,22450658.349999994
2025-08-01 09:21:54 AM,583.1,0,0.0,22450658.349999994
2025-08-01 09:21:55 AM,583.1,4,2332.4,22452990.749999993
2025-08-01 09:21:59 AM,582.75,26,15151.5,22468142.249999993
2025-08-01 09:21:59 AM,582.8,11,6410.799999999999,22474553.049999993
2025-08-01 09:21:59 AM,583.35,0,0.0,22474553.049999993
2025-08-01 09:22:00 AM,583.35,2,1166.7,22475719.749999993
2025-08-01 09:22:11 AM,582.75,0,0.0,22475719.749999993
2025-08-01 09:22:14 AM,582.2,0,0.0,22475719.749999993
2025-08-01 09:22:18 AM,582.45,805,468872.25000000006,22944591.999999993
2025-08-01 09:22:19 AM,582.5,131,76307.5,23020899.499999993
2025-08-01 09:22:22 AM,582.1,0,0.0,23020899.499999993
2025-08-01 09:22:25 AM,581.85,109,63421.65,23084321.14999999
2025-08-01 09:22:25 AM,582.0,0,0.0,23084321.14999999
2025-08-01 09:22:27 AM,582.0,28,16296.0,23100617.14999999
2025-08-01 09:22:29 AM,581.75,0,0.0,23100617.14999999
2025-08-01 09:22:33 AM,581.15,14,8136.099999999999,23108753.249999993
2025-08-01 09:22:33 AM,581.7,0,0.0,23108753.249999993
2025-08-01 09:22:34 AM,581.15,3,1743.4499999999998,23110496.69999999
2025-08-01 09:22:36 AM,584.0,0,0.0,23110496.69999999
2025-08-01 09:22:40 AM,584.0,481,280904.0,23391400.69999999
2025-08-01 09:22:41 AM,583.35,0,0.0,23391400.69999999
2025-08-01 09:22:42 AM,583.35,113,65918.55,23457319.249999993
2025-08-01 09:22:47 AM,583.05,0,0.0,23457319.249999993
2025-08-01 09:22:48 AM,582.95,37,21569.15,23478888.39999999
2025-08-01 09:22:48 AM,583.35,0,0.0,23478888.39999999
2025-08-01 09:22:50 AM,583.35,21,12250.35,23491138.749999993
2025-08-01 09:22:54 AM,582.7,0,0.0,23491138.749999993
2025-08-01 09:22:56 AM,582.7,4,2330.8,23493469.549999993
2025-08-01 09:22:57 AM,583.3,1,583.3,23494052.849999994
2025-08-01 09:23:00 AM,583.5,0,0.0,23494052.849999994
2025-08-01 09:23:03 AM,583.5,20,11670.0,23505722.849999994
2025-08-01 09:23:05 AM,582.9,5,2914.5,23508637.349999994
2025-08-01 09:23:09 AM,582.7,0,0.0,23508637.349999994
2025-08-01 09:23:11 AM,582.7,219,127611.3,23636248.649999995
2025-08-01 09:23:13 AM,582.65,19,11070.35,23647318.999999996
2025-08-01 09:23:13 AM,583.8,0,0.0,23647318.999999996
2025-08-01 09:23:19 AM,583.8,211,123181.79999999999,23770500.799999997
2025-08-01 09:23:20 AM,583.8,36,21016.8,23791517.599999998
2025-08-01 09:23:26 AM,583.2,6,3499.2000000000003,23795016.799999997
2025-08-01 09:23:27 AM,582.95,0,0.0,23795016.799999997
2025-08-01 09:23:28 AM,583.2,155,90396.0,23885412.799999997
2025-08-01 09:23:34 AM,582.9,24,13989.599999999999,23899402.4
2025-08-01 09:23:34 AM,583.0,0,0.0,23899402.4
2025-08-01 09:23:35 AM,583.05,129,75213.45,23974615.849999998
2025-08-01 09:23:40 AM,582.5,0,0.0,23974615.849999998
2025-08-01 09:23:41 AM,582.5,465,270862.5,24245478.349999998
2025-08-01 09:23:43 AM,582.5,82,47765.0,24293243.349999998
2025-08-01 09:23:47 AM,581.95,0,0.0,24293243.349999998
2025-08-01 09:23:47 AM,581.5,0,0.0,24293243.349999998
2025-08-01 09:23:49 AM,581.35,208,120920.8,24414164.15
2025-08-01 09:23:51 AM,580.6,220,127732.0,24541896.15
2025-08-01 09:23:53 AM,580.55,0,0.0,24541896.15
2025-08-01 09:23:57 AM,579.4,31,17961.399999999998,24559857.549999997
2025-08-01 09:23:58 AM,580.0,17,9860.0,24569717.549999997
2025-08-01 09:24:04 AM,579.05,368,213090.4,24782807.949999996
2025-08-01 09:24:06 AM,579.15,109,63127.35,24845935.299999997
2025-08-01 09:24:12 AM,579.0,63,36477.0,24882412.299999997
2025-08-01 09:24:14 AM,579.0,73,42267.0,24924679.299999997
2025-08-01 09:24:20 AM,578.65,13,7522.45,24932201.749999996
2025-08-01 09:24:20 AM,579.0,0,0.0,24932201.749999996
2025-08-01 09:24:21 AM,579.0,24,13896.0,24946097.749999996
2025-08-01 09:24:25 AM,579.5,0,0.0,24946097.749999996
2025-08-01 09:24:27 AM,579.5,461,267149.5,25213247.249999996
2025-08-01 09:24:29 AM,579.85,29,16815.65,25230062.899999995
2025-08-01 09:24:32 AM,580.0,0,0.0,25230062.899999995
2025-08-01 09:24:35 AM,579.75,68,39423.0,25269485.899999995
2025-08-01 09:24:37 AM,580.0,4,2320.0,25271805.899999995
2025-08-01 09:24:38 AM,579.5,0,0.0,25271805.899999995
2025-08-01 09:24:42 AM,579.2,119,68924.8,25340730.699999996
2025-08-01 09:24:44 AM,580.2,15,8703.0,25349433.699999996
2025-08-01 09:24:50 AM,580.2,22,12764.400000000001,25362198.099999994
2025-08-01 09:24:50 AM,580.65,0,0.0,25362198.099999994
2025-08-01 09:24:52 AM,580.7,3,1742.1000000000001,25363940.199999996
2025-08-01 09:24:56 AM,580.0,0,0.0,25363940.199999996
2025-08-01 09:24:57 AM,580.0,76,44080.0,25408020.199999996
2025-08-01 09:24:57 AM,580.45,0,0.0,25408020.199999996
2025-08-01 09:24:59 AM,580.45,17,9867.650000000001,25417887.849999994
2025-08-01 09:25:04 AM,580.2,0,0.0,25417887.849999994
2025-08-01 09:25:05 AM,580.2,2,1160.4,25419048.249999993
2025-08-01 09:25:05 AM,580.65,0,0.0,25419048.249999993
2025-08-01 09:25:07 AM,580.65,1,580.65,25419628.89999999
2025-08-01 09:25:11 AM,580.75,0,0.0,25419628.89999999
2025-08-01 09:25:12 AM,580.75,1,580.75,25420209.64999999
2025-08-01 09:25:17 AM,580.25,0,0.0,25420209.64999999
2025-08-01 09:25:20 AM,580.25,7,4061.75,25424271.39999999
2025-08-01 09:25:22 AM,580.25,3,1740.75,25426012.14999999
2025-08-01 09:25:35 AM,579.95,222,128748.90000000001,25554761.04999999
2025-08-01 09:25:35 AM,580.55,0,0.0,25554761.04999999
2025-08-01 09:25:37 AM,580.55,40,23222.0,25577983.04999999
2025-08-01 09:25:41 AM,580.15,0,0.0,25577983.04999999
2025-08-01 09:25:42 AM,580.15,7,4061.0499999999997,25582044.09999999
2025-08-01 09:25:44 AM,580.0,203,117740.0,25699784.09999999
2025-08-01 09:25:46 AM,580.2,0,0.0,25699784.09999999
2025-08-01 09:25:50 AM,580.25,45,26111.25,25725895.34999999
2025-08-01 09:25:52 AM,580.2,13,7542.6,25733437.94999999
2025-08-01 09:25:57 AM,581.5,199,115718.5,25849156.44999999
2025-08-01 09:25:58 AM,581.75,0,0.0,25849156.44999999
2025-08-01 09:25:59 AM,581.75,11,6399.25,25855555.69999999
2025-08-01 09:26:04 AM,581.85,0,0.0,25855555.69999999
2025-08-01 09:26:05 AM,581.85,2,1163.7,25856719.39999999
2025-08-01 09:26:07 AM,581.6,51,29661.600000000002,25886380.999999993
2025-08-01 09:26:13 AM,581.45,79,45934.55,25932315.549999993
2025-08-01 09:26:15 AM,581.45,7,4070.1500000000005,25936385.69999999
2025-08-01 09:26:18 AM,581.15,0,0.0,25936385.69999999
2025-08-01 09:26:20 AM,581.15,26,15109.9,25951495.59999999
2025-08-01 09:26:22 AM,581.45,1,581.45,25952077.04999999
2025-08-01 09:26:29 AM,581.2,0,0.0,25952077.04999999
2025-08-01 09:26:30 AM,581.3,75,43597.5,25995674.54999999
2025-08-01 09:26:33 AM,582.0,0,0.0,25995674.54999999
2025-08-01 09:26:36 AM,582.45,1321,769416.4500000001,26765090.99999999
2025-08-01 09:26:36 AM,582.5,0,0.0,26765090.99999999
2025-08-01 09:26:38 AM,582.5,69,40192.5,26805283.49999999
2025-08-01 09:26:39 AM,582.75,0,0.0,26805283.49999999
2025-08-01 09:26:42 AM,582.5,0,0.0,26805283.49999999
2025-08-01 09:26:43 AM,582.5,186,108345.0,26913628.49999999
2025-08-01 09:26:44 AM,582.95,0,0.0,26913628.49999999
2025-08-01 09:26:45 AM,582.95,13,7578.35,26921206.84999999
2025-08-01 09:26:47 AM,583.0,0,0.0,26921206.84999999
2025-08-01 09:26:51 AM,582.95,34,19820.300000000003,26941027.14999999
2025-08-01 09:26:51 AM,583.0,0,0.0,26941027.14999999
2025-08-01 09:26:52 AM,582.5,203,118247.5,27059274.64999999
2025-08-01 09:26:54 AM,582.8,0,0.0,27059274.64999999
2025-08-01 09:26:57 AM,582.45,0,0.0,27059274.64999999
2025-08-01 09:26:58 AM,582.2,45,26199.000000000004,27085473.64999999
2025-08-01 09:27:00 AM,582.45,12,6989.400000000001,27092463.04999999
2025-08-01 09:27:01 AM,582.4,0,0.0,27092463.04999999
2025-08-01 09:27:06 AM,581.9,26,15129.4,27107592.449999988
2025-08-01 09:27:07 AM,582.4,13,7571.2,27115163.649999987
2025-08-01 09:27:13 AM,581.9,2,1163.8,27116327.449999988
2025-08-01 09:27:13 AM,582.4,0,0.0,27116327.449999988
2025-08-01 09:27:15 AM,582.4,1,582.4,27116909.849999987
2025-08-01 09:27:18 AM,581.85,0,0.0,27116909.849999987
2025-08-01 09:27:21 AM,581.85,142,82622.7,27199532.549999986
2025-08-01 09:27:22 AM,581.5,39,22678.5,27222211.049999986
2025-08-01 09:27:28 AM,581.55,71,41290.049999999996,27263501.099999987
2025-08-01 09:27:28 AM,581.6,0,0.0,27263501.099999987
2025-08-01 09:27:29 AM,581.6,6,3489.6000000000004,27266990.699999988
2025-08-01 09:27:33 AM,580.6,0,0.0,27266990.699999988
2025-08-01 09:27:34 AM,580.5,0,0.0,27266990.699999988
2025-08-01 09:27:35 AM,580.5,60,34830.0,27301820.699999988
2025-08-01 09:27:37 AM,581.05,7,4067.3499999999995,27305888.04999999
2025-08-01 09:27:38 AM,580.55,0,0.0,27305888.04999999
2025-08-01 09:27:43 AM,580.2,81,46996.200000000004,27352884.24999999
2025-08-01 09:27:43 AM,580.5,0,0.0,27352884.24999999
2025-08-01 09:27:44 AM,580.5,4,2322.0,27355206.24999999
2025-08-01 09:27:48 AM,580.0,0,0.0,27355206.24999999
2025-08-01 09:27:49 AM,579.5,0,0.0,27355206.24999999
2025-08-01 09:27:51 AM,579.5,177,102571.5,27457777.74999999
2025-08-01 09:27:52 AM,579.6,30,17388.0,27475165.74999999
2025-08-01 09:27:59 AM,579.45,0,0.0,27475165.74999999
2025-08-01 09:27:59 AM,579.45,131,75907.95000000001,27551073.699999988
2025-08-01 09:28:00 AM,579.45,18,10430.1,27561503.79999999
2025-08-01 09:28:04 AM,579.55,0,0.0,27561503.79999999
2025-08-01 09:28:05 AM,579.95,0,0.0,27561503.79999999
2025-08-01 09:28:06 AM,579.95,6,3479.7000000000003,27564983.49999999
2025-08-01 09:28:08 AM,580.05,14,8120.699999999999,27573104.199999988
2025-08-01 09:28:11 AM,579.55,0,0.0,27573104.199999988
2025-08-01 09:28:14 AM,579.55,2,1159.1,27574263.29999999
2025-08-01 09:28:15 AM,579.85,101,58564.850000000006,27632828.14999999
2025-08-01 09:28:18 AM,579.8,0,0.0,27632828.14999999
2025-08-01 09:28:22 AM,579.0,139,80481.0,27713309.14999999
2025-08-01 09:28:23 AM,579.7,0,0.0,27713309.14999999
2025-08-01 09:28:23 AM,579.7,32,18550.4,27731859.54999999
2025-08-01 09:28:23 AM,579.65,0,0.0,27731859.54999999
2025-08-01 09:28:28 AM,579.85,0,0.0,27731859.54999999
2025-08-01 09:28:28 AM,580.45,0,0.0,27731859.54999999
2025-08-01 09:28:29 AM,580.45,134,77780.3,27809639.84999999
2025-08-01 09:28:30 AM,580.5,15,8707.5,27818347.34999999
2025-08-01 09:28:34 AM,581.0,0,0.0,27818347.34999999
2025-08-01 09:28:37 AM,581.0,6,3486.0,27821833.34999999
2025-08-01 09:28:38 AM,581.5,8,4652.0,27826485.34999999
2025-08-01 09:28:39 AM,581.85,0,0.0,27826485.34999999
2025-08-01 09:28:44 AM,581.85,8,4654.8,27831140.14999999
2025-08-01 09:28:45 AM,582.0,0,0.0,27831140.14999999
2025-08-01 09:28:46 AM,582.0,6,3492.0,27834632.14999999
2025-08-01 09:28:49 AM,581.8,0,0.0,27834632.14999999
2025-08-01 09:28:50 AM,581.2,0,0.0,27834632.14999999
2025-08-01 09:28:52 AM,580.5,412,239166.0,28073798.14999999
2025-08-01 09:28:53 AM,580.85,78,45306.3,28119104.44999999
2025-08-01 09:29:00 AM,580.3,14,8124.199999999999,28127228.64999999
2025-08-01 09:29:01 AM,580.8,0,0.0,28127228.64999999
2025-08-01 09:29:01 AM,580.8,5,2904.0,28130132.64999999
2025-08-01 09:29:07 AM,580.3,0,0.0,28130132.64999999
2025-08-01 09:29:07 AM,580.3,8,4642.4,28134775.04999999
2025-08-01 09:29:38 AM,580.2,11,6382.200000000001,28141157.24999999
2025-08-01 09:29:39 AM,580.2,1,580.2,28141737.449999988
2025-08-01 09:29:43 AM,579.25,0,0.0,28141737.449999988
2025-08-01 09:29:45 AM,579.05,123,71223.15,28212960.599999987
2025-08-01 09:29:46 AM,579.55,28,16227.399999999998,28229187.999999985
2025-08-01 09:29:48 AM,579.25,0,0.0,28229187.999999985
2025-08-01 09:29:49 AM,579.55,0,0.0,28229187.999999985
2025-08-01 09:29:52 AM,579.0,130,75270.0,28304457.999999985
2025-08-01 09:29:53 AM,579.0,23,13317.0,28317774.999999985
2025-08-01 09:29:59 AM,578.75,0,0.0,28317774.999999985
2025-08-01 09:30:00 AM,578.75,20,11575.0,28329349.999999985
2025-08-01 09:30:01 AM,578.4,172,99484.8,28428834.799999986
2025-08-01 09:30:05 AM,578.15,0,0.0,28428834.799999986
2025-08-01 09:30:08 AM,578.15,57,32954.549999999996,28461789.349999987
2025-08-01 09:30:09 AM,578.35,11,6361.85,28468151.199999988
2025-08-01 09:30:13 AM,578.15,0,0.0,28468151.199999988
2025-08-01 09:30:15 AM,578.15,1,578.15,28468729.349999987
2025-08-01 09:30:16 AM,578.35,1,578.35,28469307.699999988
2025-08-01 09:30:20 AM,578.0,0,0.0,28469307.699999988
2025-08-01 09:30:23 AM,578.0,124,71672.0,28540979.699999988
2025-08-01 09:30:23 AM,578.0,25,14450.0,28555429.699999988
2025-08-01 09:30:30 AM,577.8,7,4044.5999999999995,28559474.29999999
2025-08-01 09:30:31 AM,577.8,7,4044.5999999999995,28563518.89999999
2025-08-01 09:30:34 AM,578.0,0,0.0,28563518.89999999
2025-08-01 09:30:37 AM,577.25,879,507402.75,29070921.64999999
2025-08-01 09:30:38 AM,578.05,135,78036.75,29148958.39999999
2025-08-01 09:30:41 AM,579.6,0,0.0,29148958.39999999
2025-08-01 09:30:45 AM,579.15,766,443628.89999999997,29592587.29999999
2025-08-01 09:30:45 AM,578.55,159,91989.45,29684576.74999999
2025-08-01 09:30:48 AM,578.75,0,0.0,29684576.74999999
2025-08-01 09:30:50 AM,578.35,0,0.0,29684576.74999999
2025-08-01 09:30:52 AM,578.25,189,109289.25,29793865.99999999
2025-08-01 09:30:53 AM,578.9,47,27208.3,29821074.29999999
2025-08-01 09:30:59 AM,578.6,0,0.0,29821074.29999999
2025-08-01 09:30:59 AM,578.6,5,2893.0,29823967.29999999
2025-08-01 09:31:00 AM,578.9,2,1157.8,29825125.09999999
2025-08-01 09:31:07 AM,579.0,15,8685.0,29833810.09999999
2025-08-01 09:31:07 AM,579.0,20,11580.0,29845390.09999999
2025-08-01 09:31:11 AM,578.75,0,0.0,29845390.09999999
2025-08-01 09:31:14 AM,578.65,0,0.0,29845390.09999999
2025-08-01 09:31:14 AM,578.65,24,13887.599999999999,29859277.69999999
2025-08-01 09:31:15 AM,578.6,13,7521.8,29866799.499999993
2025-08-01 09:31:21 AM,578.3,0,0.0,29866799.499999993
2025-08-01 09:31:22 AM,578.3,4,2313.2,29869112.69999999
2025-08-01 09:31:22 AM,578.55,1,578.55,29869691.249999993
2025-08-01 09:31:23 AM,578.0,0,0.0,29869691.249999993
2025-08-01 09:31:27 AM,579.75,0,0.0,29869691.249999993
2025-08-01 09:31:29 AM,579.75,372,215667.0,30085358.249999993
2025-08-01 09:31:29 AM,580.0,27,15660.0,30101018.249999993
2025-08-01 09:31:32 AM,580.25,0,0.0,30101018.249999993
2025-08-01 09:31:36 AM,580.25,53,30753.25,30131771.499999993
2025-08-01 09:31:37 AM,580.25,22,12765.5,30144536.999999993
2025-08-01 09:31:41 AM,579.2,0,0.0,30144536.999999993
2025-08-01 09:31:43 AM,580.0,170,98600.0,30243136.999999993
2025-08-01 09:31:43 AM,580.35,241,139864.35,30383001.349999994
2025-08-01 09:31:44 AM,580.0,0,0.0,30383001.349999994
2025-08-01 09:31:50 AM,580.35,0,0.0,30383001.349999994
2025-08-01 09:31:50 AM,580.35,71,41204.85,30424206.199999996
2025-08-01 09:31:50 AM,580.6,16,9289.6,30433495.799999997
2025-08-01 09:31:56 AM,580.25,0,0.0,30433495.799999997
2025-08-01 09:31:57 AM,580.25,3,1740.75,30435236.549999997
2025-08-01 09:31:57 AM,580.95,1,580.95,30435817.499999996
2025-08-01 09:32:12 AM,581.15,0,0.0,30435817.499999996
2025-08-01 09:32:18 AM,580.75,158,91758.5,30527575.999999996
2025-08-01 09:32:18 AM,580.75,8,4646.0,30532221.999999996
2025-08-01 09:32:19 AM,580.95,0,0.0,30532221.999999996
2025-08-01 09:32:24 AM,581.0,0,0.0,30532221.999999996
2025-08-01 09:32:24 AM,580.95,0,0.0,30532221.999999996
2025-08-01 09:32:25 AM,580.95,173,100504.35,30632726.349999998
2025-08-01 09:32:25 AM,581.55,389,226222.94999999998,30858949.299999997
2025-08-01 09:32:31 AM,582.15,0,0.0,30858949.299999997
2025-08-01 09:32:31 AM,581.65,0,0.0,30858949.299999997
2025-08-01 09:32:32 AM,581.2,296,172035.2,31030984.499999996
2025-08-01 09:32:32 AM,582.5,139,80967.5,31111951.999999996
2025-08-01 09:32:37 AM,582.9,0,0.0,31111951.999999996
2025-08-01 09:32:39 AM,582.4,200,116480.0,31228431.999999996
2025-08-01 09:32:39 AM,582.5,28,16310.0,31244741.999999996
2025-08-01 09:32:43 AM,582.1,0,0.0,31244741.999999996
2025-08-01 09:32:46 AM,582.1,330,192093.0,31436834.999999996
2025-08-01 09:32:46 AM,582.65,47,27384.55,31464219.549999997
2025-08-01 09:32:48 AM,582.95,0,0.0,31464219.549999997
2025-08-01 09:32:53 AM,582.9,15,8743.5,31472963.049999997
2025-08-01 09:32:53 AM,582.9,3,1748.6999999999998,31474711.749999996
2025-08-01 09:33:00 AM,580.7,379,220085.30000000002,31694797.049999997
2025-08-01 09:33:00 AM,581.35,19,11045.65,31705842.699999996
2025-08-01 09:33:01 AM,581.5,0,0.0,31705842.699999996
2025-08-01 09:33:06 AM,581.1,0,0.0,31705842.699999996
2025-08-01 09:33:07 AM,581.1,98,56947.8,31762790.499999996
2025-08-01 09:33:07 AM,581.1,5,2905.5,31765695.999999996
2025-08-01 09:33:12 AM,580.9,0,0.0,31765695.999999996
2025-08-01 09:33:14 AM,580.9,23,13360.699999999999,31779056.699999996
2025-08-01 09:33:14 AM,581.1,2,1162.2,31780218.899999995
2025-08-01 09:33:27 AM,580.35,0,0.0,31780218.899999995
2025-08-01 09:33:27 AM,580.35,339,196738.65,31976957.549999993
2025-08-01 09:33:27 AM,580.5,778,451629.0,32428586.549999993
2025-08-01 09:33:27 AM,580.85,0,0.0,32428586.549999993
2025-08-01 09:33:32 AM,581.45,0,0.0,32428586.549999993
2025-08-01 09:33:34 AM,581.25,272,158100.0,32586686.549999993
2025-08-01 09:33:37 AM,581.95,0,0.0,32586686.549999993
2025-08-01 09:33:41 AM,582.0,358,208356.0,32795042.549999993
2025-08-01 09:33:42 AM,582.3,0,0.0,32795042.549999993
2025-08-01 09:33:47 AM,581.85,0,0.0,32795042.549999993
2025-08-01 09:33:48 AM,581.85,71,41311.35,32836353.899999995
2025-08-01 09:33:51 AM,582.45,0,0.0,32836353.899999995
2025-08-01 09:33:55 AM,582.45,4,2329.8,32838683.699999996
2025-08-01 09:33:57 AM,582.5,0,0.0,32838683.699999996
2025-08-01 09:33:57 AM,581.5,0,0.0,32838683.699999996
2025-08-01 09:34:02 AM,581.15,152,88334.8,32927018.499999996
2025-08-01 09:34:02 AM,581.15,15,8717.25,32935735.749999996
2025-08-01 09:34:02 AM,581.5,0,0.0,32935735.749999996
2025-08-01 09:34:08 AM,580.7,0,0.0,32935735.749999996
2025-08-01 09:34:09 AM,580.8,31,18004.8,32953740.549999997
2025-08-01 09:34:12 AM,581.4,0,0.0,32953740.549999997
2025-08-01 09:34:16 AM,581.4,3,1744.1999999999998,32955484.749999996
2025-08-01 09:34:17 AM,580.75,0,0.0,32955484.749999996
2025-08-01 09:34:22 AM,580.4,0,0.0,32955484.749999996
2025-08-01 09:34:23 AM,580.1,228,132262.80000000002,33087747.549999997
2025-08-01 09:34:23 AM,580.1,34,19723.4,33107470.949999996
2025-08-01 09:34:25 AM,580.05,0,0.0,33107470.949999996
2025-08-01 09:34:27 AM,580.6,0,0.0,33107470.949999996
2025-08-01 09:34:30 AM,580.35,459,266380.65,33373851.599999994
2025-08-01 09:34:31 AM,580.35,63,36562.05,33410413.649999995
2025-08-01 09:34:32 AM,580.55,0,0.0,33410413.649999995
2025-08-01 09:34:35 AM,580.0,0,0.0,33410413.649999995
2025-08-01 09:34:37 AM,580.0,402,233160.0,33643573.64999999
2025-08-01 09:34:37 AM,579.55,66,38250.299999999996,33681823.94999999
2025-08-01 09:34:37 AM,580.0,0,0.0,33681823.94999999
2025-08-01 09:34:40 AM,579.6,0,0.0,33681823.94999999
2025-08-01 09:34:42 AM,579.55,0,0.0,33681823.94999999
2025-08-01 09:34:44 AM,579.55,56,32454.799999999996,33714278.749999985
2025-08-01 09:34:45 AM,580.0,0,0.0,33714278.749999985
2025-08-01 09:34:50 AM,580.45,0,0.0,33714278.749999985
2025-08-01 09:34:51 AM,580.45,53,30763.850000000002,33745042.59999999
2025-08-01 09:34:57 AM,580.05,0,0.0,33745042.59999999
2025-08-01 09:34:58 AM,580.05,85,49304.24999999999,33794346.84999999
2025-08-01 09:34:59 AM,580.0,0,0.0,33794346.84999999
2025-08-01 09:35:05 AM,579.75,5,2898.75,33797245.59999999
2025-08-01 09:35:17 AM,580.2,0,0.0,33797245.59999999
2025-08-01 09:35:19 AM,580.2,3,1740.6000000000001,33798986.19999999
2025-08-01 09:35:22 AM,580.7,0,0.0,33798986.19999999
2025-08-01 09:35:26 AM,580.7,2,1161.4,33800147.59999999
2025-08-01 09:35:33 AM,580.7,1,580.7,33800728.29999999
2025-08-01 09:35:37 AM,579.7,0,0.0,33800728.29999999
2025-08-01 09:35:40 AM,579.7,123,71303.1,33872031.39999999
2025-08-01 09:35:40 AM,579.7,18,10434.6,33882465.99999999
2025-08-01 09:35:42 AM,579.45,0,0.0,33882465.99999999
2025-08-01 09:35:47 AM,579.4,0,0.0,33882465.99999999
2025-08-01 09:35:47 AM,579.4,14,8111.599999999999,33890577.599999994
2025-08-01 09:35:47 AM,579.45,1,579.45,33891157.05
2025-08-01 09:35:53 AM,579.45,10,5794.5,33896951.55
2025-08-01 09:35:54 AM,579.45,1,579.45,33897531.0
2025-08-01 09:35:57 AM,579.4,0,0.0,33897531.0
2025-08-01 09:36:00 AM,580.0,342,198360.0,34095891.0
2025-08-01 09:36:00 AM,580.25,17,9864.25,34105755.25
2025-08-01 09:36:02 AM,580.5,0,0.0,34105755.25
2025-08-01 09:36:02 AM,580.45,0,0.0,34105755.25
2025-08-01 09:36:05 AM,580.5,0,0.0,34105755.25
2025-08-01 09:36:07 AM,580.2,166,96313.20000000001,34202068.45
2025-08-01 09:36:07 AM,580.2,19,11023.800000000001,34213092.25
2025-08-01 09:36:09 AM,580.5,0,0.0,34213092.25
2025-08-01 09:36:13 AM,580.5,4,2322.0,34215414.25
2025-08-01 09:36:13 AM,580.8,0,0.0,34215414.25
2025-08-01 09:36:14 AM,580.8,4,2323.2,34217737.45
2025-08-01 09:36:20 AM,580.1,1,580.1,34218317.550000004
2025-08-01 09:36:25 AM,580.35,0,0.0,34218317.550000004
2025-08-01 09:36:27 AM,580.15,220,127633.0,34345950.550000004
2025-08-01 09:36:27 AM,580.35,36,20892.600000000002,34366843.150000006
2025-08-01 09:36:33 AM,579.95,0,0.0,34366843.150000006
2025-08-01 09:36:33 AM,579.95,5,2899.75,34369742.900000006
2025-08-01 09:36:33 AM,580.5,2,1161.0,34370903.900000006
2025-08-01 09:36:39 AM,580.2,1,580.2,34371484.10000001
2025-08-01 09:36:39 AM,580.5,1,580.5,34372064.60000001
2025-08-01 09:36:52 AM,580.5,50,29025.0,34401089.60000001
2025-08-01 09:36:53 AM,580.5,2,1161.0,34402250.60000001
2025-08-01 09:36:57 AM,580.1,0,0.0,34402250.60000001
2025-08-01 09:36:59 AM,579.6,222,128671.20000000001,34530921.80000001
2025-08-01 09:37:00 AM,580.05,11,6380.549999999999,34537302.35000001
2025-08-01 09:37:02 AM,579.95,0,0.0,34537302.35000001
2025-08-01 09:37:06 AM,579.95,70,40596.5,34577898.85000001
2025-08-01 09:37:06 AM,579.95,4,2319.8,34580218.650000006
2025-08-01 09:37:11 AM,579.6,0,0.0,34580218.650000006
2025-08-01 09:37:13 AM,579.6,45,26082.0,34606300.650000006
2025-08-01 09:37:14 AM,579.8,4,2319.2,34608619.85000001
2025-08-01 09:37:15 AM,579.85,0,0.0,34608619.85000001
2025-08-01 09:37:20 AM,579.6,0,0.0,34608619.85000001
2025-08-01 09:37:20 AM,579.6,11,6375.6,34614995.45000001
2025-08-01 09:37:21 AM,579.85,1,579.85,34615575.30000001
2025-08-01 09:37:21 AM,579.7,0,0.0,34615575.30000001
2025-08-01 09:37:27 AM,579.5,253,146613.5,34762188.80000001
2025-08-01 09:37:27 AM,579.7,45,26086.500000000004,34788275.30000001
2025-08-01 09:37:34 AM,579.45,149,86338.05,34874613.35000001
2025-08-01 09:37:34 AM,579.6,34,19706.4,34894319.75000001
2025-08-01 09:37:35 AM,579.7,0,0.0,34894319.75000001
2025-08-01 09:37:39 AM,579.4,0,0.0,34894319.75000001
2025-08-01 09:37:41 AM,579.4,17,9849.8,34904169.550000004
2025-08-01 09:37:41 AM,579.45,3,1738.3500000000001,34905907.900000006
2025-08-01 09:37:47 AM,579.1,567,328349.7,35234257.60000001
2025-08-01 09:37:48 AM,579.1,28,16214.800000000001,35250472.400000006
2025-08-01 09:37:51 AM,579.0,0,0.0,35250472.400000006
2025-08-01 09:37:54 AM,578.6,132,76375.2,35326847.60000001
2025-08-01 09:37:54 AM,579.05,23,13318.15,35340165.75000001
2025-08-01 09:38:00 AM,578.65,0,0.0,35340165.75000001
2025-08-01 09:38:00 AM,578.65,2,1157.3,35341323.050000004
2025-08-01 09:38:00 AM,578.95,1,578.95,35341902.00000001
2025-08-01 09:38:17 AM,579.5,0,0.0,35341902.00000001
2025-08-01 09:38:21 AM,579.05,370,214248.49999999997,35556150.50000001
2025-08-01 09:38:21 AM,579.7,19,11014.300000000001,35567164.800000004
2025-08-01 09:38:27 AM,579.5,0,0.0,35567164.800000004
2025-08-01 09:38:28 AM,579.5,61,35349.5,35602514.300000004
2025-08-01 09:38:28 AM,579.7,4,2318.8,35604833.1
2025-08-01 09:38:32 AM,579.9,0,0.0,35604833.1
2025-08-01 09:38:35 AM,579.9,50,28995.0,35633828.1
2025-08-01 09:38:35 AM,579.9,3,1739.6999999999998,35635567.800000004
2025-08-01 09:38:37 AM,579.7,0,0.0,35635567.800000004
2025-08-01 09:38:41 AM,579.9,10,5799.0,35641366.800000004
2025-08-01 09:38:41 AM,579.9,1,579.9,35641946.7
2025-08-01 09:38:48 AM,579.45,238,137909.1,35779855.800000004
2025-08-01 09:38:48 AM,579.45,12,6953.400000000001,35786809.2
2025-08-01 09:38:49 AM,579.4,0,0.0,35786809.2
2025-08-01 09:38:53 AM,578.95,0,0.0,35786809.2
2025-08-01 09:38:54 AM,578.95,35,20263.25,35807072.45
2025-08-01 09:38:54 AM,579.4,3,1738.1999999999998,35808810.650000006
2025-08-01 09:39:12 AM,578.6,0,0.0,35808810.650000006
2025-08-01 09:39:15 AM,579.1,1139,659594.9,36468405.550000004
2025-08-01 09:39:21 AM,578.75,209,120958.75,36589364.300000004
2025-08-01 09:39:22 AM,579.1,0,0.0,36589364.300000004
2025-08-01 09:39:27 AM,578.75,0,0.0,36589364.300000004
2025-08-01 09:39:28 AM,579.1,20,11582.0,36600946.300000004
2025-08-01 09:39:29 AM,579.1,11,6370.1,36607316.400000006
2025-08-01 09:39:30 AM,578.7,0,0.0,36607316.400000006
2025-08-01 09:39:35 AM,578.7,304,175924.80000000002,36783241.2
2025-08-01 09:39:35 AM,578.7,33,19097.100000000002,36802338.300000004
2025-08-01 09:39:38 AM,579.15,0,0.0,36802338.300000004
2025-08-01 09:39:41 AM,578.7,26,15046.2,36817384.50000001
2025-08-01 09:39:42 AM,579.0,0,0.0,36817384.50000001
2025-08-01 09:39:48 AM,579.0,1,579.0,36817963.50000001
2025-08-01 09:39:54 AM,579.0,6,3474.0,36821437.50000001
2025-08-01 09:39:58 AM,578.7,0,0.0,36821437.50000001
2025-08-01 09:40:01 AM,578.7,1,578.7,36822016.20000001
2025-08-01 09:40:02 AM,579.0,0,0.0,36822016.20000001
2025-08-01 09:40:07 AM,578.7,22,12731.400000000001,36834747.60000001
2025-08-01 09:40:08 AM,579.0,2,1158.0,36835905.60000001
2025-08-01 09:40:11 AM,579.2,0,0.0,36835905.60000001
2025-08-01 09:40:14 AM,578.75,25,14468.75,36850374.35000001
2025-08-01 09:40:14 AM,579.0,0,0.0,36850374.35000001
2025-08-01 09:40:15 AM,579.0,11,6369.0,36856743.35000001
2025-08-01 09:40:21 AM,578.75,0,0.0,36856743.35000001
2025-08-01 09:40:21 AM,578.75,2,1157.5,36857900.85000001
2025-08-01 09:40:27 AM,578.75,18,10417.5,36868318.35000001
2025-08-01 09:40:28 AM,579.0,1,579.0,36868897.35000001
2025-08-01 09:40:34 AM,579.0,1,579.0,36869476.35000001
2025-08-01 09:40:40 AM,578.95,32,18526.4,36888002.75000001
2025-08-01 09:40:41 AM,578.95,14,8105.300000000001,36896108.050000004
2025-08-01 09:40:45 AM,578.75,0,0.0,36896108.050000004
2025-08-01 09:40:47 AM,578.95,227,131421.65000000002,37027529.7
2025-08-01 09:40:48 AM,578.95,34,19684.300000000003,37047214.0
2025-08-01 09:40:54 AM,578.7,20,11574.0,37058788.0
2025-08-01 09:40:55 AM,578.95,0,0.0,37058788.0
2025-08-01 09:41:00 AM,579.45,344,199330.80000000002,37258118.8
2025-08-01 09:41:00 AM,579.75,0,0.0,37258118.8
2025-08-01 09:41:01 AM,579.75,147,85223.25,37343342.05
2025-08-01 09:41:05 AM,579.65,0,0.0,37343342.05
2025-08-01 09:41:07 AM,579.2,137,79350.40000000001,37422692.449999996
2025-08-01 09:41:08 AM,579.65,12,6955.799999999999,37429648.24999999
2025-08-01 09:41:10 AM,579.9,0,0.0,37429648.24999999
2025-08-01 09:41:14 AM,579.65,8,4637.2,37434285.449999996
2025-08-01 09:41:14 AM,579.95,1,579.95,37434865.4
2025-08-01 09:41:20 AM,580.4,117,67906.8,37502772.199999996
2025-08-01 09:41:21 AM,580.4,18,10447.199999999999,37513219.4
2025-08-01 09:41:21 AM,580.45,0,0.0,37513219.4
2025-08-01 09:41:27 AM,580.15,7,4061.0499999999997,37517280.449999996
2025-08-01 09:41:29 AM,580.5,0,0.0,37517280.449999996
2025-08-01 09:41:33 AM,580.5,3,1741.5,37519021.949999996
2025-08-01 09:41:45 AM,580.55,0,0.0,37519021.949999996
2025-08-01 09:41:47 AM,580.55,16,9288.8,37528310.74999999
2025-08-01 09:41:49 AM,580.05,0,0.0,37528310.74999999
2025-08-01 09:41:53 AM,580.05,3,1740.1499999999999,37530050.89999999
2025-08-01 09:42:01 AM,580.5,0,0.0,37530050.89999999
2025-08-01 09:42:06 AM,579.9,569,329963.1,37860013.99999999
2025-08-01 09:42:06 AM,580.5,0,0.0,37860013.99999999
2025-08-01 09:42:07 AM,580.2,304,176380.80000000002,38036394.79999999
2025-08-01 09:42:11 AM,580.45,0,0.0,38036394.79999999
2025-08-01 09:42:13 AM,580.15,84,48732.6,38085127.39999999
2025-08-01 09:42:14 AM,580.2,0,0.0,38085127.39999999
2025-08-01 09:42:19 AM,579.65,198,114770.7,38199898.099999994
2025-08-01 09:42:20 AM,580.2,19,11023.800000000001,38210921.89999999
2025-08-01 09:42:23 AM,579.75,0,0.0,38210921.89999999
2025-08-01 09:42:26 AM,579.75,30,17392.5,38228314.39999999
2025-08-01 09:42:27 AM,579.25,423,245022.75,38473337.14999999
2025-08-01 09:42:28 AM,579.5,0,0.0,38473337.14999999
2025-08-01 09:42:32 AM,579.9,171,99162.9,38572500.04999999
2025-08-01 09:42:34 AM,579.9,62,35953.799999999996,38608453.84999999
2025-08-01 09:42:36 AM,580.2,0,0.0,38608453.84999999
2025-08-01 09:42:39 AM,580.2,16,9283.2,38617737.04999999
2025-08-01 09:42:40 AM,580.2,2,1160.4,38618897.44999999
2025-08-01 09:42:40 AM,580.65,0,0.0,38618897.44999999
2025-08-01 09:42:45 AM,580.65,36,20903.399999999998,38639800.84999999
2025-08-01 09:42:46 AM,580.25,7,4061.75,38643862.59999999
2025-08-01 09:42:48 AM,580.7,0,0.0,38643862.59999999
2025-08-01 09:42:52 AM,580.7,3,1742.1000000000001,38645604.69999999
2025-08-01 09:42:58 AM,580.95,8,4647.6,38650252.29999999
2025-08-01 09:43:04 AM,580.6,0,0.0,38650252.29999999
2025-08-01 09:43:05 AM,580.6,27,15676.2,38665928.49999999
2025-08-01 09:43:08 AM,581.0,0,0.0,38665928.49999999
2025-08-01 09:43:11 AM,580.6,2,1161.2,38667089.699999996
2025-08-01 09:43:12 AM,580.95,0,0.0,38667089.699999996
2025-08-01 09:43:16 AM,580.5,0,0.0,38667089.699999996
2025-08-01 09:43:18 AM,580.5,90,52245.0,38719334.699999996
2025-08-01 09:43:19 AM,580.7,20,11614.0,38730948.699999996
2025-08-01 09:43:20 AM,580.95,0,0.0,38730948.699999996
2025-08-01 09:43:24 AM,580.6,0,0.0,38730948.699999996
2025-08-01 09:43:25 AM,580.6,7,4064.2000000000003,38735012.9
2025-08-01 09:43:40 AM,580.95,0,0.0,38735012.9
2025-08-01 09:43:44 AM,580.95,1,580.95,38735593.85
2025-08-01 09:43:56 AM,580.75,0,0.0,38735593.85
2025-08-01 09:43:57 AM,580.6,570,330942.0,39066535.85
2025-08-01 09:43:58 AM,580.75,145,84208.75,39150744.6
2025-08-01 09:44:04 AM,581.6,0,0.0,39150744.6
2025-08-01 09:44:04 AM,581.6,230,133768.0,39284512.6
2025-08-01 09:44:04 AM,581.55,0,0.0,39284512.6
2025-08-01 09:44:05 AM,581.55,34,19772.699999999997,39304285.300000004
2025-08-01 09:44:09 AM,580.9,0,0.0,39304285.300000004
2025-08-01 09:44:11 AM,580.3,93,53967.899999999994,39358253.2
2025-08-01 09:44:12 AM,580.9,11,6389.9,39364643.1
2025-08-01 09:44:13 AM,580.45,0,0.0,39364643.1
2025-08-01 09:44:16 AM,580.0,0,0.0,39364643.1
2025-08-01 09:44:18 AM,580.0,72,41760.0,39406403.1
2025-08-01 09:44:19 AM,579.55,0,0.0,39406403.1
2025-08-01 09:44:19 AM,579.55,6,3477.2999999999997,39409880.4
2025-08-01 09:44:20 AM,580.1,0,0.0,39409880.4
2025-08-01 09:44:22 AM,579.9,0,0.0,39409880.4
2025-08-01 09:44:24 AM,579.9,91,52770.9,39462651.3
2025-08-01 09:44:25 AM,579.65,6,3477.8999999999996,39466129.199999996
2025-08-01 09:44:26 AM,580.1,0,0.0,39466129.199999996
2025-08-01 09:44:28 AM,580.35,0,0.0,39466129.199999996
2025-08-01 09:44:31 AM,580.35,16,9285.6,39475414.8
2025-08-01 09:44:32 AM,579.85,0,0.0,39475414.8
2025-08-01 09:44:37 AM,579.85,1,579.85,39475994.65
2025-08-01 09:44:40 AM,580.3,0,0.0,39475994.65
2025-08-01 09:44:43 AM,580.3,1,580.3,39476574.949999996
2025-08-01 09:44:44 AM,580.3,5,2901.5,39479476.449999996
2025-08-01 09:44:50 AM,579.85,0,0.0,39479476.449999996
2025-08-01 09:44:50 AM,579.85,1,579.85,39480056.3
2025-08-01 09:44:52 AM,580.3,0,0.0,39480056.3
2025-08-01 09:44:56 AM,580.3,101,58610.299999999996,39538666.599999994
2025-08-01 09:44:57 AM,579.9,15,8698.5,39547365.099999994
2025-08-01 09:44:58 AM,580.3,0,0.0,39547365.099999994
2025-08-01 09:45:02 AM,579.85,0,0.0,39547365.099999994
2025-08-01 09:45:03 AM,579.85,21,12176.85,39559541.949999996
2025-08-01 09:45:05 AM,580.3,0,0.0,39559541.949999996
2025-08-01 09:45:07 AM,579.85,0,0.0,39559541.949999996
2025-08-01 09:45:10 AM,579.85,269,155979.65,39715521.599999994
2025-08-01 09:45:10 AM,579.5,0,0.0,39715521.599999994
2025-08-01 09:45:11 AM,579.5,32,18544.0,39734065.599999994
2025-08-01 09:45:12 AM,579.15,0,0.0,39734065.599999994
2025-08-01 09:45:16 AM,579.15,47,27220.05,39761285.64999999
2025-08-01 09:45:21 AM,579.5,0,0.0,39761285.64999999
2025-08-01 09:45:23 AM,579.5,2,1159.0,39762444.64999999
2025-08-01 09:45:35 AM,579.45,36,20860.2,39783304.849999994
2025-08-01 09:45:36 AM,579.5,0,0.0,39783304.849999994
2025-08-01 09:45:37 AM,579.5,11,6374.5,39789679.349999994
2025-08-01 09:45:40 AM,579.15,0,0.0,39789679.349999994
2025-08-01 09:45:42 AM,579.15,6,3474.8999999999996,39793154.24999999
2025-08-01 09:45:44 AM,579.5,0,0.0,39793154.24999999
2025-08-01 09:45:45 AM,579.8,0,0.0,39793154.24999999
2025-08-01 09:45:49 AM,579.8,50,28989.999999999996,39822144.24999999
2025-08-01 09:45:50 AM,579.8,1,579.8,39822724.04999999
2025-08-01 09:45:52 AM,580.3,0,0.0,39822724.04999999
2025-08-01 09:45:55 AM,580.3,13,7543.9,39830267.94999999
2025-08-01 09:45:56 AM,579.9,2,1159.8,39831427.749999985
2025-08-01 09:45:58 AM,580.3,0,0.0,39831427.749999985
2025-08-01 09:46:01 AM,580.3,1,580.3,39832008.04999998
2025-08-01 09:46:16 AM,580.15,10,5801.5,39837809.54999998
2025-08-01 09:46:21 AM,579.85,0,0.0,39837809.54999998
2025-08-01 09:46:21 AM,579.25,146,84570.5,39922380.04999998
2025-08-01 09:46:22 AM,579.65,0,0.0,39922380.04999998
2025-08-01 09:46:23 AM,579.65,20,11593.0,39933973.04999998
2025-08-01 09:46:25 AM,579.7,0,0.0,39933973.04999998
2025-08-01 09:46:27 AM,579.7,9,5217.3,39939190.34999998
2025-08-01 09:46:29 AM,579.7,10,5797.0,39944987.34999998
2025-08-01 09:46:34 AM,579.7,3,1739.1000000000001,39946726.44999998
2025-08-01 09:46:34 AM,579.2,0,0.0,39946726.44999998
2025-08-01 09:46:36 AM,579.65,120,69558.0,40016284.44999998
2025-08-01 09:46:40 AM,579.65,22,12752.3,40029036.74999998
2025-08-01 09:46:41 AM,579.4,0,0.0,40029036.74999998
2025-08-01 09:46:42 AM,579.4,5,2897.0,40031933.74999998
2025-08-01 09:46:42 AM,579.65,0,0.0,40031933.74999998
2025-08-01 09:46:46 AM,579.65,1,579.65,40032513.399999976
2025-08-01 09:46:50 AM,579.4,0,0.0,40032513.399999976
2025-08-01 09:46:52 AM,579.4,1,579.4,40033092.799999975
2025-08-01 09:46:57 AM,579.65,0,0.0,40033092.799999975
2025-08-01 09:46:59 AM,579.65,50,28982.5,40062075.299999975
2025-08-01 09:47:01 AM,579.2,6,3475.2000000000003,40065550.49999998
2025-08-01 09:47:01 AM,579.65,0,0.0,40065550.49999998
2025-08-01 09:47:05 AM,579.65,26,15070.9,40080621.399999976
2025-08-01 09:47:06 AM,579.25,0,0.0,40080621.399999976
2025-08-01 09:47:07 AM,579.25,13,7530.25,40088151.649999976
2025-08-01 09:47:09 AM,579.6,0,0.0,40088151.649999976
2025-08-01 09:47:10 AM,579.25,0,0.0,40088151.649999976
2025-08-01 09:47:11 AM,579.25,41,23749.25,40111900.899999976
2025-08-01 09:47:15 AM,579.7,0,0.0,40111900.899999976
2025-08-01 09:47:17 AM,579.7,2,1159.4,40113060.299999975
2025-08-01 09:47:19 AM,579.25,109,63138.25,40176198.549999975
2025-08-01 09:47:23 AM,579.25,69,39968.25,40216166.799999975
2025-08-01 09:47:25 AM,578.8,0,0.0,40216166.799999975
2025-08-01 09:47:26 AM,578.85,17,9840.45,40226007.24999998
2025-08-01 09:47:26 AM,579.2,0,0.0,40226007.24999998
2025-08-01 09:47:30 AM,579.2,21,12163.2,40238170.44999998
2025-08-01 09:47:32 AM,579.2,41,23747.2,40261917.64999998
2025-08-01 09:47:34 AM,579.15,0,0.0,40261917.64999998
2025-08-01 09:47:35 AM,578.85,0,0.0,40261917.64999998
2025-08-01 09:47:36 AM,578.85,8,4630.8,40266548.44999998
2025-08-01 09:47:55 AM,579.15,0,0.0,40266548.44999998
2025-08-01 09:47:57 AM,579.15,1,579.15,40267127.59999998
2025-08-01 09:48:04 AM,578.8,0,0.0,40267127.59999998
2025-08-01 09:48:06 AM,578.85,91,52675.35,40319802.94999998
2025-08-01 09:48:09 AM,578.8,0,0.0,40319802.94999998
2025-08-01 09:48:09 AM,578.8,24,13891.199999999999,40333694.14999998
2025-08-01 09:48:12 AM,578.3,0,0.0,40333694.14999998
2025-08-01 09:48:12 AM,578.3,4,2313.2,40336007.34999999
2025-08-01 09:48:12 AM,578.8,0,0.0,40336007.34999999
2025-08-01 09:48:16 AM,578.8,1,578.8,40336586.14999998
2025-08-01 09:48:29 AM,578.8,22,12733.599999999999,40349319.749999985
2025-08-01 09:48:35 AM,578.35,3,1735.0500000000002,40351054.79999998
2025-08-01 09:48:42 AM,578.75,258,149317.5,40500372.29999998
2025-08-01 09:48:44 AM,578.8,0,0.0,40500372.29999998
2025-08-01 09:48:44 AM,578.8,32,18521.6,40518893.89999998
2025-08-01 09:48:44 AM,578.75,0,0.0,40518893.89999998
2025-08-01 09:48:48 AM,578.5,0,0.0,40518893.89999998
2025-08-01 09:48:48 AM,578.75,21,12153.75,40531047.64999998
2025-08-01 09:48:52 AM,578.5,0,0.0,40531047.64999998
2025-08-01 09:48:54 AM,578.4,10,5784.0,40536831.64999998
2025-08-01 09:49:00 AM,578.75,0,0.0,40536831.64999998
2025-08-01 09:49:01 AM,578.75,1,578.75,40537410.39999998
2025-08-01 09:49:07 AM,579.45,440,254958.00000000003,40792368.39999998
2025-08-01 09:49:09 AM,579.45,60,34767.0,40827135.39999998
2025-08-01 09:49:12 AM,579.6,0,0.0,40827135.39999998
2025-08-01 09:49:13 AM,579.6,25,14490.0,40841625.39999998
2025-08-01 09:49:16 AM,579.2,0,0.0,40841625.39999998
2025-08-01 09:49:16 AM,579.2,3,1737.6000000000001,40843362.999999985
2025-08-01 09:49:16 AM,579.8,0,0.0,40843362.999999985
2025-08-01 09:49:19 AM,579.8,2,1159.6,40844522.59999999
2025-08-01 09:49:25 AM,579.35,0,0.0,40844522.59999999
2025-08-01 09:49:26 AM,579.35,9,5214.150000000001,40849736.749999985
2025-08-01 09:49:29 AM,579.4,0,0.0,40849736.749999985
2025-08-01 09:49:32 AM,579.4,10,5794.0,40855530.749999985
2025-08-01 09:49:35 AM,579.8,0,0.0,40855530.749999985
2025-08-01 09:49:38 AM,579.8,1,579.8,40856110.54999998
2025-08-01 09:49:46 AM,579.85,0,0.0,40856110.54999998
2025-08-01 09:49:47 AM,579.85,23,13336.550000000001,40869447.09999998
2025-08-01 09:49:51 AM,579.85,1,579.85,40870026.94999998
2025-08-01 09:49:53 AM,579.55,0,0.0,40870026.94999998
2025-08-01 09:49:53 AM,579.55,3,1738.6499999999999,40871765.59999998
2025-08-01 09:50:44 AM,579.65,127,73615.55,40945381.149999976
2025-08-01 09:50:45 AM,579.85,0,0.0,40945381.149999976
2025-08-01 09:50:48 AM,579.85,20,11597.0,40956978.149999976
2025-08-01 09:50:50 AM,579.55,2,1159.1,40958137.24999998
2025-08-01 09:50:51 AM,579.65,0,0.0,40958137.24999998
2025-08-01 09:50:54 AM,579.65,1,579.65,40958716.899999976
2025-08-01 09:51:06 AM,579.55,0,0.0,40958716.899999976
2025-08-01 09:51:07 AM,579.55,1,579.55,40959296.44999997
2025-08-01 09:51:18 AM,580.3,0,0.0,40959296.44999997
2025-08-01 09:51:20 AM,580.3,278,161323.4,41120619.84999997
2025-08-01 09:51:21 AM,580.45,317,184002.65000000002,41304622.49999997
2025-08-01 09:51:22 AM,580.5,0,0.0,41304622.49999997
2025-08-01 09:51:23 AM,581.1,0,0.0,41304622.49999997
2025-08-01 09:51:26 AM,581.1,36,20919.600000000002,41325542.09999997
2025-08-01 09:51:27 AM,581.65,0,0.0,41325542.09999997
2025-08-01 09:51:28 AM,581.55,97,56410.35,41381952.44999997
2025-08-01 09:51:30 AM,581.65,0,0.0,41381952.44999997
2025-08-01 09:51:31 AM,581.0,0,0.0,41381952.44999997
2025-08-01 09:51:32 AM,581.35,106,61623.100000000006,41443575.549999975
2025-08-01 09:51:33 AM,581.65,0,0.0,41443575.549999975
2025-08-01 09:51:34 AM,581.65,15,8724.75,41452300.299999975
2025-08-01 09:51:35 AM,581.75,0,0.0,41452300.299999975
2025-08-01 09:51:37 AM,581.1,0,0.0,41452300.299999975
2025-08-01 09:51:38 AM,581.1,434,252197.40000000002,41704497.69999997
2025-08-01 09:51:39 AM,581.2,0,0.0,41704497.69999997
2025-08-01 09:51:41 AM,580.75,45,26133.75,41730631.44999997
2025-08-01 09:51:41 AM,581.25,0,0.0,41730631.44999997
2025-08-01 09:51:45 AM,580.75,38,22068.5,41752699.94999997
2025-08-01 09:51:46 AM,581.2,0,0.0,41752699.94999997
2025-08-01 09:51:47 AM,580.75,14,8130.5,41760830.44999997
2025-08-01 09:51:47 AM,581.15,0,0.0,41760830.44999997
2025-08-01 09:51:51 AM,580.75,4,2323.0,41763153.44999997
2025-08-01 09:51:53 AM,580.75,1,580.75,41763734.19999997
2025-08-01 09:52:12 AM,580.5,0,0.0,41763734.19999997
2025-08-01 09:52:15 AM,580.95,0,0.0,41763734.19999997
2025-08-01 09:52:15 AM,580.95,147,85399.65000000001,41849133.84999997
2025-08-01 09:52:18 AM,581.15,37,21502.55,41870636.39999997
2025-08-01 09:52:18 AM,581.35,0,0.0,41870636.39999997
2025-08-01 09:52:21 AM,581.35,9,5232.150000000001,41875868.54999997
2025-08-01 09:52:24 AM,581.35,1,581.35,41876449.89999997
2025-08-01 09:52:24 AM,581.85,0,0.0,41876449.89999997
2025-08-01 09:52:27 AM,581.85,18,10473.300000000001,41886923.199999966
2025-08-01 09:52:32 AM,581.45,0,0.0,41886923.199999966
2025-08-01 09:52:34 AM,581.45,5,2907.25,41889830.449999966
2025-08-01 09:52:50 AM,580.5,0,0.0,41889830.449999966
2025-08-01 09:52:51 AM,581.15,0,0.0,41889830.449999966
2025-08-01 09:52:52 AM,581.15,1176,683432.4,42573262.849999964
2025-08-01 09:52:53 AM,581.7,0,0.0,42573262.849999964
2025-08-01 09:52:54 AM,581.7,138,80274.6,42653537.449999966
2025-08-01 09:52:56 AM,581.85,0,0.0,42653537.449999966
2025-08-01 09:52:58 AM,581.85,65,37820.25,42691357.699999966
2025-08-01 09:52:59 AM,581.7,0,0.0,42691357.699999966
2025-08-01 09:53:00 AM,581.7,14,8143.800000000001,42699501.49999996
2025-08-01 09:53:04 AM,581.7,4,2326.8,42701828.29999996
2025-08-01 09:53:05 AM,581.4,0,0.0,42701828.29999996
2025-08-01 09:53:06 AM,581.4,8,4651.2,42706479.49999996
2025-08-01 09:53:08 AM,581.7,0,0.0,42706479.49999996
2025-08-01 09:53:10 AM,581.7,2,1163.4,42707642.89999996
2025-08-01 09:53:12 AM,581.4,0,0.0,42707642.89999996
2025-08-01 09:53:12 AM,581.4,34,19767.6,42727410.49999996
2025-08-01 09:53:12 AM,581.7,0,0.0,42727410.49999996
2025-08-01 09:53:16 AM,581.7,3,1745.1000000000001,42729155.599999964
2025-08-01 09:53:40 AM,581.1,0,0.0,42729155.599999964
2025-08-01 09:53:41 AM,581.1,98,56947.8,42786103.39999996
2025-08-01 09:53:43 AM,581.1,16,9297.6,42795400.99999996
2025-08-01 09:53:44 AM,580.75,0,0.0,42795400.99999996
2025-08-01 09:53:48 AM,580.75,38,22068.5,42817469.49999996
2025-08-01 09:53:51 AM,581.1,0,0.0,42817469.49999996
2025-08-01 09:53:54 AM,581.1,2,1162.2,42818631.699999966
2025-08-01 09:54:25 AM,580.75,2,1161.5,42819793.199999966
2025-08-01 09:54:31 AM,580.5,144,83592.0,42903385.199999966
2025-08-01 09:54:32 AM,580.7,0,0.0,42903385.199999966
2025-08-01 09:54:32 AM,580.7,21,12194.7,42915579.89999997
2025-08-01 09:54:32 AM,580.75,0,0.0,42915579.89999997
2025-08-01 09:54:37 AM,580.75,8,4646.0,42920225.89999997
2025-08-01 09:54:40 AM,580.5,0,0.0,42920225.89999997
2025-08-01 09:54:43 AM,580.5,1,580.5,42920806.39999997
2025-08-01 09:55:05 AM,580.6,0,0.0,42920806.39999997
2025-08-01 09:55:06 AM,580.6,60,34836.0,42955642.39999997
2025-08-01 09:55:07 AM,581.0,344,199864.0,43155506.39999997
2025-08-01 09:55:08 AM,581.15,0,0.0,43155506.39999997
2025-08-01 09:55:12 AM,580.75,127,73755.25,43229261.64999997
2025-08-01 09:55:13 AM,580.3,14,8124.199999999999,43237385.84999997
2025-08-01 09:55:14 AM,580.75,0,0.0,43237385.84999997
2025-08-01 09:55:18 AM,580.3,0,0.0,43237385.84999997
2025-08-01 09:55:18 AM,580.3,25,14507.499999999998,43251893.34999997
2025-08-01 09:55:20 AM,580.3,2,1160.6,43253053.94999997
2025-08-01 09:55:20 AM,580.75,0,0.0,43253053.94999997
2025-08-01 09:55:21 AM,580.0,0,0.0,43253053.94999997
2025-08-01 09:55:23 AM,581.1,0,0.0,43253053.94999997
2025-08-01 09:55:24 AM,581.1,2125,1234837.5,44487891.44999997
2025-08-01 09:55:25 AM,581.05,246,142938.3,44630829.74999997
2025-08-01 09:55:27 AM,580.75,0,0.0,44630829.74999997
2025-08-01 09:55:30 AM,580.75,228,132411.0,44763240.74999997
2025-08-01 09:55:31 AM,580.7,73,42391.100000000006,44805631.84999997
2025-08-01 09:55:35 AM,580.35,0,0.0,44805631.84999997
2025-08-01 09:55:36 AM,580.35,33,19151.55,44824783.39999997
2025-08-01 09:55:37 AM,579.75,179,103775.25,44928558.64999997
2025-08-01 09:55:39 AM,579.95,0,0.0,44928558.64999997
2025-08-01 09:55:42 AM,579.35,96,55617.600000000006,44984176.24999997
2025-08-01 09:55:43 AM,579.15,0,0.0,44984176.24999997
2025-08-01 09:55:43 AM,579.15,4,2316.6,44986492.84999997
2025-08-01 09:55:44 AM,579.35,0,0.0,44986492.84999997
2025-08-01 09:55:48 AM,579.0,14,8106.0,44994598.84999997
2025-08-01 09:55:49 AM,579.35,11,6372.85,45000971.69999997
2025-08-01 09:55:55 AM,579.35,104,60252.4,45061224.09999997
2025-08-01 09:55:55 AM,579.35,11,6372.85,45067596.94999997
2025-08-01 09:55:58 AM,578.95,0,0.0,45067596.94999997
2025-08-01 09:56:01 AM,578.85,17,9840.45,45077437.399999976
2025-08-01 09:56:04 AM,579.5,0,0.0,45077437.399999976
2025-08-01 09:56:07 AM,579.5,1,579.5,45078016.899999976
2025-08-01 09:56:16 AM,579.3,0,0.0,45078016.899999976
2025-08-01 09:56:19 AM,579.3,72,41709.6,45119726.49999998
2025-08-01 09:56:19 AM,579.55,10,5795.5,45125521.99999998
2025-08-01 09:56:22 AM,579.7,0,0.0,45125521.99999998
2025-08-01 09:56:25 AM,579.7,4,2318.8,45127840.799999975
2025-08-01 09:56:25 AM,579.35,1,579.35,45128420.149999976
2025-08-01 09:56:36 AM,579.35,55,31864.25,45160284.399999976
2025-08-01 09:56:38 AM,579.75,0,0.0,45160284.399999976
2025-08-01 09:56:42 AM,579.75,3,1739.25,45162023.649999976
2025-08-01 09:56:43 AM,579.35,0,0.0,45162023.649999976
2025-08-01 09:56:43 AM,579.35,1,579.35,45162602.99999998
2025-08-01 09:56:54 AM,579.0,0,0.0,45162602.99999998
2025-08-01 09:56:55 AM,579.0,82,47478.0,45210080.99999998
2025-08-01 09:56:56 AM,578.85,7,4051.9500000000003,45214132.94999998
2025-08-01 09:56:58 AM,578.65,0,0.0,45214132.94999998
2025-08-01 09:57:00 AM,578.3,80,46264.0,45260396.94999998
2025-08-01 09:57:02 AM,578.3,13,7517.9,45267914.84999998
2025-08-01 09:57:06 AM,578.15,0,0.0,45267914.84999998
2025-08-01 09:57:07 AM,578.15,13,7515.95,45275430.79999998
2025-08-01 09:57:10 AM,578.3,0,0.0,45275430.79999998
2025-08-01 09:57:12 AM,578.3,1,578.3,45276009.09999998
2025-08-01 09:57:29 AM,578.15,223,128927.45,45404936.54999998
2025-08-01 09:57:32 AM,578.15,6,3468.8999999999996,45408405.44999998
2025-08-01 09:57:34 AM,578.3,0,0.0,45408405.44999998
2025-08-01 09:57:35 AM,578.3,41,23710.3,45432115.74999998
2025-08-01 09:57:38 AM,578.3,25,14457.499999999998,45446573.24999998
2025-08-01 09:57:41 AM,578.15,7,4047.0499999999997,45450620.299999975
2025-08-01 09:57:44 AM,578.15,1,578.15,45451198.44999997
2025-08-01 09:58:09 AM,578.15,110,63596.5,45514794.94999997
2025-08-01 09:58:12 AM,578.2,0,0.0,45514794.94999997
2025-08-01 09:58:12 AM,578.2,24,13876.800000000001,45528671.74999997
2025-08-01 09:58:15 AM,577.85,0,0.0,45528671.74999997
2025-08-01 09:58:15 AM,577.85,2,1155.7,45529827.44999997
2025-08-01 09:58:18 AM,578.1,1,578.1,45530405.549999975
2025-08-01 09:58:23 AM,577.85,0,0.0,45530405.549999975
2025-08-01 09:58:24 AM,577.85,5,2889.25,45533294.799999975
2025-08-01 09:59:03 AM,577.75,65,37553.75,45570848.549999975
2025-08-01 09:59:04 AM,577.65,0,0.0,45570848.549999975
2025-08-01 09:59:06 AM,577.65,40,23106.0,45593954.549999975
2025-08-01 09:59:09 AM,577.35,0,0.0,45593954.549999975
2025-08-01 09:59:09 AM,577.35,5,2886.75,45596841.299999975
2025-08-01 09:59:13 AM,577.7,0,0.0,45596841.299999975
2025-08-01 09:59:13 AM,577.7,2,1155.4,45597996.69999997
2025-08-01 09:59:17 AM,577.65,0,0.0,45597996.69999997
2025-08-01 09:59:19 AM,577.65,1,577.65,45598574.34999997
2025-08-01 09:59:22 AM,577.65,1,577.65,45599151.99999997
2025-08-01 09:59:25 AM,577.65,50,28882.5,45628034.49999997
2025-08-01 09:59:28 AM,576.65,1812,1044889.7999999999,46672924.29999997
2025-08-01 09:59:32 AM,576.65,212,122249.79999999999,46795174.099999964
2025-08-01 09:59:33 AM,576.95,0,0.0,46795174.099999964
2025-08-01 09:59:35 AM,576.95,87,50194.65,46845368.74999996
2025-08-01 09:59:36 AM,576.65,0,0.0,46845368.74999996
2025-08-01 09:59:38 AM,576.25,34,19592.5,46864961.24999996
2025-08-01 09:59:41 AM,576.3,0,0.0,46864961.24999996
2025-08-01 09:59:41 AM,576.4,2,1152.8,46866114.04999996
2025-08-01 09:59:42 AM,576.65,0,0.0,46866114.04999996
2025-08-01 09:59:44 AM,576.2,112,64534.40000000001,46930648.44999996
2025-08-01 09:59:45 AM,576.65,0,0.0,46930648.44999996
2025-08-01 09:59:47 AM,576.65,18,10379.699999999999,46941028.14999996
2025-08-01 09:59:50 AM,576.25,9,5186.25,46946214.39999996
2025-08-01 09:59:53 AM,576.3,0,0.0,46946214.39999996
2025-08-01 09:59:53 AM,576.3,1,576.3,46946790.69999996
2025-08-01 09:59:59 AM,577.0,349,201373.0,47148163.69999996
2025-08-01 10:00:00 AM,577.3,0,0.0,47148163.69999996
2025-08-01 10:00:03 AM,577.3,21,12123.3,47160286.999999955
2025-08-01 10:00:05 AM,577.2,0,0.0,47160286.999999955
2025-08-01 10:00:05 AM,577.05,47,27121.35,47187408.34999996
2025-08-01 10:00:09 AM,577.2,5,2886.0,47190294.34999996
2025-08-01 10:00:10 AM,577.5,0,0.0,47190294.34999996
2025-08-01 10:00:12 AM,577.5,9,5197.5,47195491.84999996
2025-08-01 10:00:16 AM,577.05,0,0.0,47195491.84999996
2025-08-01 10:00:16 AM,577.05,3,1731.1499999999999,47197222.999999955
2025-08-01 10:00:28 AM,577.45,8,4619.6,47201842.59999996
2025-08-01 10:00:34 AM,576.9,166,95765.4,47297607.999999955
2025-08-01 10:00:35 AM,576.85,0,0.0,47297607.999999955
2025-08-01 10:00:38 AM,576.85,22,12690.7,47310298.69999996
2025-08-01 10:00:41 AM,576.85,10,5768.5,47316067.19999996
2025-08-01 10:00:44 AM,576.9,11,6345.9,47322413.09999996
2025-08-01 10:00:47 AM,577.3,0,0.0,47322413.09999996
2025-08-01 10:00:47 AM,577.3,52,30019.6,47352432.69999996
2025-08-01 10:00:50 AM,576.9,6,3461.3999999999996,47355894.09999996
2025-08-01 10:00:53 AM,577.35,0,0.0,47355894.09999996
2025-08-01 10:00:53 AM,577.35,3,1732.0500000000002,47357626.149999954
2025-08-01 10:01:09 AM,577.45,31,17900.95,47375527.09999996
2025-08-01 10:01:10 AM,577.5,0,0.0,47375527.09999996
2025-08-01 10:01:12 AM,577.5,6,3465.0,47378992.09999996
2025-08-01 10:01:16 AM,577.5,1,577.5,47379569.59999996
2025-08-01 10:01:18 AM,577.9,7,4045.2999999999997,47383614.899999954
2025-08-01 10:01:20 AM,577.85,0,0.0,47383614.899999954
2025-08-01 10:01:22 AM,577.45,39,22520.550000000003,47406135.44999995
2025-08-01 10:01:23 AM,577.55,0,0.0,47406135.44999995
2025-08-01 10:01:25 AM,577.55,4,2310.2,47408445.649999954
2025-08-01 10:01:40 AM,577.8,3,1733.3999999999999,47410179.04999995
2025-08-01 10:01:59 AM,577.8,1,577.8,47410756.84999995
2025-08-01 10:02:01 AM,577.8,10,5778.0,47416534.84999995
2025-08-01 10:02:05 AM,577.55,1,577.55,47417112.39999995
2025-08-01 10:02:06 AM,577.8,0,0.0,47417112.39999995
2025-08-01 10:02:07 AM,577.8,1,577.8,47417690.19999994
2025-08-01 10:02:11 AM,577.6,0,0.0,47417690.19999994
2025-08-01 10:02:11 AM,577.6,1,577.6,47418267.799999945
2025-08-01 10:02:29 AM,577.8,0,0.0,47418267.799999945
2025-08-01 10:02:30 AM,577.8,1,577.8,47418845.59999994
2025-08-01 10:02:36 AM,577.6,16,9241.6,47428087.19999994
2025-08-01 10:02:38 AM,577.35,120,69282.0,47497369.19999994
2025-08-01 10:02:43 AM,577.35,9,5196.150000000001,47502565.34999994
2025-08-01 10:02:45 AM,577.5,15,8662.5,47511227.84999994
2025-08-01 10:02:50 AM,577.35,2,1154.7,47512382.549999945
2025-08-01 10:02:51 AM,577.5,0,0.0,47512382.549999945
2025-08-01 10:02:51 AM,577.5,1,577.5,47512960.049999945
2025-08-01 10:02:56 AM,577.5,2,1155.0,47514115.049999945
2025-08-01 10:03:15 AM,577.25,0,0.0,47514115.049999945
2025-08-01 10:03:15 AM,577.25,297,171443.25,47685558.299999945
2025-08-01 10:03:16 AM,577.5,0,0.0,47685558.299999945
2025-08-01 10:03:17 AM,577.5,51,29452.5,47715010.799999945
2025-08-01 10:03:21 AM,577.5,227,131092.5,47846103.299999945
2025-08-01 10:03:23 AM,578.25,0,0.0,47846103.299999945
2025-08-01 10:03:24 AM,578.25,279,161331.75,48007435.049999945
2025-08-01 10:03:27 AM,577.65,0,0.0,48007435.049999945
2025-08-01 10:03:28 AM,577.35,175,101036.25,48108471.299999945
2025-08-01 10:03:30 AM,578.1,65,37576.5,48146047.799999945
2025-08-01 10:03:35 AM,577.7,0,0.0,48146047.799999945
2025-08-01 10:03:35 AM,577.7,6,3466.2000000000003,48149513.99999995
2025-08-01 10:03:35 AM,578.1,0,0.0,48149513.99999995
2025-08-01 10:03:36 AM,578.1,4,2312.4,48151826.39999995
2025-08-01 10:03:41 AM,577.65,1,577.65,48152404.049999945
2025-08-01 10:03:59 AM,577.75,0,0.0,48152404.049999945
2025-08-01 10:03:59 AM,577.75,39,22532.25,48174936.299999945
2025-08-01 10:04:01 AM,578.3,14,8096.199999999999,48183032.49999995
2025-08-01 10:04:05 AM,577.8,1,577.8,48183610.299999945
2025-08-01 10:04:15 AM,578.0,0,0.0,48183610.299999945
2025-08-01 10:04:18 AM,577.6,196,113209.6,48296819.89999995
2025-08-01 10:04:20 AM,577.85,0,0.0,48296819.89999995
2025-08-01 10:04:20 AM,577.6,53,30612.800000000003,48327432.69999994
2025-08-01 10:04:24 AM,577.35,243,140296.05000000002,48467728.74999994
2025-08-01 10:04:26 AM,577.45,45,25985.250000000004,48493713.99999994
2025-08-01 10:04:31 AM,576.75,0,0.0,48493713.99999994
2025-08-01 10:04:31 AM,576.75,9,5190.75,48498904.74999994
2025-08-01 10:04:33 AM,576.75,3,1730.25,48500634.99999994
2025-08-01 10:04:37 AM,576.35,1,576.35,48501211.34999994
2025-08-01 10:04:41 AM,576.75,0,0.0,48501211.34999994
2025-08-01 10:04:43 AM,576.75,15,8651.25,48509862.59999994
2025-08-01 10:04:45 AM,576.3,3,1728.8999999999999,48511591.49999994
2025-08-01 10:04:46 AM,576.75,0,0.0,48511591.49999994
2025-08-01 10:04:49 AM,576.75,27,15572.25,48527163.74999994
2025-08-01 10:04:51 AM,576.45,4,2305.8,48529469.54999994
2025-08-01 10:04:53 AM,576.75,0,0.0,48529469.54999994
2025-08-01 10:04:56 AM,576.75,5,2883.75,48532353.29999994
2025-08-01 10:04:58 AM,576.75,11,6344.25,48538697.54999994
2025-08-01 10:05:01 AM,576.35,0,0.0,48538697.54999994
2025-08-01 10:05:02 AM,576.35,2,1152.7,48539850.24999994
2025-08-01 10:05:22 AM,576.75,25,14418.75,48554268.99999994
2025-08-01 10:05:28 AM,576.35,0,0.0,48554268.99999994
2025-08-01 10:05:28 AM,576.35,5,2881.75,48557150.74999994
2025-08-01 10:05:49 AM,576.25,0,0.0,48557150.74999994
2025-08-01 10:05:51 AM,576.25,18,10372.5,48567523.24999994
2025-08-01 10:05:53 AM,576.25,1,576.25,48568099.49999994
2025-08-01 10:05:57 AM,576.25,23,13253.75,48581353.24999994
2025-08-01 10:05:59 AM,576.25,1,576.25,48581929.49999994
2025-08-01 10:06:02 AM,575.75,27,15545.25,48597474.74999994
2025-08-01 10:06:05 AM,576.25,0,0.0,48597474.74999994
2025-08-01 10:06:05 AM,576.25,2,1152.5,48598627.24999994
2025-08-01 10:06:11 AM,577.3,733,423160.89999999997,49021788.14999994
2025-08-01 10:06:12 AM,576.65,0,0.0,49021788.14999994
2025-08-01 10:06:14 AM,576.65,428,246806.19999999998,49268594.34999994
2025-08-01 10:06:15 AM,576.7,0,0.0,49268594.34999994
2025-08-01 10:06:17 AM,576.7,97,55939.9,49324534.24999994
2025-08-01 10:06:19 AM,576.75,0,0.0,49324534.24999994
2025-08-01 10:06:20 AM,576.75,34,19609.5,49344143.74999994
2025-08-01 10:06:21 AM,576.9,0,0.0,49344143.74999994
2025-08-01 10:06:23 AM,576.9,7,4038.2999999999997,49348182.04999994
2025-08-01 10:06:24 AM,576.55,0,0.0,49348182.04999994
2025-08-01 10:06:26 AM,576.15,17,9794.55,49357976.599999934
2025-08-01 10:06:28 AM,576.2,0,0.0,49357976.599999934
2025-08-01 10:06:28 AM,575.7,18,10362.6,49368339.199999936
2025-08-01 10:06:34 AM,576.0,0,0.0,49368339.199999936
2025-08-01 10:06:34 AM,576.0,1,576.0,49368915.199999936
2025-08-01 10:06:38 AM,575.1,0,0.0,49368915.199999936
2025-08-01 10:06:38 AM,575.1,111,63836.100000000006,49432751.29999994
2025-08-01 10:06:40 AM,575.75,7,4030.25,49436781.54999994
2025-08-01 10:06:43 AM,576.0,0,0.0,49436781.54999994
2025-08-01 10:06:44 AM,575.8,206,118614.79999999999,49555396.349999934
2025-08-01 10:06:46 AM,575.75,10,5757.5,49561153.849999934
2025-08-01 10:06:50 AM,575.75,22,12666.5,49573820.349999934
2025-08-01 10:06:52 AM,576.15,2,1152.3,49574972.64999993
2025-08-01 10:06:58 AM,575.75,0,0.0,49574972.64999993
2025-08-01 10:06:59 AM,575.75,219,126089.25,49701061.89999993
2025-08-01 10:07:03 AM,575.25,0,0.0,49701061.89999993
2025-08-01 10:07:03 AM,575.25,30,17257.5,49718319.39999993
2025-08-01 10:07:05 AM,575.25,18,10354.5,49728673.89999993
2025-08-01 10:07:11 AM,575.75,1,575.75,49729249.64999993
2025-08-01 10:07:24 AM,575.25,5,2876.25,49732125.89999993
2025-08-01 10:07:28 AM,575.75,0,0.0,49732125.89999993
2025-08-01 10:07:28 AM,575.75,2,1151.5,49733277.39999993
2025-08-01 10:07:42 AM,575.75,50,28787.5,49762064.89999993
2025-08-01 10:07:46 AM,575.75,12,6909.0,49768973.89999993
2025-08-01 10:07:48 AM,575.35,9,5178.150000000001,49774152.04999993
2025-08-01 10:07:50 AM,575.5,0,0.0,49774152.04999993
2025-08-01 10:07:52 AM,575.5,36,20718.0,49794870.04999993
2025-08-01 10:07:54 AM,575.5,2,1151.0,49796021.04999993
2025-08-01 10:07:55 AM,575.6,0,0.0,49796021.04999993
2025-08-01 10:07:58 AM,575.6,35,20146.0,49816167.04999993
2025-08-01 10:08:00 AM,575.2,0,0.0,49816167.04999993
2025-08-01 10:08:00 AM,575.2,15,8628.0,49824795.04999993
2025-08-01 10:08:04 AM,575.05,2,1150.1,49825945.14999993
2025-08-01 10:08:05 AM,575.2,0,0.0,49825945.14999993
2025-08-01 10:08:06 AM,575.2,24,13804.800000000001,49839749.94999993
2025-08-01 10:08:09 AM,575.5,0,0.0,49839749.94999993
2025-08-01 10:08:11 AM,575.5,500,287750.0,50127499.94999993
2025-08-01 10:08:13 AM,575.75,53,30514.75,50158014.69999993
2025-08-01 10:08:17 AM,575.75,9,5181.75,50163196.44999993
2025-08-01 10:08:18 AM,576.25,0,0.0,50163196.44999993
2025-08-01 10:08:19 AM,576.25,67,38608.75,50201805.19999993
2025-08-01 10:08:23 AM,575.65,0,0.0,50201805.19999993
2025-08-01 10:08:23 AM,575.65,8,4605.2,50206410.39999993
2025-08-01 10:08:24 AM,576.05,0,0.0,50206410.39999993
2025-08-01 10:08:25 AM,575.55,0,0.0,50206410.39999993
2025-08-01 10:08:25 AM,575.55,5,2877.75,50209288.14999993
2025-08-01 10:08:41 AM,575.55,15,8633.25,50217921.39999993
2025-08-01 10:08:42 AM,575.8,0,0.0,50217921.39999993
2025-08-01 10:08:43 AM,575.35,21,12082.35,50230003.74999993
2025-08-01 10:08:45 AM,575.55,0,0.0,50230003.74999993
2025-08-01 10:08:46 AM,576.0,0,0.0,50230003.74999993
2025-08-01 10:08:47 AM,576.0,3,1728.0,50231731.74999993
2025-08-01 10:08:48 AM,576.3,0,0.0,50231731.74999993
2025-08-01 10:08:49 AM,576.3,2,1152.6,50232884.349999934
2025-08-01 10:08:53 AM,575.75,1,575.75,50233460.099999934
2025-08-01 10:09:03 AM,575.8,0,0.0,50233460.099999934
2025-08-01 10:09:05 AM,575.8,10,5758.0,50239218.099999934
2025-08-01 10:09:17 AM,576.25,1,576.25,50239794.349999934
2025-08-01 10:09:53 AM,576.25,172,99115.0,50338909.349999934
2025-08-01 10:09:57 AM,576.25,25,14406.25,50353315.599999934
2025-08-01 10:09:59 AM,576.0,0,0.0,50353315.599999934
2025-08-01 10:09:59 AM,576.0,25,14400.0,50367715.599999934
2025-08-01 10:10:03 AM,576.0,2,1152.0,50368867.599999934
2025-08-01 10:10:04 AM,576.25,0,0.0,50368867.599999934
2025-08-01 10:10:05 AM,576.25,1,576.25,50369443.849999934
2025-08-01 10:10:10 AM,576.25,9,5186.25,50374630.099999934
2025-08-01 10:10:15 AM,576.25,9,5186.25,50379816.349999934
2025-08-01 10:10:17 AM,576.25,23,13253.75,50393070.099999934
2025-08-01 10:10:22 AM,575.95,4,2303.8,50395373.89999993
2025-08-01 10:10:38 AM,575.95,40,23038.0,50418411.89999993
2025-08-01 10:10:40 AM,575.95,14,8063.300000000001,50426475.19999993
2025-08-01 10:10:42 AM,575.75,0,0.0,50426475.19999993
2025-08-01 10:10:43 AM,575.95,0,0.0,50426475.19999993
2025-08-01 10:10:45 AM,575.95,61,35132.950000000004,50461608.14999993
2025-08-01 10:10:46 AM,575.95,4,2303.8,50463911.94999993
2025-08-01 10:10:51 AM,575.75,0,0.0,50463911.94999993
2025-08-01 10:10:51 AM,575.75,2,1151.5,50465063.44999993
2025-08-01 10:10:56 AM,575.75,5,2878.75,50467942.19999993
2025-08-01 10:10:57 AM,575.8,0,0.0,50467942.19999993
2025-08-01 10:10:58 AM,575.8,2,1151.6,50469093.79999993
2025-08-01 10:11:04 AM,575.6,1,575.6,50469669.39999993
2025-08-01 10:11:20 AM,575.8,165,95006.99999999999,50564676.39999993
2025-08-01 10:11:21 AM,575.8,38,21880.399999999998,50586556.79999993
2025-08-01 10:11:26 AM,575.6,19,10936.4,50597493.19999993
2025-08-01 10:11:27 AM,575.6,15,8634.0,50606127.19999993
2025-08-01 10:11:31 AM,575.55,4,2302.2,50608429.39999993
2025-08-01 10:11:33 AM,575.6,0,0.0,50608429.39999993
2025-08-01 10:11:33 AM,575.6,1,575.6,50609004.99999993
2025-08-01 10:11:36 AM,575.55,0,0.0,50609004.99999993
2025-08-01 10:11:37 AM,575.55,5,2877.75,50611882.74999993
2025-08-01 10:11:42 AM,575.6,0,0.0,50611882.74999993
2025-08-01 10:11:43 AM,575.6,1,575.6,50612458.349999934
2025-08-01 10:11:54 AM,575.6,88,50652.8,50663111.14999993
2025-08-01 10:11:56 AM,575.6,19,10936.4,50674047.54999993
2025-08-01 10:12:00 AM,575.55,0,0.0,50674047.54999993
2025-08-01 10:12:01 AM,575.45,8,4603.6,50678651.14999993
2025-08-01 10:12:02 AM,575.55,1,575.55,50679226.69999993
2025-08-01 10:12:04 AM,575.45,0,0.0,50679226.69999993
2025-08-01 10:12:07 AM,575.45,3,1726.3500000000001,50680953.04999993
2025-08-01 10:12:18 AM,575.45,2,1150.9,50682103.94999993
2025-08-01 10:12:24 AM,575.25,0,0.0,50682103.94999993
2025-08-01 10:12:24 AM,575.55,70,40288.5,50722392.44999993
2025-08-01 10:12:25 AM,575.75,15,8636.25,50731028.69999993
2025-08-01 10:12:30 AM,575.75,1,575.75,50731604.44999993
2025-08-01 10:12:30 AM,576.25,14,8067.5,50739671.94999993
2025-08-01 10:12:36 AM,575.8,0,0.0,50739671.94999993
2025-08-01 10:12:36 AM,575.8,2,1151.6,50740823.54999993
2025-08-01 10:12:36 AM,576.3,0,0.0,50740823.54999993
2025-08-01 10:12:36 AM,576.3,1,576.3,50741399.84999993
2025-08-01 10:12:41 AM,576.4,10,5764.0,50747163.84999993
2025-08-01 10:12:47 AM,576.0,1,576.0,50747739.84999993
2025-08-01 10:13:10 AM,576.3,0,0.0,50747739.84999993
2025-08-01 10:13:10 AM,576.3,36,20746.8,50768486.649999924
2025-08-01 10:13:11 AM,576.3,4,2305.2,50770791.84999993
2025-08-01 10:13:16 AM,576.3,17,9797.099999999999,50780588.94999993
2025-08-01 10:13:17 AM,576.55,3,1729.6499999999999,50782318.59999993
2025-08-01 10:14:38 AM,576.3,934,538264.2,51320582.79999993
2025-08-01 10:14:39 AM,576.05,0,0.0,51320582.79999993
2025-08-01 10:14:39 AM,576.05,47,27074.35,51347657.14999993
2025-08-01 10:14:44 AM,576.05,110,63365.49999999999,51411022.64999993
2025-08-01 10:14:45 AM,576.05,8,4608.4,51415631.04999993
2025-08-01 10:14:48 AM,575.65,0,0.0,51415631.04999993
2025-08-01 10:14:50 AM,575.65,122,70229.3,51485860.34999993
2025-08-01 10:14:51 AM,575.65,28,16118.199999999999,51501978.54999993
2025-08-01 10:14:55 AM,575.65,13,7483.45,51509461.99999993
2025-08-01 10:14:56 AM,575.65,16,9210.4,51518672.39999993
2025-08-01 10:15:01 AM,575.65,3,1726.9499999999998,51520399.349999934
2025-08-01 10:15:02 AM,575.65,1,575.65,51520974.99999993
2025-08-01 10:15:07 AM,575.55,16,9208.8,51530183.79999993
2025-08-01 10:15:08 AM,575.65,0,0.0,51530183.79999993
2025-08-01 10:15:08 AM,575.65,1,575.65,51530759.44999993
2025-08-01 10:15:13 AM,575.65,14,8059.099999999999,51538818.54999993
2025-08-01 10:15:13 AM,575.65,1,575.65,51539394.19999993
2025-08-01 10:15:16 AM,576.0,0,0.0,51539394.19999993
2025-08-01 10:15:19 AM,576.0,1257,724032.0,52263426.19999993
2025-08-01 10:15:19 AM,575.8,64,36851.2,52300277.39999993
2025-08-01 10:15:21 AM,575.85,0,0.0,52300277.39999993
2025-08-01 10:15:25 AM,575.5,149,85749.5,52386026.89999993
2025-08-01 10:15:26 AM,575.85,0,0.0,52386026.89999993
2025-08-01 10:15:26 AM,575.85,10,5758.5,52391785.39999993
2025-08-01 10:15:27 AM,575.5,0,0.0,52391785.39999993
2025-08-01 10:15:31 AM,575.5,18,10359.0,52402144.39999993
2025-08-01 10:15:32 AM,575.85,13,7486.05,52409630.44999993
2025-08-01 10:15:37 AM,575.5,2,1151.0,52410781.44999993
2025-08-01 10:15:42 AM,575.7,0,0.0,52410781.44999993
2025-08-01 10:15:43 AM,575.7,617,355206.9,52765988.34999993
2025-08-01 10:15:44 AM,575.75,31,17848.25,52783836.59999993
2025-08-01 10:15:45 AM,575.9,0,0.0,52783836.59999993
2025-08-01 10:15:49 AM,575.9,7,4031.2999999999997,52787867.899999924
2025-08-01 10:15:49 AM,575.95,2,1151.9,52789019.79999992
2025-08-01 10:15:52 AM,576.3,0,0.0,52789019.79999992
2025-08-01 10:15:55 AM,576.3,20,11526.0,52800545.79999992
2025-08-01 10:15:55 AM,576.6,1,576.6,52801122.399999924
2025-08-01 10:16:01 AM,576.6,34,19604.4,52820726.79999992
2025-08-01 10:16:01 AM,576.3,2,1152.6,52821879.399999924
2025-08-01 10:16:02 AM,575.9,0,0.0,52821879.399999924
2025-08-01 10:16:03 AM,575.8,0,0.0,52821879.399999924
2025-08-01 10:16:06 AM,575.8,17,9788.599999999999,52831667.999999925
2025-08-01 10:16:06 AM,576.2,1,576.2,52832244.19999993
2025-08-01 10:16:38 AM,576.0,0,0.0,52832244.19999993
2025-08-01 10:16:42 AM,576.0,87,50112.0,52882356.19999993
2025-08-01 10:16:42 AM,576.0,16,9216.0,52891572.19999993
2025-08-01 10:16:47 AM,575.6,14,8058.400000000001,52899630.59999993
2025-08-01 10:16:49 AM,575.55,0,0.0,52899630.59999993
2025-08-01 10:16:53 AM,575.55,2,1151.1,52900781.69999993
2025-08-01 10:16:54 AM,575.8,0,0.0,52900781.69999993
2025-08-01 10:16:58 AM,575.8,17,9788.599999999999,52910570.29999993
2025-08-01 10:17:00 AM,575.55,0,0.0,52910570.29999993
2025-08-01 10:17:04 AM,575.55,3,1726.6499999999999,52912296.94999993
2025-08-01 10:17:12 AM,576.15,0,0.0,52912296.94999993
2025-08-01 10:17:15 AM,576.15,89,51277.35,52963574.29999993
2025-08-01 10:17:21 AM,576.15,11,6337.65,52969911.94999993
2025-08-01 10:17:23 AM,576.2,0,0.0,52969911.94999993
2025-08-01 10:17:27 AM,576.2,1,576.2,52970488.14999993
2025-08-01 10:17:27 AM,576.55,4,2306.2,52972794.349999934
2025-08-01 10:17:33 AM,576.55,3,1729.6499999999999,52974523.99999993
2025-08-01 10:17:37 AM,576.15,0,0.0,52974523.99999993
2025-08-01 10:17:38 AM,576.15,1,576.15,52975100.14999993
2025-08-01 10:17:44 AM,576.15,6,3456.8999999999996,52978557.04999993
2025-08-01 10:17:56 AM,576.0,0,0.0,52978557.04999993
2025-08-01 10:17:56 AM,576.0,23,13248.0,52991805.04999993
2025-08-01 10:17:58 AM,575.8,0,0.0,52991805.04999993
2025-08-01 10:18:00 AM,575.5,0,0.0,52991805.04999993
2025-08-01 10:18:01 AM,575.5,4,2302.0,52994107.04999993
2025-08-01 10:18:03 AM,575.8,0,0.0,52994107.04999993
2025-08-01 10:18:08 AM,575.8,1,575.8,52994682.84999993
2025-08-01 10:18:44 AM,575.75,0,0.0,52994682.84999993
2025-08-01 10:18:48 AM,575.75,1,575.75,52995258.59999993
2025-08-01 10:18:54 AM,575.75,51,29363.25,53024621.84999993
2025-08-01 10:18:54 AM,575.75,12,6909.0,53031530.84999993
2025-08-01 10:18:57 AM,575.55,0,0.0,53031530.84999993
2025-08-01 10:18:59 AM,575.5,9,5179.5,53036710.34999993
2025-08-01 10:19:01 AM,575.75,0,0.0,53036710.34999993
2025-08-01 10:19:05 AM,575.75,1,575.75,53037286.09999993
2025-08-01 10:19:05 AM,575.5,1,575.5,53037861.59999993
2025-08-01 10:19:07 AM,575.75,0,0.0,53037861.59999993
2025-08-01 10:19:11 AM,575.75,2,1151.5,53039013.09999993
2025-08-01 10:19:22 AM,575.75,57,32817.75,53071830.84999993
2025-08-01 10:19:23 AM,575.75,13,7484.75,53079315.59999993
2025-08-01 10:19:28 AM,575.5,0,0.0,53079315.59999993
2025-08-01 10:19:28 AM,575.75,0,0.0,53079315.59999993
2025-08-01 10:19:28 AM,575.5,25,14387.5,53093703.09999993
2025-08-01 10:19:29 AM,575.5,3,1726.5,53095429.59999993
2025-08-01 10:19:31 AM,575.75,0,0.0,53095429.59999993
2025-08-01 10:19:34 AM,575.75,1,575.75,53096005.34999993
2025-08-01 10:19:39 AM,575.75,1,575.75,53096581.09999993
2025-08-01 10:20:10 AM,576.2,0,0.0,53096581.09999993
2025-08-01 10:20:12 AM,576.2,468,269661.60000000003,53366242.69999993
2025-08-01 10:20:14 AM,576.2,5,2881.0,53369123.69999993
2025-08-01 10:20:16 AM,576.5,0,0.0,53369123.69999993
2025-08-01 10:20:19 AM,576.35,0,0.0,53369123.69999993
2025-08-01 10:20:19 AM,576.35,81,46684.35,53415808.04999993
2025-08-01 10:20:20 AM,576.0,4,2304.0,53418112.04999993
2025-08-01 10:20:22 AM,576.3,0,0.0,53418112.04999993
2025-08-01 10:20:23 AM,576.0,0,0.0,53418112.04999993
2025-08-01 10:20:25 AM,576.0,10,5760.0,53423872.04999993
2025-08-01 10:20:36 AM,576.3,0,0.0,53423872.04999993
2025-08-01 10:20:36 AM,576.3,25,14407.499999999998,53438279.54999993
2025-08-01 10:20:38 AM,576.35,1,576.35,53438855.89999993
2025-08-01 10:20:43 AM,576.35,2,1152.7,53440008.599999934
2025-08-01 10:21:00 AM,575.95,38,21886.100000000002,53461894.699999936
2025-08-01 10:21:02 AM,576.15,0,0.0,53461894.699999936
2025-08-01 10:21:02 AM,576.15,13,7489.95,53469384.64999994
2025-08-01 10:21:04 AM,576.2,0,0.0,53469384.64999994
2025-08-01 10:21:05 AM,576.2,3,1728.6000000000001,53471113.24999994
2025-08-01 10:21:36 AM,576.4,0,0.0,53471113.24999994
2025-08-01 10:21:38 AM,576.25,302,174027.5,53645140.74999994
2025-08-01 10:21:40 AM,576.6,0,0.0,53645140.74999994
2025-08-01 10:21:40 AM,576.6,117,67462.2,53712602.94999994
2025-08-01 10:21:42 AM,576.95,0,0.0,53712602.94999994
2025-08-01 10:21:44 AM,576.5,112,64568.0,53777170.94999994
2025-08-01 10:21:46 AM,576.85,0,0.0,53777170.94999994
2025-08-01 10:21:46 AM,576.85,3,1730.5500000000002,53778901.49999994
2025-08-01 10:21:49 AM,577.0,0,0.0,53778901.49999994
2025-08-01 10:21:50 AM,577.15,341,196808.15,53975709.64999994
2025-08-01 10:21:51 AM,577.75,0,0.0,53975709.64999994
2025-08-01 10:21:52 AM,577.75,55,31776.25,54007485.89999994
2025-08-01 10:21:54 AM,577.8,0,0.0,54007485.89999994
2025-08-01 10:21:56 AM,577.8,20,11556.0,54019041.89999994
2025-08-01 10:22:00 AM,577.35,0,0.0,54019041.89999994
2025-08-01 10:22:01 AM,577.35,2,1154.7,54020196.59999994
2025-08-01 10:22:09 AM,577.75,0,0.0,54020196.59999994
2025-08-01 10:22:09 AM,577.75,148,85507.0,54105703.59999994
2025-08-01 10:22:09 AM,578.45,0,0.0,54105703.59999994
2025-08-01 10:22:12 AM,577.85,0,0.0,54105703.59999994
2025-08-01 10:22:13 AM,578.2,413,238796.6,54344500.19999994
2025-08-01 10:22:15 AM,578.15,17,9828.55,54354328.74999994
2025-08-01 10:22:16 AM,578.4,0,0.0,54354328.74999994
2025-08-01 10:22:19 AM,578.4,21,12146.4,54366475.14999994
2025-08-01 10:22:21 AM,578.25,0,0.0,54366475.14999994
2025-08-01 10:22:21 AM,578.25,260,150345.0,54516820.14999994
2025-08-01 10:22:21 AM,578.2,0,0.0,54516820.14999994
2025-08-01 10:22:24 AM,578.25,0,0.0,54516820.14999994
2025-08-01 10:22:25 AM,578.25,83,47994.75,54564814.89999994
2025-08-01 10:22:27 AM,578.25,19,10986.75,54575801.64999994
2025-08-01 10:22:30 AM,578.05,0,0.0,54575801.64999994
2025-08-01 10:22:31 AM,578.1,4938,2854657.8000000003,57430459.449999936
2025-08-01 10:22:33 AM,578.25,333,192557.25,57623016.699999936
2025-08-01 10:22:33 AM,578.75,0,0.0,57623016.699999936
2025-08-01 10:22:36 AM,579.15,0,0.0,57623016.699999936
2025-08-01 10:22:36 AM,579.15,609,352702.35,57975719.04999994
2025-08-01 10:22:38 AM,579.15,85,49227.75,58024946.79999994
2025-08-01 10:22:39 AM,579.6,0,0.0,58024946.79999994
2025-08-01 10:22:42 AM,579.6,35,20286.0,58045232.79999994
2025-08-01 10:22:44 AM,579.6,3,1738.8000000000002,58046971.599999934
2025-08-01 10:22:45 AM,579.9,0,0.0,58046971.599999934
2025-08-01 10:22:47 AM,579.85,224,129886.40000000001,58176857.99999993
2025-08-01 10:22:49 AM,579.85,22,12756.7,58189614.699999936
2025-08-01 10:22:51 AM,579.3,0,0.0,58189614.699999936
2025-08-01 10:22:52 AM,579.05,22,12739.099999999999,58202353.79999994
2025-08-01 10:22:54 AM,579.6,0,0.0,58202353.79999994
2025-08-01 10:22:55 AM,579.1,81,46907.1,58249260.89999994
2025-08-01 10:22:57 AM,579.6,0,0.0,58249260.89999994
2025-08-01 10:22:58 AM,579.6,7,4057.2000000000003,58253318.09999994
2025-08-01 10:23:00 AM,579.5,0,0.0,58253318.09999994
2025-08-01 10:23:00 AM,579.05,127,73539.34999999999,58326857.44999994
2025-08-01 10:23:01 AM,579.05,26,15055.3,58341912.74999994
2025-08-01 10:23:01 AM,579.05,12,6948.599999999999,58348861.34999994
2025-08-01 10:23:02 AM,579.05,2,1158.1,58350019.44999994
2025-08-01 10:23:06 AM,578.55,1,578.55,58350597.99999994
2025-08-01 10:23:12 AM,579.6,99,57380.4,58407978.39999994
2025-08-01 10:23:12 AM,579.85,0,0.0,58407978.39999994
2025-08-01 10:23:13 AM,579.85,32,18555.2,58426533.59999994
2025-08-01 10:23:13 AM,579.85,14,8117.900000000001,58434651.49999994
2025-08-01 10:23:14 AM,579.85,1,579.85,58435231.34999994
2025-08-01 10:24:25 AM,580.25,10,5802.5,58441033.84999994
2025-08-01 10:24:27 AM,580.25,1,580.25,58441614.09999994
2025-08-01 10:24:29 AM,580.2,0,0.0,58441614.09999994
2025-08-01 10:24:31 AM,579.7,11,6376.700000000001,58447990.799999945
2025-08-01 10:24:32 AM,580.2,0,0.0,58447990.799999945
2025-08-01 10:24:32 AM,580.2,1,580.2,58448570.99999995
2025-08-01 10:24:43 AM,579.8,39,22612.199999999997,58471183.19999995
2025-08-01 10:24:47 AM,579.8,10,5798.0,58476981.19999995
2025-08-01 10:24:48 AM,579.85,0,0.0,58476981.19999995
2025-08-01 10:24:49 AM,579.85,2,1159.7,58478140.899999954
2025-08-01 10:24:52 AM,579.2,125,72400.0,58550540.899999954
2025-08-01 10:24:55 AM,579.2,10,5792.0,58556332.899999954
2025-08-01 10:24:55 AM,579.3,0,0.0,58556332.899999954
2025-08-01 10:24:58 AM,579.3,1,579.3,58556912.19999995
2025-08-01 10:24:59 AM,579.5,0,0.0,58556912.19999995
2025-08-01 10:25:00 AM,579.5,9,5215.5,58562127.69999995
2025-08-01 10:25:03 AM,579.0,0,0.0,58562127.69999995
2025-08-01 10:25:03 AM,579.0,75,43425.0,58605552.69999995
2025-08-01 10:25:05 AM,578.6,0,0.0,58605552.69999995
2025-08-01 10:25:06 AM,578.6,6,3471.6000000000004,58609024.29999995
2025-08-01 10:25:07 AM,578.55,0,0.0,58609024.29999995
2025-08-01 10:25:09 AM,578.55,13,7521.15,58616545.44999995
2025-08-01 10:25:10 AM,578.85,0,0.0,58616545.44999995
2025-08-01 10:25:12 AM,578.85,1,578.85,58617124.29999995
2025-08-01 10:25:24 AM,578.6,0,0.0,58617124.29999995
2025-08-01 10:25:24 AM,578.6,10,5786.0,58622910.29999995
2025-08-01 10:25:27 AM,578.6,1,578.6,58623488.899999954
2025-08-01 10:25:29 AM,578.6,1,578.6,58624067.499999955
2025-08-01 10:25:32 AM,578.25,1,578.25,58624645.749999955
2025-08-01 10:26:00 AM,578.45,1,578.45,58625224.19999996
2025-08-01 10:26:25 AM,578.6,483,279463.8,58904687.999999955
2025-08-01 10:26:27 AM,579.1,0,0.0,58904687.999999955
2025-08-01 10:26:28 AM,579.1,70,40537.0,58945224.999999955
2025-08-01 10:26:30 AM,579.2,0,0.0,58945224.999999955
2025-08-01 10:26:30 AM,579.2,28,16217.600000000002,58961442.59999996
2025-08-01 10:26:34 AM,578.55,0,0.0,58961442.59999996
2025-08-01 10:26:34 AM,578.55,3,1735.6499999999999,58963178.249999955
2025-08-01 10:26:36 AM,579.2,0,0.0,58963178.249999955
2025-08-01 10:26:36 AM,579.2,2,1158.4,58964336.649999954
2025-08-01 10:26:53 AM,579.2,4,2316.8,58966653.44999995
2025-08-01 10:27:00 AM,578.6,1,578.6,58967232.04999995
2025-08-01 10:27:01 AM,579.15,0,0.0,58967232.04999995
2025-08-01 10:27:03 AM,579.15,1,579.15,58967811.19999995
2025-08-01 10:27:11 AM,579.15,1,579.15,58968390.34999995
2025-08-01 10:27:30 AM,578.35,0,0.0,58968390.34999995
2025-08-01 10:27:30 AM,578.8,255,147594.0,59115984.34999995
2025-08-01 10:27:31 AM,578.95,0,0.0,59115984.34999995
2025-08-01 10:27:33 AM,578.95,37,21421.15,59137405.49999995
2025-08-01 10:27:37 AM,578.3,0,0.0,59137405.49999995
2025-08-01 10:27:39 AM,578.3,6,3469.7999999999997,59140875.299999945
2025-08-01 10:27:47 AM,578.8,3,1736.3999999999999,59142611.69999994
2025-08-01 10:27:47 AM,578.85,0,0.0,59142611.69999994
2025-08-01 10:27:50 AM,578.85,10,5788.5,59148400.19999994
2025-08-01 10:27:53 AM,578.25,0,0.0,59148400.19999994
2025-08-01 10:27:55 AM,578.25,1,578.25,59148978.44999994
2025-08-01 10:28:11 AM,578.8,0,0.0,59148978.44999994
2025-08-01 10:28:11 AM,578.8,2,1157.6,59150136.049999945
2025-08-01 10:28:38 AM,578.1,0,0.0,59150136.049999945
2025-08-01 10:28:39 AM,578.1,56,32373.600000000002,59182509.64999995
2025-08-01 10:28:42 AM,578.65,0,0.0,59182509.64999995
2025-08-01 10:28:44 AM,578.65,3,1735.9499999999998,59184245.59999995
2025-08-01 10:29:00 AM,578.65,1,578.65,59184824.24999995
2025-08-01 10:29:40 AM,578.65,1,578.65,59185402.89999995
2025-08-01 10:29:45 AM,578.15,0,0.0,59185402.89999995
2025-08-01 10:29:45 AM,578.15,1,578.15,59185981.049999945
2025-08-01 10:29:49 AM,577.75,0,0.0,59185981.049999945
2025-08-01 10:29:51 AM,577.9,166,95931.4,59281912.44999994
2025-08-01 10:29:51 AM,578.55,0,0.0,59281912.44999994
2025-08-01 10:29:53 AM,578.55,26,15042.3,59296954.74999994
2025-08-01 10:29:55 AM,578.6,0,0.0,59296954.74999994
2025-08-01 10:29:56 AM,578.6,10,5786.0,59302740.74999994
2025-08-01 10:29:57 AM,578.95,0,0.0,59302740.74999994
2025-08-01 10:29:59 AM,578.95,351,203211.45,59505952.19999994
2025-08-01 10:30:02 AM,578.95,35,20263.25,59526215.44999994
2025-08-01 10:30:04 AM,579.25,0,0.0,59526215.44999994
2025-08-01 10:30:05 AM,579.25,46,26645.5,59552860.94999994
2025-08-01 10:30:08 AM,578.9,0,0.0,59552860.94999994
2025-08-01 10:30:08 AM,578.9,7,4052.2999999999997,59556913.24999994
2025-08-01 10:30:14 AM,578.9,43,24892.7,59581805.94999994
2025-08-01 10:30:14 AM,579.2,0,0.0,59581805.94999994
2025-08-01 10:30:17 AM,579.2,15,8688.0,59590493.94999994
2025-08-01 10:30:19 AM,579.2,3,1737.6000000000001,59592231.549999945
2025-08-01 10:30:20 AM,578.9,0,0.0,59592231.549999945
2025-08-01 10:30:22 AM,578.9,1,578.9,59592810.44999994
2025-08-01 10:31:30 AM,579.2,0,0.0,59592810.44999994
2025-08-01 10:31:30 AM,578.9,0,0.0,59592810.44999994
2025-08-01 10:31:31 AM,578.9,361,208982.9,59801793.34999994
2025-08-01 10:31:33 AM,578.9,147,85098.3,59886891.64999994
2025-08-01 10:31:36 AM,578.75,14,8102.5,59894994.14999994
2025-08-01 10:31:39 AM,578.55,9,5206.95,59900201.09999994
2025-08-01 10:31:41 AM,578.55,7,4049.8499999999995,59904250.94999994
2025-08-01 10:31:42 AM,578.75,0,0.0,59904250.94999994
2025-08-01 10:31:44 AM,578.75,1,578.75,59904829.69999994
2025-08-01 10:31:53 AM,578.75,15,8681.25,59913510.94999994
2025-08-01 10:31:57 AM,578.75,1,578.75,59914089.69999994
2025-08-01 10:32:00 AM,578.55,2,1157.1,59915246.799999945
2025-08-01 10:32:16 AM,578.55,3,1735.6499999999999,59916982.44999994
2025-08-01 10:32:34 AM,579.05,0,0.0,59916982.44999994
2025-08-01 10:32:36 AM,579.25,187,108319.75,60025302.19999994
2025-08-01 10:32:37 AM,579.55,0,0.0,60025302.19999994
2025-08-01 10:32:39 AM,579.55,3,1738.6499999999999,60027040.84999994
2025-08-01 10:32:42 AM,579.6,0,0.0,60027040.84999994
2025-08-01 10:32:42 AM,579.6,11,6375.6,60033416.44999994
2025-08-01 10:32:45 AM,579.8,19,11016.199999999999,60044432.64999995
2025-08-01 10:32:46 AM,579.6,0,0.0,60044432.64999995
2025-08-01 10:32:47 AM,579.6,1,579.6,60045012.24999995
2025-08-01 10:32:48 AM,579.45,0,0.0,60045012.24999995
2025-08-01 10:32:50 AM,579.45,2,1158.9,60046171.14999995
2025-08-01 10:33:35 AM,579.75,1,579.75,60046750.89999995
2025-08-01 10:34:09 AM,579.45,0,0.0,60046750.89999995
2025-08-01 10:34:09 AM,579.7,7,4057.9000000000005,60050808.799999945
2025-08-01 10:34:17 AM,579.45,3,1738.3500000000001,60052547.14999995
2025-08-01 10:35:01 AM,579.25,0,0.0,60052547.14999995
2025-08-01 10:35:01 AM,579.2,0,0.0,60052547.14999995
2025-08-01 10:35:02 AM,579.25,24,13902.0,60066449.14999995
2025-08-01 10:35:08 AM,579.25,118,68351.5,60134800.64999995
2025-08-01 10:35:09 AM,580.0,0,0.0,60134800.64999995
2025-08-01 10:35:10 AM,580.65,0,0.0,60134800.64999995
2025-08-01 10:35:12 AM,580.0,1708,990640.0,61125440.64999995
2025-08-01 10:35:13 AM,581.25,0,0.0,61125440.64999995
2025-08-01 10:35:14 AM,581.25,224,130200.0,61255640.64999995
2025-08-01 10:35:15 AM,581.8,0,0.0,61255640.64999995
2025-08-01 10:35:17 AM,582.0,0,0.0,61255640.64999995
2025-08-01 10:35:17 AM,582.0,3142,1828644.0,63084284.64999995
2025-08-01 10:35:19 AM,582.85,0,0.0,63084284.64999995
2025-08-01 10:35:19 AM,582.85,188,109575.8,63193860.44999994
2025-08-01 10:35:21 AM,582.65,0,0.0,63193860.44999994
2025-08-01 10:35:23 AM,582.65,375,218493.75,63412354.19999994
2025-08-01 10:35:24 AM,582.0,0,0.0,63412354.19999994
2025-08-01 10:35:25 AM,581.65,80,46532.0,63458886.19999994
2025-08-01 10:35:28 AM,581.15,6,3486.8999999999996,63462373.09999994
2025-08-01 10:35:30 AM,580.95,0,0.0,63462373.09999994
2025-08-01 10:35:31 AM,580.6,63,36577.8,63498950.89999994
2025-08-01 10:35:31 AM,581.15,0,0.0,63498950.89999994
2025-08-01 10:35:34 AM,580.7,0,0.0,63498950.89999994
2025-08-01 10:35:34 AM,580.7,18,10452.6,63509403.49999994
2025-08-01 10:35:36 AM,581.35,0,0.0,63509403.49999994
2025-08-01 10:35:36 AM,581.35,4,2325.4,63511728.89999994
2025-08-01 10:35:48 AM,580.6,0,0.0,63511728.89999994
2025-08-01 10:35:48 AM,580.6,86,49931.6,63561660.49999994
2025-08-01 10:35:49 AM,580.95,0,0.0,63561660.49999994
2025-08-01 10:35:51 AM,580.15,406,235540.9,63797201.39999994
2025-08-01 10:35:52 AM,580.75,0,0.0,63797201.39999994
2025-08-01 10:35:53 AM,580.05,95,55104.74999999999,63852306.14999994
2025-08-01 10:35:56 AM,580.0,0,0.0,63852306.14999994
2025-08-01 10:35:57 AM,580.0,28,16240.0,63868546.14999994
2025-08-01 10:35:57 AM,580.05,0,0.0,63868546.14999994
2025-08-01 10:35:58 AM,580.7,0,0.0,63868546.14999994
2025-08-01 10:35:59 AM,580.7,207,120204.90000000001,63988751.04999994
2025-08-01 10:36:00 AM,580.7,31,18001.7,64006752.74999994
2025-08-01 10:36:01 AM,580.8,12,6969.599999999999,64013722.34999994
2025-08-01 10:36:04 AM,580.65,1,580.65,64014302.99999994
2025-08-01 10:36:07 AM,580.25,2,1160.5,64015463.49999994
2025-08-01 10:36:13 AM,580.25,4,2321.0,64017784.49999994
2025-08-01 10:36:14 AM,580.55,0,0.0,64017784.49999994
2025-08-01 10:36:14 AM,580.55,1,580.55,64018365.04999994
2025-08-01 10:36:16 AM,580.55,70,40638.5,64059003.54999994
2025-08-01 10:36:16 AM,580.55,13,7547.15,64066550.699999936
2025-08-01 10:36:17 AM,580.55,1,580.55,64067131.24999993
2025-08-01 10:36:21 AM,580.15,0,0.0,64067131.24999993
2025-08-01 10:36:21 AM,580.15,12,6961.799999999999,64074093.04999993
2025-08-01 10:36:21 AM,580.15,2,1160.3,64075253.34999993
2025-08-01 10:36:22 AM,580.55,1,580.55,64075833.899999924
2025-08-01 10:36:23 AM,580.55,3,1741.6499999999999,64077575.54999992
2025-08-01 10:36:23 AM,580.55,39,22641.449999999997,64100216.999999925
2025-08-01 10:36:24 AM,581.0,0,0.0,64100216.999999925
2025-08-01 10:36:24 AM,581.0,11,6391.0,64106607.999999925
2025-08-01 10:36:24 AM,581.15,28,16272.199999999999,64122880.19999993
2025-08-01 10:36:25 AM,581.1,1,581.1,64123461.29999993
2025-08-01 10:36:30 AM,580.5,0,0.0,64123461.29999993
2025-08-01 10:36:30 AM,580.5,5,2902.5,64126363.79999993
2025-08-01 10:36:43 AM,581.15,0,0.0,64126363.79999993
2025-08-01 10:36:43 AM,581.25,15,8718.75,64135082.54999993
2025-08-01 10:36:43 AM,581.25,1,581.25,64135663.79999993
2025-08-01 10:37:07 AM,581.35,0,0.0,64135663.79999993
2025-08-01 10:37:08 AM,581.35,2,1162.7,64136826.49999993
2025-08-01 10:37:12 AM,580.95,0,0.0,64136826.49999993
2025-08-01 10:37:14 AM,580.95,1,580.95,64137407.449999936
2025-08-01 10:37:32 AM,580.7,0,0.0,64137407.449999936
2025-08-01 10:37:33 AM,580.7,30,17421.0,64154828.449999936
2025-08-01 10:37:37 AM,580.15,0,0.0,64154828.449999936
2025-08-01 10:37:39 AM,580.15,3,1740.4499999999998,64156568.89999994
2025-08-01 10:37:42 AM,580.15,1,580.15,64157149.04999994
2025-08-01 10:37:52 AM,580.1,0,0.0,64157149.04999994
2025-08-01 10:37:53 AM,580.1,12,6961.200000000001,64164110.24999994
2025-08-01 10:37:53 AM,580.65,0,0.0,64164110.24999994
2025-08-01 10:37:55 AM,580.65,11,6387.15,64170497.39999994
2025-08-01 10:37:58 AM,580.15,0,0.0,64170497.39999994
2025-08-01 10:37:58 AM,580.15,1,580.15,64171077.54999994
2025-08-01 10:37:59 AM,580.65,0,0.0,64171077.54999994
2025-08-01 10:38:01 AM,580.65,2,1161.3,64172238.849999934
2025-08-01 10:38:17 AM,580.15,0,0.0,64172238.849999934
2025-08-01 10:38:19 AM,580.15,3,1740.4499999999998,64173979.29999994
2025-08-01 10:38:28 AM,580.1,0,0.0,64173979.29999994
2025-08-01 10:38:29 AM,580.1,6,3480.6000000000004,64177459.89999994
2025-08-01 10:38:52 AM,580.4,42,24376.8,64201836.699999936
2025-08-01 10:38:54 AM,580.1,0,0.0,64201836.699999936
2025-08-01 10:38:55 AM,580.1,60,34806.0,64236642.699999936
2025-08-01 10:38:57 AM,580.4,0,0.0,64236642.699999936
2025-08-01 10:38:58 AM,580.4,14,8125.599999999999,64244768.29999994
2025-08-01 10:39:00 AM,580.4,4,2321.6,64247089.89999994
2025-08-01 10:39:01 AM,580.1,0,0.0,64247089.89999994
2025-08-01 10:39:03 AM,580.1,3,1740.3000000000002,64248830.199999936
2025-08-01 10:39:05 AM,580.4,0,0.0,64248830.199999936
2025-08-01 10:39:06 AM,580.4,15,8706.0,64257536.199999936
2025-08-01 10:39:08 AM,579.85,582,337472.7,64595008.89999994
2025-08-01 10:39:11 AM,579.5,0,0.0,64595008.89999994
2025-08-01 10:39:11 AM,579.5,115,66642.5,64661651.39999994
2025-08-01 10:39:14 AM,579.0,68,39372.0,64701023.39999994
2025-08-01 10:39:15 AM,579.45,0,0.0,64701023.39999994
2025-08-01 10:39:17 AM,579.0,26,15054.0,64716077.39999994
2025-08-01 10:39:19 AM,579.35,0,0.0,64716077.39999994
2025-08-01 10:39:20 AM,579.35,12,6952.200000000001,64723029.59999994
2025-08-01 10:39:22 AM,579.0,0,0.0,64723029.59999994
2025-08-01 10:39:22 AM,579.0,3,1737.0,64724766.59999994
2025-08-01 10:39:27 AM,579.4,0,0.0,64724766.59999994
2025-08-01 10:39:28 AM,579.4,1,579.4,64725345.99999994
2025-08-01 10:39:34 AM,579.4,5,2897.0,64728242.99999994
2025-08-01 10:39:39 AM,579.0,0,0.0,64728242.99999994
2025-08-01 10:39:39 AM,579.0,1,579.0,64728821.99999994
2025-08-01 10:39:42 AM,579.4,9,5214.599999999999,64734036.59999994
2025-08-01 10:39:46 AM,579.0,0,0.0,64734036.59999994
2025-08-01 10:39:48 AM,579.4,5,2897.0,64736933.59999994
2025-08-01 10:40:01 AM,579.4,9,5214.599999999999,64742148.19999994
2025-08-01 10:40:04 AM,579.4,25,14485.0,64756633.19999994
2025-08-01 10:40:06 AM,579.0,0,0.0,64756633.19999994
2025-08-01 10:40:07 AM,579.0,12,6948.0,64763581.19999994
2025-08-01 10:40:10 AM,579.0,26,15054.0,64778635.19999994
2025-08-01 10:40:10 AM,578.8,0,0.0,64778635.19999994
2025-08-01 10:40:12 AM,578.8,1,578.8,64779213.99999994
2025-08-01 10:40:18 AM,578.8,1,578.8,64779792.79999994
2025-08-01 10:40:21 AM,578.5,1,578.5,64780371.29999994
2025-08-01 10:40:37 AM,580.1,1511,876531.1,65656902.39999994
2025-08-01 10:40:38 AM,580.7,0,0.0,65656902.39999994
2025-08-01 10:40:40 AM,580.65,0,0.0,65656902.39999994
2025-08-01 10:40:40 AM,580.65,302,175356.3,65832258.699999936
2025-08-01 10:40:42 AM,580.7,0,0.0,65832258.699999936
2025-08-01 10:40:43 AM,580.7,15,8710.5,65840969.199999936
2025-08-01 10:40:44 AM,580.25,0,0.0,65840969.199999936
2025-08-01 10:40:46 AM,581.3,0,0.0,65840969.199999936
2025-08-01 10:40:46 AM,581.3,1112,646405.6,66487374.79999994
2025-08-01 10:40:49 AM,581.3,129,74987.7,66562362.49999994
2025-08-01 10:40:51 AM,581.3,62,36040.6,66598403.09999994
2025-08-01 10:40:52 AM,581.0,0,0.0,66598403.09999994
2025-08-01 10:40:54 AM,581.0,14,8134.0,66606537.09999994
2025-08-01 10:40:56 AM,581.3,0,0.0,66606537.09999994
2025-08-01 10:40:57 AM,581.3,5,2906.5,66609443.59999994
2025-08-01 10:40:58 AM,581.9,0,0.0,66609443.59999994
2025-08-01 10:41:00 AM,580.7,0,0.0,66609443.59999994
2025-08-01 10:41:00 AM,580.7,456,264799.2,66874242.799999945
2025-08-01 10:41:02 AM,580.7,75,43552.5,66917795.299999945
2025-08-01 10:41:03 AM,580.85,0,0.0,66917795.299999945
2025-08-01 10:41:05 AM,580.85,8,4646.8,66922442.09999994
2025-08-01 10:41:06 AM,580.8,0,0.0,66922442.09999994
2025-08-01 10:41:08 AM,580.8,4,2323.2,66924765.299999945
2025-08-01 10:41:09 AM,580.15,0,0.0,66924765.299999945
2025-08-01 10:41:11 AM,579.75,0,0.0,66924765.299999945
2025-08-01 10:41:11 AM,579.75,16,9276.0,66934041.299999945
2025-08-01 10:41:12 AM,580.3,0,0.0,66934041.299999945
2025-08-01 10:41:13 AM,579.75,2,1159.5,66935200.799999945
2025-08-01 10:41:19 AM,580.85,0,0.0,66935200.799999945
2025-08-01 10:41:20 AM,580.6,0,0.0,66935200.799999945
2025-08-01 10:41:22 AM,580.6,341,197984.6,67133185.39999995
2025-08-01 10:41:23 AM,580.55,0,0.0,67133185.39999995
2025-08-01 10:41:24 AM,580.55,60,34833.0,67168018.39999995
2025-08-01 10:41:29 AM,579.95,0,0.0,67168018.39999995
2025-08-01 10:41:30 AM,579.95,33,19138.350000000002,67187156.74999994
2025-08-01 10:41:34 AM,579.85,0,0.0,67187156.74999994
2025-08-01 10:41:34 AM,580.35,0,0.0,67187156.74999994
2025-08-01 10:41:34 AM,580.35,4,2321.4,67189478.14999995
2025-08-01 10:41:35 AM,580.5,2,1161.0,67190639.14999995
2025-08-01 10:42:16 AM,579.95,0,0.0,67190639.14999995
2025-08-01 10:42:18 AM,579.95,3,1739.8500000000001,67192378.99999994
2025-08-01 10:43:21 AM,579.85,5,2899.25,67195278.24999994
2025-08-01 10:43:50 AM,579.65,10,5796.5,67201074.74999994
2025-08-01 10:43:53 AM,579.65,1,579.65,67201654.39999995
2025-08-01 10:43:55 AM,579.15,1,579.15,67202233.54999995
2025-08-01 10:43:58 AM,580.0,501,290580.0,67492813.54999995
2025-08-01 10:43:59 AM,579.4,0,0.0,67492813.54999995
2025-08-01 10:44:00 AM,580.0,74,42920.0,67535733.54999995
2025-08-01 10:44:01 AM,580.15,0,0.0,67535733.54999995
2025-08-01 10:44:03 AM,580.15,29,16824.35,67552557.89999995
2025-08-01 10:44:05 AM,580.15,12,6961.799999999999,67559519.69999994
2025-08-01 10:44:07 AM,579.6,0,0.0,67559519.69999994
2025-08-01 10:44:08 AM,579.6,4,2318.4,67561838.09999995
2025-08-01 10:44:11 AM,579.4,0,0.0,67561838.09999995
2025-08-01 10:44:11 AM,579.4,1,579.4,67562417.49999996
2025-08-01 10:44:17 AM,579.4,5,2897.0,67565314.49999996
2025-08-01 10:45:16 AM,579.9,0,0.0,67565314.49999996
2025-08-01 10:45:16 AM,579.9,18,10438.199999999999,67575752.69999996
2025-08-01 10:45:17 AM,579.85,0,0.0,67575752.69999996
2025-08-01 10:45:19 AM,579.85,1,579.85,67576332.54999995
2025-08-01 10:45:21 AM,579.4,0,0.0,67576332.54999995
2025-08-01 10:45:22 AM,581.4,0,0.0,67576332.54999995
2025-08-01 10:45:22 AM,581.4,1184,688377.6,68264710.14999995
2025-08-01 10:45:25 AM,581.4,233,135466.19999999998,68400176.34999995
2025-08-01 10:45:27 AM,580.75,0,0.0,68400176.34999995
2025-08-01 10:45:27 AM,580.75,67,38910.25,68439086.59999995
2025-08-01 10:45:28 AM,581.4,0,0.0,68439086.59999995
2025-08-01 10:45:29 AM,580.85,0,0.0,68439086.59999995
2025-08-01 10:45:30 AM,580.85,47,27299.95,68466386.54999995
2025-08-01 10:45:31 AM,581.4,0,0.0,68466386.54999995
2025-08-01 10:45:33 AM,580.7,127,73748.90000000001,68540135.44999996
2025-08-01 10:45:33 AM,580.9,0,0.0,68540135.44999996
2025-08-01 10:45:35 AM,580.55,25,14513.749999999998,68554649.19999996
2025-08-01 10:45:38 AM,580.5,6,3483.0,68558132.19999996
2025-08-01 10:45:38 AM,580.9,0,0.0,68558132.19999996
2025-08-01 10:45:40 AM,581.0,0,0.0,68558132.19999996
2025-08-01 10:45:41 AM,581.0,10,5810.0,68563942.19999996
2025-08-01 10:45:43 AM,581.0,1,581.0,68564523.19999996
2025-08-01 10:45:44 AM,581.35,0,0.0,68564523.19999996
2025-08-01 10:45:46 AM,581.35,20,11627.0,68576150.19999996
2025-08-01 10:45:49 AM,581.25,0,0.0,68576150.19999996
2025-08-01 10:45:50 AM,580.7,0,0.0,68576150.19999996
2025-08-01 10:45:51 AM,580.7,3,1742.1000000000001,68577892.29999995
2025-08-01 10:45:54 AM,580.7,1,580.7,68578472.99999996
2025-08-01 10:45:56 AM,581.25,0,0.0,68578472.99999996
2025-08-01 10:45:56 AM,581.25,2,1162.5,68579635.49999996
2025-08-01 10:45:57 AM,583.0,0,0.0,68579635.49999996
2025-08-01 10:45:58 AM,582.7,0,0.0,68579635.49999996
2025-08-01 10:46:00 AM,582.7,2043,1190456.1,69770091.59999995
2025-08-01 10:46:01 AM,583.0,102,59466.0,69829557.59999995
2025-08-01 10:46:01 AM,583.0,244,142252.0,69971809.59999995
2025-08-01 10:46:02 AM,583.0,30,17490.0,69989299.59999995
2025-08-01 10:46:02 AM,583.0,1,583.0,69989882.59999995
2025-08-01 10:46:03 AM,583.0,2,1166.0,69991048.59999995
2025-08-01 10:46:06 AM,582.6,19,11069.4,70002117.99999996
2025-08-01 10:46:07 AM,582.2,0,0.0,70002117.99999996
2025-08-01 10:46:07 AM,582.6,0,0.0,70002117.99999996
