date,price,qty,trnvr,cum_trnvr
2025-08-01 09:15:04 AM,345.45,1178,406940.1,406940.1
2025-08-01 09:15:13 AM,345.75,0,0.0,406940.1
2025-08-01 09:15:16 AM,345.75,25,8643.75,415583.85
2025-08-01 09:15:17 AM,345.6,1029,355622.4,771206.25
2025-08-01 09:15:22 AM,345.85,0,0.0,771206.25
2025-08-01 09:15:23 AM,346.5,0,0.0,771206.25
2025-08-01 09:15:25 AM,346.5,951,329521.5,1100727.75
2025-08-01 09:15:27 AM,346.6,94,32580.4,1133308.15
2025-08-01 09:15:28 AM,345.4,0,0.0,1133308.15
2025-08-01 09:15:33 AM,345.6,0,0.0,1133308.15
2025-08-01 09:15:34 AM,345.6,404,139622.40000000002,1272930.5499999998
2025-08-01 09:15:37 AM,344.95,0,0.0,1272930.5499999998
2025-08-01 09:15:41 AM,345.1,0,0.0,1272930.5499999998
2025-08-01 09:15:42 AM,345.1,229,79027.90000000001,1351958.4499999997
2025-08-01 09:15:44 AM,344.95,50,17247.5,1369205.9499999997
2025-08-01 09:15:49 AM,345.1,0,0.0,1369205.9499999997
2025-08-01 09:15:51 AM,345.1,1417,489006.7,1858212.6499999997
2025-08-01 09:16:00 AM,344.8,195,67236.0,1925448.6499999997
2025-08-01 09:16:03 AM,344.4,0,0.0,1925448.6499999997
2025-08-01 09:16:07 AM,343.7,1461,502145.7,2427594.3499999996
2025-08-01 09:16:09 AM,342.5,225,77062.5,2504656.8499999996
2025-08-01 09:16:11 AM,341.55,0,0.0,2504656.8499999996
2025-08-01 09:16:15 AM,341.55,4000,1366200.0,3870856.8499999996
2025-08-01 09:16:23 AM,341.25,800,273000.0,4143856.8499999996
2025-08-01 09:16:48 AM,342.05,7,2394.35,4146251.1999999997
2025-08-01 09:17:04 AM,342.05,1,342.05,4146593.2499999995
2025-08-01 09:17:06 AM,342.1,100,34210.0,4180803.2499999995
2025-08-01 09:17:18 AM,341.65,0,0.0,4180803.2499999995
2025-08-01 09:17:21 AM,341.65,40,13666.0,4194469.25
2025-08-01 09:17:24 AM,342.05,0,0.0,4194469.25
2025-08-01 09:17:29 AM,342.05,5,1710.25,4196179.5
2025-08-01 09:17:38 AM,342.05,130,44466.5,4240646.0
2025-08-01 09:17:54 AM,342.05,400,136820.0,4377466.0
2025-08-01 09:18:02 AM,341.7,500,170850.0,4548316.0
2025-08-01 09:18:08 AM,342.05,0,0.0,4548316.0
2025-08-01 09:18:11 AM,342.05,893,305450.65,4853766.65
2025-08-01 09:18:12 AM,342.05,971,332130.55,5185897.2
2025-08-01 09:18:19 AM,342.05,19,6498.95,5192396.15
2025-08-01 09:18:20 AM,342.1,140,47894.0,5240290.15
2025-08-01 09:18:24 AM,342.2,0,0.0,5240290.15
2025-08-01 09:18:27 AM,342.2,100,34220.0,5274510.15
2025-08-01 09:18:38 AM,342.5,0,0.0,5274510.15
2025-08-01 09:18:44 AM,342.5,1000,342500.0,5617010.15
2025-08-01 09:19:00 AM,342.5,210,71925.0,5688935.15
2025-08-01 09:19:01 AM,342.5,440,150700.0,5839635.15
2025-08-01 09:19:25 AM,342.45,0,0.0,5839635.15
2025-08-01 09:19:25 AM,342.45,1,342.45,5839977.600000001
2025-08-01 09:19:42 AM,342.6,84,28778.4,5868756.000000001
2025-08-01 09:19:48 AM,342.95,0,0.0,5868756.000000001
2025-08-01 09:19:50 AM,342.95,10,3429.5,5872185.500000001
2025-08-01 09:19:56 AM,343.0,257,88151.0,5960336.500000001
2025-08-01 09:20:04 AM,343.4,0,0.0,5960336.500000001
2025-08-01 09:20:06 AM,342.6,442,151429.2,6111765.700000001
2025-08-01 09:20:11 AM,342.65,0,0.0,6111765.700000001
2025-08-01 09:20:12 AM,342.65,512,175436.8,6287202.500000001
2025-08-01 09:20:32 AM,343.0,0,0.0,6287202.500000001
2025-08-01 09:20:36 AM,343.0,197,67571.0,6354773.500000001
2025-08-01 09:21:16 AM,342.95,10,3429.5,6358203.000000001
2025-08-01 09:21:19 AM,343.0,0,0.0,6358203.000000001
2025-08-01 09:21:23 AM,343.0,28,9604.0,6367807.000000001
2025-08-01 09:21:31 AM,343.0,1,343.0,6368150.000000001
2025-08-01 09:21:37 AM,342.6,0,0.0,6368150.000000001
2025-08-01 09:21:38 AM,342.75,420,143955.0,6512105.000000001
2025-08-01 09:21:46 AM,342.75,20,6855.0,6518960.000000001
2025-08-01 09:21:53 AM,342.75,150,51412.5,6570372.500000001
2025-08-01 09:21:55 AM,342.05,500,171025.0,6741397.500000001
2025-08-01 09:22:00 AM,342.65,0,0.0,6741397.500000001
2025-08-01 09:22:01 AM,342.65,3,1027.9499999999998,6742425.450000001
2025-08-01 09:22:17 AM,341.7,0,0.0,6742425.450000001
2025-08-01 09:22:18 AM,341.7,864,295228.8,7037654.250000001
2025-08-01 09:22:20 AM,342.0,0,0.0,7037654.250000001
2025-08-01 09:22:24 AM,341.95,155,53002.25,7090656.500000001
2025-08-01 09:22:39 AM,341.95,5,1709.75,7092366.250000001
2025-08-01 09:22:52 AM,341.6,0,0.0,7092366.250000001
2025-08-01 09:22:54 AM,341.6,25,8540.0,7100906.250000001
2025-08-01 09:23:33 AM,341.6,186,63537.600000000006,7164443.850000001
2025-08-01 09:23:48 AM,341.2,109,37190.799999999996,7201634.65
2025-08-01 09:23:49 AM,341.6,10,3416.0,7205050.65
2025-08-01 09:23:55 AM,341.2,50,17060.0,7222110.65
2025-08-01 09:24:25 AM,341.6,0,0.0,7222110.65
2025-08-01 09:24:26 AM,341.6,150,51240.0,7273350.65
2025-08-01 09:24:28 AM,341.2,200,68240.0,7341590.65
2025-08-01 09:24:31 AM,341.0,0,0.0,7341590.65
2025-08-01 09:24:34 AM,341.25,1147,391413.75,7733004.4
2025-08-01 09:24:43 AM,340.9,134,45680.6,7778685.0
2025-08-01 09:24:49 AM,341.0,5,1705.0,7780390.0
2025-08-01 09:24:55 AM,340.9,0,0.0,7780390.0
2025-08-01 09:24:56 AM,340.9,128,43635.2,7824025.2
2025-08-01 09:25:03 AM,340.75,1202,409581.5,8233606.7
2025-08-01 09:25:16 AM,340.25,0,0.0,8233606.7
2025-08-01 09:25:18 AM,340.25,68,23137.0,8256743.7
2025-08-01 09:25:26 AM,340.25,26,8846.5,8265590.2
2025-08-01 09:25:29 AM,340.2,0,0.0,8265590.2
2025-08-01 09:25:33 AM,340.2,121,41164.2,8306754.4
2025-08-01 09:25:34 AM,340.75,0,0.0,8306754.4
2025-08-01 09:25:36 AM,340.75,375,127781.25,8434535.65
2025-08-01 09:25:43 AM,340.65,8,2725.2,8437260.85
2025-08-01 09:26:03 AM,340.5,0,0.0,8437260.85
2025-08-01 09:26:03 AM,340.5,376,128028.0,8565288.85
2025-08-01 09:26:06 AM,340.5,7,2383.5,8567672.35
2025-08-01 09:26:19 AM,340.5,153,52096.5,8619768.85
2025-08-01 09:26:23 AM,340.7,0,0.0,8619768.85
2025-08-01 09:26:27 AM,340.7,50,17035.0,8636803.85
2025-08-01 09:26:29 AM,340.6,0,0.0,8636803.85
2025-08-01 09:26:32 AM,340.7,0,0.0,8636803.85
2025-08-01 09:26:34 AM,340.7,45,15331.5,8652135.35
2025-08-01 09:26:36 AM,340.7,10,3407.0,8655542.35
2025-08-01 09:26:41 AM,340.6,0,0.0,8655542.35
2025-08-01 09:26:42 AM,340.6,12,4087.2000000000003,8659629.549999999
2025-08-01 09:26:44 AM,341.1,0,0.0,8659629.549999999
2025-08-01 09:26:50 AM,341.1,611,208412.1,8868041.649999999
2025-08-01 09:26:59 AM,341.25,6,2047.5,8870089.149999999
2025-08-01 09:27:02 AM,341.5,0,0.0,8870089.149999999
2025-08-01 09:27:04 AM,341.5,16,5464.0,8875553.149999999
2025-08-01 09:27:06 AM,341.25,4,1365.0,8876918.149999999
2025-08-01 09:27:12 AM,341.25,4,1365.0,8878283.149999999
2025-08-01 09:27:13 AM,341.15,4,1364.6,8879647.749999998
2025-08-01 09:27:17 AM,341.65,0,0.0,8879647.749999998
2025-08-01 09:27:19 AM,341.3,356,121502.8,9001150.549999999
2025-08-01 09:27:21 AM,341.3,3,1023.9000000000001,9002174.45
2025-08-01 09:27:27 AM,341.3,2,682.6,9002857.049999999
2025-08-01 09:27:28 AM,341.3,2,682.6,9003539.649999999
2025-08-01 09:27:35 AM,341.3,5,1706.5,9005246.149999999
2025-08-01 09:27:42 AM,341.0,11236,3831476.0,12836722.149999999
2025-08-01 09:27:42 AM,341.25,0,0.0,12836722.149999999
2025-08-01 09:27:43 AM,341.25,70,23887.5,12860609.649999999
2025-08-01 09:27:47 AM,341.05,0,0.0,12860609.649999999
2025-08-01 09:27:49 AM,340.9,38,12954.199999999999,12873563.849999998
2025-08-01 09:27:51 AM,341.0,74,25234.0,12898797.849999998
2025-08-01 09:27:57 AM,341.0,53,18073.0,12916870.849999998
2025-08-01 09:27:59 AM,341.0,1,341.0,12917211.849999998
2025-08-01 09:28:05 AM,341.0,2,682.0,12917893.849999998
2025-08-01 09:28:13 AM,340.9,1,340.9,12918234.749999998
2025-08-01 09:28:14 AM,340.8,1,340.8,12918575.549999999
2025-08-01 09:28:20 AM,340.8,1,340.8,12918916.35
2025-08-01 09:28:21 AM,341.2,3,1023.5999999999999,12919939.95
2025-08-01 09:29:07 AM,341.2,100,34120.0,12954059.95
2025-08-01 09:29:12 AM,340.9,0,0.0,12954059.95
2025-08-01 09:29:14 AM,341.2,40,13648.0,12967707.95
2025-08-01 09:29:21 AM,341.2,10,3412.0,12971119.95
2025-08-01 09:29:36 AM,341.2,300,102360.0,13073479.95
2025-08-01 09:29:42 AM,341.15,0,0.0,13073479.95
2025-08-01 09:29:44 AM,341.15,138,47078.7,13120558.649999999
2025-08-01 09:30:04 AM,340.75,0,0.0,13120558.649999999
2025-08-01 09:30:06 AM,340.75,24,8178.0,13128736.649999999
2025-08-01 09:30:18 AM,340.65,0,0.0,13128736.649999999
2025-08-01 09:30:21 AM,340.65,102,34746.299999999996,13163482.95
2025-08-01 09:30:25 AM,340.85,0,0.0,13163482.95
2025-08-01 09:30:29 AM,340.85,20,6817.0,13170299.95
2025-08-01 09:30:36 AM,340.8,1,340.8,13170640.75
2025-08-01 09:30:51 AM,340.8,50,17040.0,13187680.75
2025-08-01 09:30:58 AM,340.8,500,170400.0,13358080.75
2025-08-01 09:31:16 AM,340.85,0,0.0,13358080.75
2025-08-01 09:31:20 AM,340.8,0,0.0,13358080.75
2025-08-01 09:31:20 AM,340.8,30,10224.0,13368304.75
2025-08-01 09:31:34 AM,340.75,0,0.0,13368304.75
2025-08-01 09:31:35 AM,340.75,1,340.75,13368645.5
2025-08-01 09:31:49 AM,340.75,200,68150.0,13436795.5
2025-08-01 09:32:17 AM,340.6,1,340.6,13437136.1
2025-08-01 09:32:30 AM,340.85,0,0.0,13437136.1
2025-08-01 09:32:31 AM,340.85,150,51127.5,13488263.6
2025-08-01 09:32:36 AM,341.15,0,0.0,13488263.6
2025-08-01 09:32:37 AM,341.15,192,65500.799999999996,13553764.4
2025-08-01 09:32:45 AM,341.15,106,36161.899999999994,13589926.3
2025-08-01 09:33:26 AM,341.45,1090,372180.5,13962106.8
2025-08-01 09:33:31 AM,341.6,0,0.0,13962106.8
2025-08-01 09:33:33 AM,341.6,3,1024.8000000000002,13963131.600000001
2025-08-01 09:33:36 AM,341.8,0,0.0,13963131.600000001
2025-08-01 09:33:38 AM,341.7,0,0.0,13963131.600000001
2025-08-01 09:33:40 AM,341.7,371,126770.7,14089902.3
2025-08-01 09:33:47 AM,341.7,6,2050.2,14091952.5
2025-08-01 09:34:08 AM,341.8,20,6836.0,14098788.5
2025-08-01 09:34:15 AM,341.8,26,8886.800000000001,14107675.3
2025-08-01 09:34:19 AM,341.85,0,0.0,14107675.3
2025-08-01 09:34:22 AM,341.55,11,3757.05,14111432.350000001
2025-08-01 09:34:29 AM,341.85,0,0.0,14111432.350000001
2025-08-01 09:34:29 AM,341.85,1,341.85,14111774.200000001
2025-08-01 09:34:36 AM,342.15,872,298354.8,14410129.000000002
2025-08-01 09:34:40 AM,341.75,0,0.0,14410129.000000002
2025-08-01 09:34:43 AM,341.75,21,7176.75,14417305.750000002
2025-08-01 09:35:11 AM,341.75,14,4784.5,14422090.250000002
2025-08-01 09:35:16 AM,341.6,0,0.0,14422090.250000002
2025-08-01 09:35:18 AM,341.6,9,3074.4,14425164.650000002
2025-08-01 09:35:21 AM,341.65,0,0.0,14425164.650000002
2025-08-01 09:35:25 AM,341.7,55,18793.5,14443958.150000002
2025-08-01 09:35:45 AM,341.5,7,2390.5,14446348.650000002
2025-08-01 09:36:37 AM,341.35,0,0.0,14446348.650000002
2025-08-01 09:36:38 AM,341.35,1,341.35,14446690.000000002
2025-08-01 09:36:41 AM,341.15,0,0.0,14446690.000000002
2025-08-01 09:36:44 AM,341.15,1,341.15,14447031.150000002
2025-08-01 09:36:51 AM,341.15,90,30703.499999999996,14477734.650000002
2025-08-01 09:37:05 AM,341.15,1,341.15,14478075.800000003
2025-08-01 09:37:30 AM,341.35,0,0.0,14478075.800000003
2025-08-01 09:37:33 AM,341.35,6,2048.1000000000004,14480123.900000002
2025-08-01 09:37:51 AM,341.45,0,0.0,14480123.900000002
2025-08-01 09:37:53 AM,341.45,100,34145.0,14514268.900000002
2025-08-01 09:38:06 AM,341.45,1,341.45,14514610.350000001
2025-08-01 09:38:20 AM,341.2,2,682.4,14515292.750000002
2025-08-01 09:38:26 AM,341.15,0,0.0,14515292.750000002
2025-08-01 09:38:27 AM,341.15,18,6140.7,14521433.450000001
2025-08-01 09:38:41 AM,341.45,0,0.0,14521433.450000001
2025-08-01 09:38:47 AM,341.45,1,341.45,14521774.9
2025-08-01 09:38:53 AM,341.5,50,17075.0,14538849.9
2025-08-01 09:39:11 AM,341.05,0,0.0,14538849.9
2025-08-01 09:39:14 AM,341.05,162,55250.1,14594100.0
2025-08-01 09:39:21 AM,341.0,0,0.0,14594100.0
2025-08-01 09:39:27 AM,341.0,76,25916.0,14620016.0
2025-08-01 09:39:37 AM,340.85,0,0.0,14620016.0
2025-08-01 09:39:40 AM,340.85,25,8521.25,14628537.25
2025-08-01 09:39:46 AM,340.6,0,0.0,14628537.25
2025-08-01 09:39:47 AM,340.6,170,57902.00000000001,14686439.25
2025-08-01 09:39:54 AM,340.85,50,17042.5,14703481.75
2025-08-01 09:40:06 AM,340.85,39,13293.150000000001,14716774.9
2025-08-01 09:40:19 AM,340.85,14,4771.900000000001,14721546.8
2025-08-01 09:40:39 AM,340.6,1,340.6,14721887.4
2025-08-01 09:40:49 AM,340.9,0,0.0,14721887.4
2025-08-01 09:40:52 AM,340.9,354,120678.59999999999,14842566.0
2025-08-01 09:41:32 AM,341.3,1031,351880.3,15194446.3
2025-08-01 09:41:58 AM,341.3,51,17406.3,15211852.600000001
2025-08-01 09:42:31 AM,340.95,23,7841.849999999999,15219694.450000001
2025-08-01 09:43:07 AM,341.25,0,0.0,15219694.450000001
2025-08-01 09:43:10 AM,341.1,200,68220.0,15287914.450000001
2025-08-01 09:43:30 AM,341.1,850,289935.0,15577849.450000001
2025-08-01 09:43:35 AM,341.0,0,0.0,15577849.450000001
2025-08-01 09:43:37 AM,341.0,4,1364.0,15579213.450000001
2025-08-01 09:43:56 AM,341.0,221,75361.0,15654574.450000001
2025-08-01 09:44:08 AM,341.05,0,0.0,15654574.450000001
2025-08-01 09:44:10 AM,341.05,5,1705.25,15656279.700000001
2025-08-01 09:44:30 AM,341.05,10,3410.5,15659690.200000001
2025-08-01 09:44:36 AM,341.0,2,682.0,15660372.200000001
2025-08-01 09:44:40 AM,341.05,0,0.0,15660372.200000001
2025-08-01 09:44:42 AM,341.05,1,341.05,15660713.250000002
2025-08-01 09:45:04 AM,340.8,0,0.0,15660713.250000002
2025-08-01 09:45:09 AM,340.8,1238,421910.4,16082623.650000002
2025-08-01 09:45:20 AM,340.75,0,0.0,16082623.650000002
2025-08-01 09:45:22 AM,340.75,55,18741.25,16101364.900000002
2025-08-01 09:45:32 AM,340.6,0,0.0,16101364.900000002
2025-08-01 09:45:34 AM,340.6,199,67779.40000000001,16169144.300000003
2025-08-01 09:45:36 AM,340.75,100,34075.0,16203219.300000003
2025-08-01 09:45:40 AM,340.7,0,0.0,16203219.300000003
2025-08-01 09:45:41 AM,340.7,3,1022.0999999999999,16204241.400000002
2025-08-01 09:45:48 AM,340.7,2,681.4,16204922.800000003
2025-08-01 09:45:57 AM,340.5,0,0.0,16204922.800000003
2025-08-01 09:46:00 AM,340.7,85,28959.5,16233882.300000003
2025-08-01 09:46:06 AM,340.5,0,0.0,16233882.300000003
2025-08-01 09:46:07 AM,340.5,35,11917.5,16245799.800000003
2025-08-01 09:46:11 AM,340.65,0,0.0,16245799.800000003
2025-08-01 09:46:13 AM,340.65,50,17032.5,16262832.300000003
2025-08-01 09:46:22 AM,340.5,6,2043.0,16264875.300000003
2025-08-01 09:46:30 AM,340.7,0,0.0,16264875.300000003
2025-08-01 09:46:33 AM,340.7,142,48379.4,16313254.700000003
2025-08-01 09:46:45 AM,340.7,75,25552.5,16338807.200000003
2025-08-01 09:47:25 AM,340.7,30,10221.0,16349028.200000003
2025-08-01 09:47:31 AM,340.7,21,7154.7,16356182.900000002
2025-08-01 09:47:38 AM,340.6,57,19414.2,16375597.100000001
2025-08-01 09:47:42 AM,340.55,17,5789.35,16381386.450000001
2025-08-01 09:47:44 AM,340.5,58,19749.0,16401135.450000001
2025-08-01 09:47:45 AM,340.55,0,0.0,16401135.450000001
2025-08-01 09:47:49 AM,340.55,1,340.55,16401476.000000002
2025-08-01 09:48:02 AM,340.5,8,2724.0,16404200.000000002
2025-08-01 09:48:28 AM,340.55,1,340.55,16404540.550000003
2025-08-01 09:48:30 AM,340.6,39,13283.400000000001,16417823.950000003
2025-08-01 09:49:00 AM,340.6,3,1021.8000000000001,16418845.750000004
2025-08-01 09:49:06 AM,340.6,20,6812.0,16425657.750000004
2025-08-01 09:49:12 AM,340.6,5,1703.0,16427360.750000004
2025-08-01 09:49:18 AM,340.6,10,3406.0,16430766.750000004
2025-08-01 09:49:37 AM,340.6,864,294278.4,16725045.150000004
2025-08-01 09:49:56 AM,340.45,0,0.0,16725045.150000004
2025-08-01 09:49:56 AM,340.45,748,254656.6,16979701.750000004
2025-08-01 09:50:22 AM,340.45,25,8511.25,16988213.000000004
2025-08-01 09:50:27 AM,340.55,0,0.0,16988213.000000004
2025-08-01 09:50:28 AM,340.55,100,34055.0,17022268.000000004
2025-08-01 09:50:53 AM,340.55,10,3405.5,17025673.500000004
2025-08-01 09:51:02 AM,340.3,145,49343.5,17075017.000000004
2025-08-01 09:51:18 AM,340.3,69,23480.7,17098497.700000003
2025-08-01 09:51:25 AM,340.5,0,0.0,17098497.700000003
2025-08-01 09:51:25 AM,340.5,2,681.0,17099178.700000003
2025-08-01 09:51:40 AM,340.5,3,1021.5,17100200.200000003
2025-08-01 09:51:46 AM,340.6,5,1703.0,17101903.200000003
2025-08-01 09:52:02 AM,340.6,1,340.6,17102243.800000004
2025-08-01 09:52:10 AM,340.6,3,1021.8000000000001,17103265.600000005
2025-08-01 09:52:14 AM,340.25,0,0.0,17103265.600000005
2025-08-01 09:52:14 AM,340.25,19,6464.75,17109730.350000005
2025-08-01 09:52:14 AM,340.1,0,0.0,17109730.350000005
2025-08-01 09:52:17 AM,340.1,300,102030.0,17211760.350000005
2025-08-01 09:52:50 AM,340.4,0,0.0,17211760.350000005
2025-08-01 09:52:51 AM,340.4,20,6808.0,17218568.350000005
2025-08-01 09:53:33 AM,340.45,0,0.0,17218568.350000005
2025-08-01 09:53:33 AM,340.45,1,340.45,17218908.800000004
2025-08-01 09:54:00 AM,340.45,3,1021.3499999999999,17219930.150000006
2025-08-01 09:54:11 AM,340.55,203,69131.65000000001,17289061.800000004
2025-08-01 09:54:18 AM,340.5,0,0.0,17289061.800000004
2025-08-01 09:54:19 AM,340.5,100,34050.0,17323111.800000004
2025-08-01 09:54:21 AM,340.4,0,0.0,17323111.800000004
2025-08-01 09:54:24 AM,340.4,100,34040.0,17357151.800000004
2025-08-01 09:54:34 AM,340.2,0,0.0,17357151.800000004
2025-08-01 09:54:36 AM,340.2,200,68040.0,17425191.800000004
2025-08-01 09:54:55 AM,340.15,0,0.0,17425191.800000004
2025-08-01 09:54:59 AM,340.15,105,35715.75,17460907.550000004
2025-08-01 09:55:29 AM,340.4,25,8510.0,17469417.550000004
2025-08-01 09:55:35 AM,340.15,0,0.0,17469417.550000004
2025-08-01 09:55:35 AM,340.15,6,2040.8999999999999,17471458.450000003
2025-08-01 09:55:41 AM,340.2,35,11907.0,17483365.450000003
2025-08-01 09:55:54 AM,340.35,10,3403.5,17486768.950000003
2025-08-01 09:56:00 AM,340.35,1,340.35,17487109.300000004
2025-08-01 09:56:06 AM,340.35,11,3743.8500000000004,17490853.150000006
2025-08-01 09:56:45 AM,340.5,0,0.0,17490853.150000006
2025-08-01 09:56:48 AM,340.5,10109,3442114.5,20932967.650000006
2025-08-01 09:56:59 AM,340.5,238,81039.0,21014006.650000006
2025-08-01 09:57:11 AM,340.5,700,238350.0,21252356.650000006
2025-08-01 09:57:34 AM,340.45,140,47663.0,21300019.650000006
2025-08-01 09:57:38 AM,340.8,0,0.0,21300019.650000006
2025-08-01 09:57:40 AM,340.8,10,3408.0,21303427.650000006
2025-08-01 09:58:05 AM,340.8,1,340.8,21303768.450000007
2025-08-01 09:58:23 AM,340.8,1,340.8,21304109.250000007
2025-08-01 09:58:25 AM,340.45,2,680.9,21304790.150000006
2025-08-01 09:58:34 AM,340.4,0,0.0,21304790.150000006
2025-08-01 09:58:35 AM,340.4,50,17020.0,21321810.150000006
2025-08-01 09:58:59 AM,340.4,66,22466.399999999998,21344276.550000004
2025-08-01 09:59:05 AM,340.35,2,680.7,21344957.250000004
2025-08-01 09:59:29 AM,340.05,0,0.0,21344957.250000004
2025-08-01 09:59:31 AM,340.05,229,77871.45,21422828.700000003
2025-08-01 09:59:55 AM,340.0,100,34000.0,21456828.700000003
2025-08-01 10:00:08 AM,340.3,0,0.0,21456828.700000003
2025-08-01 10:00:08 AM,340.3,3,1020.9000000000001,21457849.6
2025-08-01 10:00:11 AM,340.3,1,340.3,21458189.900000002
2025-08-01 10:00:35 AM,340.05,0,0.0,21458189.900000002
2025-08-01 10:00:36 AM,340.05,38,12921.9,21471111.8
2025-08-01 10:00:43 AM,340.25,1,340.25,21471452.05
2025-08-01 10:01:02 AM,340.25,4,1361.0,21472813.05
2025-08-01 10:01:05 AM,340.25,1,340.25,21473153.3
2025-08-01 10:01:49 AM,340.2,0,0.0,21473153.3
2025-08-01 10:01:52 AM,340.2,24,8164.799999999999,21481318.1
2025-08-01 10:02:06 AM,340.2,102,34700.4,21516018.5
2025-08-01 10:02:23 AM,340.4,200,68080.0,21584098.5
2025-08-01 10:02:44 AM,340.6,15,5109.0,21589207.5
2025-08-01 10:03:07 AM,340.6,500,170300.0,21759507.5
2025-08-01 10:03:20 AM,340.6,244,83106.40000000001,21842613.9
2025-08-01 10:03:27 AM,340.65,0,0.0,21842613.9
2025-08-01 10:03:27 AM,340.65,14,4769.099999999999,21847383.0
2025-08-01 10:04:04 AM,340.7,50,17035.0,21864418.0
2025-08-01 10:04:17 AM,340.5,47,16003.5,21880421.5
2025-08-01 10:04:19 AM,340.7,0,0.0,21880421.5
2025-08-01 10:04:19 AM,340.7,100,34070.0,21914491.5
2025-08-01 10:05:25 AM,340.7,300,102210.0,22016701.5
2025-08-01 10:06:07 AM,340.5,13,4426.5,22021128.0
2025-08-01 10:06:37 AM,340.2,31,10546.199999999999,22031674.2
2025-08-01 10:06:49 AM,340.5,2,681.0,22032355.2
2025-08-01 10:07:07 AM,340.0,0,0.0,22032355.2
2025-08-01 10:07:08 AM,340.0,10302,3502680.0,25535035.2
2025-08-01 10:07:10 AM,340.05,20,6801.0,25541836.2
2025-08-01 10:07:27 AM,340.05,1,340.05,25542176.25
2025-08-01 10:07:31 AM,340.1,0,0.0,25542176.25
2025-08-01 10:07:33 AM,340.1,304,103390.40000000001,25645566.65
2025-08-01 10:07:35 AM,340.15,0,0.0,25645566.65
2025-08-01 10:07:35 AM,340.15,30,10204.5,25655771.15
2025-08-01 10:07:51 AM,340.1,20,6802.0,25662573.15
2025-08-01 10:08:08 AM,340.25,0,0.0,25662573.15
2025-08-01 10:08:10 AM,340.05,69,23463.45,25686036.599999998
2025-08-01 10:08:40 AM,340.05,51,17342.55,25703379.15
2025-08-01 10:08:45 AM,340.25,0,0.0,25703379.15
2025-08-01 10:08:46 AM,340.25,3,1020.75,25704399.9
2025-08-01 10:08:54 AM,340.3,25,8507.5,25712907.4
2025-08-01 10:09:05 AM,340.4,100,34040.0,25746947.4
2025-08-01 10:09:06 AM,340.45,0,0.0,25746947.4
2025-08-01 10:09:10 AM,340.45,25,8511.25,25755458.65
2025-08-01 10:09:45 AM,340.45,2,680.9,25756139.549999997
2025-08-01 10:09:58 AM,340.65,0,0.0,25756139.549999997
2025-08-01 10:09:58 AM,340.65,1433,488151.44999999995,26244290.999999996
2025-08-01 10:10:00 AM,340.55,0,0.0,26244290.999999996
2025-08-01 10:10:02 AM,341.2,486,165823.19999999998,26410114.199999996
2025-08-01 10:11:30 AM,341.2,3,1023.5999999999999,26411137.799999997
2025-08-01 10:11:42 AM,341.35,0,0.0,26411137.799999997
2025-08-01 10:11:42 AM,341.35,30,10240.5,26421378.299999997
2025-08-01 10:12:17 AM,341.0,100,34100.0,26455478.299999997
2025-08-01 10:12:46 AM,341.4,5,1707.0,26457185.299999997
2025-08-01 10:13:28 AM,341.35,50,17067.5,26474252.799999997
2025-08-01 10:13:30 AM,341.0,0,0.0,26474252.799999997
2025-08-01 10:13:33 AM,341.0,200,68200.0,26542452.799999997
2025-08-01 10:14:14 AM,341.0,30,10230.0,26552682.799999997
2025-08-01 10:14:36 AM,341.35,0,0.0,26552682.799999997
2025-08-01 10:14:37 AM,341.35,2,682.7,26553365.499999996
2025-08-01 10:15:18 AM,341.35,65,22187.75,26575553.249999996
2025-08-01 10:15:24 AM,341.0,0,0.0,26575553.249999996
2025-08-01 10:15:24 AM,341.0,1030,351230.0,26926783.249999996
2025-08-01 10:15:36 AM,341.0,150,51150.0,26977933.249999996
2025-08-01 10:17:06 AM,340.85,0,0.0,26977933.249999996
2025-08-01 10:17:08 AM,340.85,95,32380.750000000004,27010313.999999996
2025-08-01 10:17:21 AM,340.75,0,0.0,27010313.999999996
2025-08-01 10:17:26 AM,340.75,41,13970.75,27024284.749999996
2025-08-01 10:17:53 AM,340.65,0,0.0,27024284.749999996
2025-08-01 10:17:55 AM,340.6,322,109673.20000000001,27133957.949999996
2025-08-01 10:18:06 AM,340.6,1,340.6,27134298.549999997
2025-08-01 10:18:12 AM,340.75,0,0.0,27134298.549999997
2025-08-01 10:18:12 AM,340.75,88,29986.0,27164284.549999997
2025-08-01 10:19:10 AM,340.8,73,24878.4,27189162.949999996
2025-08-01 10:19:22 AM,341.0,0,0.0,27189162.949999996
2025-08-01 10:19:22 AM,341.0,12,4092.0,27193254.949999996
2025-08-01 10:19:44 AM,341.0,67,22847.0,27216101.949999996
2025-08-01 10:20:11 AM,341.3,100,34130.0,27250231.949999996
2025-08-01 10:21:30 AM,341.15,0,0.0,27250231.949999996
2025-08-01 10:21:32 AM,341.15,25,8528.75,27258760.699999996
2025-08-01 10:22:18 AM,341.45,12,4097.4,27262858.099999994
2025-08-01 10:22:39 AM,341.2,0,0.0,27262858.099999994
2025-08-01 10:22:41 AM,341.2,150,51180.0,27314038.099999994
2025-08-01 10:23:11 AM,341.2,50,17060.0,27331098.099999994
2025-08-01 10:23:21 AM,341.5,0,0.0,27331098.099999994
2025-08-01 10:23:23 AM,341.5,100,34150.0,27365248.099999994
2025-08-01 10:23:29 AM,341.5,105,35857.5,27401105.599999994
2025-08-01 10:23:36 AM,341.5,7,2390.5,27403496.099999994
2025-08-01 10:23:40 AM,341.5,15,5122.5,27408618.599999994
2025-08-01 10:23:53 AM,341.75,0,0.0,27408618.599999994
2025-08-01 10:23:53 AM,341.75,10,3417.5,27412036.099999994
2025-08-01 10:24:35 AM,341.5,14,4781.0,27416817.099999994
2025-08-01 10:24:47 AM,341.85,0,0.0,27416817.099999994
2025-08-01 10:24:48 AM,341.85,139,47517.15,27464334.249999993
2025-08-01 10:25:07 AM,341.45,0,0.0,27464334.249999993
2025-08-01 10:25:08 AM,341.45,197,67265.65,27531599.89999999
2025-08-01 10:25:25 AM,341.8,0,0.0,27531599.89999999
2025-08-01 10:25:26 AM,341.8,139,47510.200000000004,27579110.09999999
2025-08-01 10:26:10 AM,341.85,0,0.0,27579110.09999999
2025-08-01 10:26:10 AM,341.85,38,12990.300000000001,27592100.39999999
2025-08-01 10:27:28 AM,341.8,0,0.0,27592100.39999999
2025-08-01 10:27:29 AM,341.8,16,5468.8,27597569.19999999
2025-08-01 10:27:40 AM,341.55,0,0.0,27597569.19999999
2025-08-01 10:27:40 AM,341.55,50,17077.5,27614646.69999999
2025-08-01 10:28:01 AM,341.75,0,0.0,27614646.69999999
2025-08-01 10:28:02 AM,341.75,1,341.75,27614988.44999999
2025-08-01 10:28:13 AM,341.75,1,341.75,27615330.19999999
2025-08-01 10:28:15 AM,341.75,1,341.75,27615671.94999999
2025-08-01 10:28:29 AM,341.75,60,20505.0,27636176.94999999
2025-08-01 10:28:31 AM,341.8,0,0.0,27636176.94999999
2025-08-01 10:28:32 AM,341.8,90,30762.0,27666938.94999999
2025-08-01 10:28:43 AM,341.8,1,341.8,27667280.749999993
2025-08-01 10:29:20 AM,341.8,1,341.8,27667622.549999993
2025-08-01 10:29:22 AM,341.75,0,0.0,27667622.549999993
2025-08-01 10:29:22 AM,341.75,190,64932.5,27732555.049999993
2025-08-01 10:29:24 AM,342.0,0,0.0,27732555.049999993
2025-08-01 10:29:25 AM,342.0,500,171000.0,27903555.049999993
2025-08-01 10:29:27 AM,341.95,100,34195.0,27937750.049999993
2025-08-01 10:29:58 AM,341.95,50,17097.5,27954847.549999993
2025-08-01 10:30:04 AM,342.0,102,34884.0,27989731.549999993
2025-08-01 10:30:32 AM,341.9,0,0.0,27989731.549999993
2025-08-01 10:30:32 AM,341.9,1,341.9,27990073.44999999
2025-08-01 10:32:49 AM,341.9,20,6838.0,27996911.44999999
2025-08-01 10:33:01 AM,341.9,16,5470.4,28002381.84999999
2025-08-01 10:34:04 AM,341.9,10,3419.0,28005800.84999999
2025-08-01 10:34:36 AM,341.9,1,341.9,28006142.74999999
2025-08-01 10:34:42 AM,341.75,9,3075.75,28009218.49999999
2025-08-01 10:34:43 AM,341.9,0,0.0,28009218.49999999
2025-08-01 10:34:44 AM,341.9,10,3419.0,28012637.49999999
2025-08-01 10:34:48 AM,341.9,3,1025.6999999999998,28013663.199999988
2025-08-01 10:35:01 AM,341.8,0,0.0,28013663.199999988
2025-08-01 10:35:01 AM,341.8,2,683.6,28014346.79999999
2025-08-01 10:35:04 AM,341.9,0,0.0,28014346.79999999
2025-08-01 10:35:05 AM,341.9,10,3419.0,28017765.79999999
2025-08-01 10:35:22 AM,341.85,5,1709.25,28019475.04999999
2025-08-01 10:35:28 AM,341.75,0,0.0,28019475.04999999
2025-08-01 10:35:30 AM,341.75,4,1367.0,28020842.04999999
2025-08-01 10:35:44 AM,341.75,8,2734.0,28023576.04999999
2025-08-01 10:37:18 AM,341.55,2,683.1,28024259.14999999
2025-08-01 10:37:38 AM,341.55,155,52940.25,28077199.39999999
2025-08-01 10:37:43 AM,341.55,10,3415.5,28080614.89999999
2025-08-01 10:38:24 AM,341.75,0,0.0,28080614.89999999
2025-08-01 10:38:24 AM,341.75,25,8543.75,28089158.64999999
2025-08-01 10:38:46 AM,341.55,0,0.0,28089158.64999999
2025-08-01 10:38:48 AM,341.55,6,2049.3,28091207.94999999
2025-08-01 10:39:36 AM,341.55,44,15028.2,28106236.14999999
2025-08-01 10:39:41 AM,341.55,89,30397.95,28136634.09999999
2025-08-01 10:39:48 AM,341.5,0,0.0,28136634.09999999
2025-08-01 10:39:49 AM,341.5,137,46785.5,28183419.59999999
2025-08-01 10:39:54 AM,341.6,0,0.0,28183419.59999999
2025-08-01 10:39:55 AM,341.6,20,6832.0,28190251.59999999
2025-08-01 10:40:39 AM,341.65,5,1708.25,28191959.84999999
2025-08-01 10:40:48 AM,341.75,4,1367.0,28193326.84999999
2025-08-01 10:41:33 AM,341.75,110,37592.5,28230919.34999999
2025-08-01 10:41:56 AM,341.75,53,18112.75,28249032.09999999
2025-08-01 10:41:57 AM,342.0,0,0.0,28249032.09999999
2025-08-01 10:42:00 AM,342.0,99,33858.0,28282890.09999999
2025-08-01 10:42:01 AM,342.05,100,34205.0,28317095.09999999
2025-08-01 10:43:42 AM,341.85,0,0.0,28317095.09999999
2025-08-01 10:43:44 AM,341.75,29,9910.75,28327005.84999999
2025-08-01 10:44:45 AM,341.75,52,17771.0,28344776.84999999
2025-08-01 10:45:10 AM,341.75,22,7518.5,28352295.34999999
2025-08-01 10:45:15 AM,341.85,10,3418.5,28355713.84999999
2025-08-01 10:45:17 AM,342.0,0,0.0,28355713.84999999
2025-08-01 10:45:18 AM,342.0,200,68400.0,28424113.84999999
2025-08-01 10:46:09 AM,341.75,0,0.0,28424113.84999999
2025-08-01 10:46:10 AM,341.75,58,19821.5,28443935.34999999
2025-08-01 10:46:12 AM,341.5,0,0.0,28443935.34999999
2025-08-01 10:46:12 AM,341.5,189,64543.5,28508478.84999999
2025-08-01 10:46:36 AM,341.6,0,0.0,28508478.84999999
2025-08-01 10:46:39 AM,341.6,248,84716.8,28593195.64999999
2025-08-01 10:47:17 AM,341.6,753,257224.80000000002,28850420.44999999
2025-08-01 10:48:59 AM,341.5,0,0.0,28850420.44999999
2025-08-01 10:49:00 AM,341.5,1,341.5,28850761.94999999
2025-08-01 10:49:16 AM,341.5,2,683.0,28851444.94999999
2025-08-01 10:49:26 AM,341.3,0,0.0,28851444.94999999
2025-08-01 10:49:27 AM,341.3,72,24573.600000000002,28876018.549999993
2025-08-01 10:49:32 AM,341.3,31,10580.300000000001,28886598.849999994
2025-08-01 10:49:39 AM,341.0,500,170500.0,29057098.849999994
2025-08-01 10:50:25 AM,341.2,0,0.0,29057098.849999994
2025-08-01 10:50:27 AM,341.2,2,682.4,29057781.249999993
2025-08-01 10:50:49 AM,341.2,25,8530.0,29066311.249999993
2025-08-01 10:50:50 AM,341.0,500,170500.0,29236811.249999993
2025-08-01 10:51:07 AM,341.0,249,84909.0,29321720.249999993
2025-08-01 10:51:09 AM,341.15,0,0.0,29321720.249999993
2025-08-01 10:51:12 AM,341.15,20,6823.0,29328543.249999993
2025-08-01 10:51:28 AM,341.15,10,3411.5,29331954.749999993
2025-08-01 10:51:42 AM,341.2,0,0.0,29331954.749999993
2025-08-01 10:51:44 AM,341.15,0,0.0,29331954.749999993
2025-08-01 10:51:45 AM,341.15,7,2388.0499999999997,29334342.799999993
2025-08-01 10:51:51 AM,341.2,5,1706.0,29336048.799999993
2025-08-01 10:52:55 AM,341.15,3,1023.4499999999999,29337072.249999993
2025-08-01 10:53:14 AM,341.1,0,0.0,29337072.249999993
2025-08-01 10:53:15 AM,341.1,100,34110.0,29371182.249999993
2025-08-01 10:53:27 AM,341.2,70,23884.0,29395066.249999993
2025-08-01 10:53:58 AM,341.2,100,34120.0,29429186.249999993
2025-08-01 10:54:34 AM,341.0,0,0.0,29429186.249999993
2025-08-01 10:54:36 AM,341.0,57,19437.0,29448623.249999993
2025-08-01 10:55:07 AM,341.2,10,3412.0,29452035.249999993
2025-08-01 10:55:36 AM,341.1,70,23877.0,29475912.249999993
2025-08-01 10:56:50 AM,341.2,0,0.0,29475912.249999993
2025-08-01 10:56:50 AM,341.2,106,36167.2,29512079.44999999
2025-08-01 10:57:26 AM,341.3,0,0.0,29512079.44999999
2025-08-01 10:57:27 AM,341.3,1,341.3,29512420.749999993
2025-08-01 10:58:02 AM,341.2,0,0.0,29512420.749999993
2025-08-01 10:58:03 AM,341.2,50,17060.0,29529480.749999993
2025-08-01 10:58:30 AM,341.2,20,6824.0,29536304.749999993
2025-08-01 10:58:56 AM,341.3,0,0.0,29536304.749999993
2025-08-01 10:58:57 AM,341.3,1,341.3,29536646.049999993
2025-08-01 10:59:02 AM,341.45,100,34145.0,29570791.049999993
2025-08-01 11:00:53 AM,341.2,0,0.0,29570791.049999993
2025-08-01 11:00:55 AM,341.55,0,0.0,29570791.049999993
2025-08-01 11:00:55 AM,341.55,300,102465.0,29673256.049999993
2025-08-01 11:01:11 AM,341.5,0,0.0,29673256.049999993
2025-08-01 11:01:11 AM,341.5,1,341.5,29673597.549999993
2025-08-01 11:04:16 AM,341.8,0,0.0,29673597.549999993
2025-08-01 11:04:17 AM,341.8,15,5127.0,29678724.549999993
2025-08-01 11:06:25 AM,341.8,10,3418.0,29682142.549999993
2025-08-01 11:07:15 AM,342.0,0,0.0,29682142.549999993
2025-08-01 11:07:15 AM,342.0,600,205200.0,29887342.549999993
2025-08-01 11:07:21 AM,341.55,40,13662.0,29901004.549999993
2025-08-01 11:07:23 AM,341.8,0,0.0,29901004.549999993
2025-08-01 11:07:26 AM,341.8,3,1025.4,29902029.94999999
2025-08-01 11:08:43 AM,341.5,999,341158.5,30243188.44999999
2025-08-01 11:09:27 AM,341.1,0,0.0,30243188.44999999
2025-08-01 11:09:28 AM,341.1,70,23877.0,30267065.44999999
2025-08-01 11:10:08 AM,341.1,75,25582.5,30292647.94999999
2025-08-01 11:10:16 AM,341.0,0,0.0,30292647.94999999
2025-08-01 11:10:19 AM,341.0,140,47740.0,30340387.94999999
2025-08-01 11:10:40 AM,341.0,10,3410.0,30343797.94999999
2025-08-01 11:12:34 AM,341.2,10,3412.0,30347209.94999999
2025-08-01 11:12:54 AM,341.2,3,1023.5999999999999,30348233.549999993
2025-08-01 11:13:53 AM,341.4,0,0.0,30348233.549999993
2025-08-01 11:13:54 AM,341.4,12,4096.799999999999,30352330.349999994
2025-08-01 11:14:43 AM,341.4,10,3414.0,30355744.349999994
2025-08-01 11:14:54 AM,341.4,1,341.4,30356085.749999993
2025-08-01 11:15:35 AM,341.5,0,0.0,30356085.749999993
2025-08-01 11:15:37 AM,341.5,90,30735.0,30386820.749999993
2025-08-01 11:16:21 AM,341.15,0,0.0,30386820.749999993
2025-08-01 11:16:24 AM,341.15,10,3411.5,30390232.249999993
2025-08-01 11:16:39 AM,341.2,0,0.0,30390232.249999993
2025-08-01 11:16:39 AM,341.2,27,9212.4,30399444.64999999
2025-08-01 11:17:06 AM,341.2,9,3070.7999999999997,30402515.44999999
2025-08-01 11:17:40 AM,341.3,39,13310.7,30415826.14999999
2025-08-01 11:17:48 AM,341.5,2,683.0,30416509.14999999
2025-08-01 11:17:49 AM,341.7,0,0.0,30416509.14999999
2025-08-01 11:17:50 AM,341.75,967,330472.25,30746981.39999999
2025-08-01 11:17:58 AM,341.5,0,0.0,30746981.39999999
2025-08-01 11:17:59 AM,341.5,38,12977.0,30759958.39999999
2025-08-01 11:18:10 AM,341.5,250,85375.0,30845333.39999999
2025-08-01 11:18:13 AM,341.1,0,0.0,30845333.39999999
2025-08-01 11:18:15 AM,341.1,112,38203.200000000004,30883536.59999999
2025-08-01 11:18:21 AM,341.35,2,682.7,30884219.29999999
2025-08-01 11:19:05 AM,341.3,0,0.0,30884219.29999999
2025-08-01 11:19:07 AM,341.3,1,341.3,30884560.59999999
2025-08-01 11:19:49 AM,340.85,0,0.0,30884560.59999999
2025-08-01 11:19:50 AM,340.85,436,148610.6,31033171.19999999
2025-08-01 11:19:56 AM,340.85,1,340.85,31033512.049999993
2025-08-01 11:20:07 AM,341.0,1,341.0,31033853.049999993
2025-08-01 11:20:12 AM,340.75,48,16356.0,31050209.049999993
2025-08-01 11:20:28 AM,340.8,1,340.8,31050549.849999994
2025-08-01 11:21:14 AM,340.75,2,681.5,31051231.349999994
2025-08-01 11:21:25 AM,340.75,15,5111.25,31056342.599999994
2025-08-01 11:21:52 AM,340.6,10,3406.0,31059748.599999994
2025-08-01 11:21:56 AM,340.6,510,173706.0,31233454.599999994
2025-08-01 11:22:48 AM,340.3,0,0.0,31233454.599999994
2025-08-01 11:22:49 AM,340.3,1,340.3,31233794.899999995
2025-08-01 11:23:16 AM,340.3,50,17015.0,31250809.899999995
2025-08-01 11:23:30 AM,340.55,0,0.0,31250809.899999995
2025-08-01 11:23:31 AM,340.55,94,32011.7,31282821.599999994
2025-08-01 11:23:48 AM,340.7,0,0.0,31282821.599999994
2025-08-01 11:23:51 AM,340.7,1,340.7,31283162.299999993
2025-08-01 11:24:06 AM,340.7,11,3747.7,31286909.999999993
2025-08-01 11:24:22 AM,341.0,0,0.0,31286909.999999993
2025-08-01 11:24:22 AM,341.0,1500,511500.0,31798409.999999993
2025-08-01 11:24:47 AM,341.25,0,0.0,31798409.999999993
2025-08-01 11:24:48 AM,341.25,1000,341250.0,32139659.999999993
2025-08-01 11:24:54 AM,341.25,300,102375.0,32242034.999999993
2025-08-01 11:24:59 AM,341.25,1156,394485.0,32636519.999999993
2025-08-01 11:25:14 AM,341.4,0,0.0,32636519.999999993
2025-08-01 11:25:15 AM,341.4,20,6828.0,32643347.999999993
2025-08-01 11:25:41 AM,341.4,30,10242.0,32653589.999999993
2025-08-01 11:26:01 AM,341.25,0,0.0,32653589.999999993
2025-08-01 11:26:01 AM,341.25,200,68250.0,32721839.999999993
2025-08-01 11:26:19 AM,341.3,0,0.0,32721839.999999993
2025-08-01 11:26:22 AM,341.3,65,22184.5,32744024.499999993
2025-08-01 11:28:40 AM,341.25,0,0.0,32744024.499999993
2025-08-01 11:28:41 AM,341.25,23,7848.75,32751873.249999993
2025-08-01 11:30:10 AM,341.0,0,0.0,32751873.249999993
2025-08-01 11:30:11 AM,341.0,5,1705.0,32753578.249999993
2025-08-01 11:30:36 AM,340.75,45,15333.75,32768911.999999993
2025-08-01 11:31:03 AM,340.95,30,10228.5,32779140.499999993
2025-08-01 11:31:07 AM,340.95,21,7159.95,32786300.44999999
2025-08-01 11:31:22 AM,341.2,4,1364.8,32787665.249999993
2025-08-01 11:33:06 AM,341.2,200,68240.0,32855905.249999993
2025-08-01 11:33:17 AM,341.25,0,0.0,32855905.249999993
2025-08-01 11:33:17 AM,341.25,100,34125.0,32890030.249999993
2025-08-01 11:33:21 AM,341.25,32,10920.0,32900950.249999993
2025-08-01 11:34:57 AM,341.05,0,0.0,32900950.249999993
2025-08-01 11:34:59 AM,341.05,1,341.05,32901291.299999993
2025-08-01 11:35:04 AM,341.05,2,682.1,32901973.399999995
2025-08-01 11:35:32 AM,340.75,0,0.0,32901973.399999995
2025-08-01 11:35:37 AM,340.75,46,15674.5,32917647.899999995
2025-08-01 11:35:52 AM,340.85,0,0.0,32917647.899999995
2025-08-01 11:35:52 AM,340.85,2,681.7,32918329.599999994
2025-08-01 11:36:07 AM,340.85,1,340.85,32918670.449999996
2025-08-01 11:36:15 AM,341.0,0,0.0,32918670.449999996
2025-08-01 11:36:17 AM,341.0,137,46717.0,32965387.449999996
2025-08-01 11:36:54 AM,341.0,25,8525.0,32973912.449999996
2025-08-01 11:37:15 AM,340.7,25,8517.5,32982429.949999996
2025-08-01 11:39:12 AM,340.7,2,681.4,32983111.349999994
2025-08-01 11:39:38 AM,340.7,3,1022.0999999999999,32984133.449999996
2025-08-01 11:40:09 AM,340.4,0,0.0,32984133.449999996
2025-08-01 11:40:09 AM,340.4,51,17360.399999999998,33001493.849999994
2025-08-01 11:41:38 AM,340.55,0,0.0,33001493.849999994
2025-08-01 11:41:41 AM,340.55,2,681.1,33002174.949999996
2025-08-01 11:42:26 AM,340.3,0,0.0,33002174.949999996
2025-08-01 11:42:27 AM,340.3,300,102090.0,33104264.949999996
2025-08-01 11:43:01 AM,340.25,0,0.0,33104264.949999996
2025-08-01 11:43:03 AM,340.25,100,34025.0,33138289.949999996
2025-08-01 11:43:25 AM,340.25,50,17012.5,33155302.449999996
2025-08-01 11:43:34 AM,340.15,0,0.0,33155302.449999996
2025-08-01 11:43:36 AM,340.15,237,80615.54999999999,33235917.999999996
2025-08-01 11:44:26 AM,340.2,7,2381.4,33238299.399999995
2025-08-01 11:44:42 AM,340.35,19,6466.650000000001,33244766.049999993
2025-08-01 11:44:52 AM,340.1,0,0.0,33244766.049999993
2025-08-01 11:44:53 AM,340.1,385,130938.50000000001,33375704.549999993
2025-08-01 11:45:51 AM,340.35,1,340.35,33376044.899999995
2025-08-01 11:46:18 AM,340.35,48,16336.800000000001,33392381.699999996
2025-08-01 11:46:29 AM,340.1,185,62918.50000000001,33455300.199999996
2025-08-01 11:46:41 AM,340.35,0,0.0,33455300.199999996
2025-08-01 11:46:45 AM,340.35,42,14294.7,33469594.899999995
2025-08-01 11:48:52 AM,340.3,0,0.0,33469594.899999995
2025-08-01 11:48:53 AM,340.3,75,25522.5,33495117.399999995
2025-08-01 11:48:58 AM,340.3,306,104131.8,33599249.199999996
2025-08-01 11:49:14 AM,340.55,1,340.55,33599589.74999999
2025-08-01 11:49:15 AM,340.3,0,0.0,33599589.74999999
2025-08-01 11:49:19 AM,340.3,100,34030.0,33633619.74999999
2025-08-01 11:50:41 AM,340.55,0,0.0,33633619.74999999
2025-08-01 11:50:41 AM,340.55,10,3405.5,33637025.24999999
2025-08-01 11:51:01 AM,340.55,50,17027.5,33654052.74999999
2025-08-01 11:51:33 AM,340.0,0,0.0,33654052.74999999
2025-08-01 11:51:35 AM,340.0,2700,918000.0,34572052.74999999
2025-08-01 11:51:46 AM,340.55,0,0.0,34572052.74999999
2025-08-01 11:51:50 AM,340.55,10,3405.5,34575458.24999999
2025-08-01 11:52:02 AM,340.65,0,0.0,34575458.24999999
2025-08-01 11:52:05 AM,340.65,40,13626.0,34589084.24999999
2025-08-01 11:53:05 AM,340.9,0,0.0,34589084.24999999
2025-08-01 11:53:06 AM,340.9,63,21476.699999999997,34610560.949999996
2025-08-01 11:53:13 AM,340.85,0,0.0,34610560.949999996
2025-08-01 11:53:16 AM,340.85,1,340.85,34610901.8
2025-08-01 11:53:47 AM,340.65,6,2043.8999999999999,34612945.699999996
2025-08-01 11:54:09 AM,340.9,0,0.0,34612945.699999996
2025-08-01 11:54:12 AM,340.9,2,681.8,34613627.49999999
2025-08-01 11:54:48 AM,340.9,2,681.8,34614309.29999999
2025-08-01 11:56:50 AM,340.9,75,25567.5,34639876.79999999
2025-08-01 11:57:07 AM,340.65,0,0.0,34639876.79999999
2025-08-01 11:57:09 AM,340.65,1,340.65,34640217.44999999
2025-08-01 11:57:15 AM,340.65,45,15329.249999999998,34655546.69999999
2025-08-01 11:57:30 AM,340.9,14,4772.599999999999,34660319.29999999
2025-08-01 11:57:34 AM,340.65,25,8516.25,34668835.54999999
2025-08-01 11:57:57 AM,340.85,0,0.0,34668835.54999999
2025-08-01 11:57:59 AM,340.85,1,340.85,34669176.39999999
2025-08-01 11:58:20 AM,340.65,0,0.0,34669176.39999999
2025-08-01 11:58:21 AM,340.65,30,10219.5,34679395.89999999
2025-08-01 11:59:10 AM,340.55,100,34055.0,34713450.89999999
2025-08-01 11:59:15 AM,340.6,7,2384.2000000000003,34715835.099999994
2025-08-01 11:59:30 AM,340.45,24,8170.799999999999,34724005.89999999
2025-08-01 11:59:56 AM,340.5,0,0.0,34724005.89999999
2025-08-01 11:59:57 AM,340.5,10,3405.0,34727410.89999999
2025-08-01 12:00:41 PM,340.5,18,6129.0,34733539.89999999
2025-08-01 12:02:07 PM,340.5,29,9874.5,34743414.39999999
2025-08-01 12:02:58 PM,340.5,4,1362.0,34744776.39999999
2025-08-01 12:03:19 PM,340.5,50,17025.0,34761801.39999999
2025-08-01 12:03:28 PM,340.5,10,3405.0,34765206.39999999
2025-08-01 12:03:37 PM,340.5,205,69802.5,34835008.89999999
2025-08-01 12:03:41 PM,341.0,0,0.0,34835008.89999999
2025-08-01 12:03:42 PM,341.0,2795,953095.0,35788103.89999999
2025-08-01 12:03:49 PM,340.75,0,0.0,35788103.89999999
2025-08-01 12:03:50 PM,340.75,1,340.75,35788444.64999999
2025-08-01 12:03:55 PM,340.8,2,681.6,35789126.24999999
2025-08-01 12:04:37 PM,340.8,1,340.8,35789467.04999999
2025-08-01 12:05:06 PM,340.4,0,0.0,35789467.04999999
2025-08-01 12:05:08 PM,340.4,148,50379.2,35839846.24999999
2025-08-01 12:05:16 PM,340.8,0,0.0,35839846.24999999
2025-08-01 12:05:18 PM,340.8,14,4771.2,35844617.449999996
2025-08-01 12:05:56 PM,340.5,0,0.0,35844617.449999996
2025-08-01 12:05:58 PM,340.8,0,0.0,35844617.449999996
2025-08-01 12:05:58 PM,340.8,14,4771.2,35849388.65
2025-08-01 12:08:22 PM,340.75,0,0.0,35849388.65
2025-08-01 12:08:23 PM,340.75,5,1703.75,35851092.4
2025-08-01 12:08:26 PM,340.55,0,0.0,35851092.4
2025-08-01 12:08:28 PM,340.55,10,3405.5,35854497.9
2025-08-01 12:08:54 PM,340.45,0,0.0,35854497.9
2025-08-01 12:08:58 PM,340.45,11,3744.95,35858242.85
2025-08-01 12:12:30 PM,340.6,0,0.0,35858242.85
2025-08-01 12:12:31 PM,340.6,26,8855.6,35867098.45
2025-08-01 12:12:37 PM,340.6,80,27248.0,35894346.45
2025-08-01 12:12:46 PM,340.35,0,0.0,35894346.45
2025-08-01 12:12:47 PM,340.35,4,1361.4,35895707.85
2025-08-01 12:15:22 PM,340.7,0,0.0,35895707.85
2025-08-01 12:15:23 PM,340.7,150,51105.0,35946812.85
2025-08-01 12:15:36 PM,340.65,0,0.0,35946812.85
2025-08-01 12:15:38 PM,340.65,34,11582.099999999999,35958394.95
2025-08-01 12:16:33 PM,340.8,16,5452.8,35963847.75
2025-08-01 12:17:40 PM,340.75,0,0.0,35963847.75
2025-08-01 12:17:41 PM,340.75,2,681.5,35964529.25
2025-08-01 12:18:56 PM,340.4,0,0.0,35964529.25
2025-08-01 12:18:59 PM,340.4,70,23828.0,35988357.25
2025-08-01 12:19:37 PM,340.35,0,0.0,35988357.25
2025-08-01 12:19:40 PM,340.35,5,1701.75,35990059.0
2025-08-01 12:20:47 PM,340.35,300,102105.0,36092164.0
2025-08-01 12:21:51 PM,340.6,0,0.0,36092164.0
2025-08-01 12:21:51 PM,340.6,9,3065.4,36095229.4
2025-08-01 12:21:58 PM,340.4,0,0.0,36095229.4
2025-08-01 12:22:00 PM,340.4,50,17020.0,36112249.4
2025-08-01 12:23:08 PM,340.6,0,0.0,36112249.4
2025-08-01 12:23:08 PM,340.6,4,1362.4,36113611.8
2025-08-01 12:23:18 PM,340.6,19,6471.400000000001,36120083.199999996
2025-08-01 12:23:36 PM,340.6,1,340.6,36120423.8
2025-08-01 12:23:43 PM,340.85,0,0.0,36120423.8
2025-08-01 12:23:46 PM,340.85,2,681.7,36121105.5
2025-08-01 12:24:15 PM,340.95,0,0.0,36121105.5
2025-08-01 12:24:16 PM,340.6,0,0.0,36121105.5
2025-08-01 12:24:17 PM,340.6,63,21457.800000000003,36142563.3
2025-08-01 12:25:08 PM,340.5,0,0.0,36142563.3
2025-08-01 12:25:11 PM,340.5,250,85125.0,36227688.3
2025-08-01 12:26:19 PM,340.55,0,0.0,36227688.3
2025-08-01 12:26:21 PM,340.55,10,3405.5,36231093.8
2025-08-01 12:27:29 PM,340.5,0,0.0,36231093.8
2025-08-01 12:27:32 PM,340.5,1,340.5,36231434.3
2025-08-01 12:27:41 PM,340.35,0,0.0,36231434.3
2025-08-01 12:27:42 PM,340.35,49,16677.15,36248111.449999996
2025-08-01 12:27:43 PM,340.1,0,0.0,36248111.449999996
2025-08-01 12:27:47 PM,340.1,18,6121.8,36254233.24999999
2025-08-01 12:28:43 PM,340.1,24,8162.400000000001,36262395.64999999
2025-08-01 12:28:46 PM,340.05,43,14622.15,36277017.79999999
2025-08-01 12:29:12 PM,340.05,18,6120.900000000001,36283138.69999999
2025-08-01 12:29:27 PM,340.05,31,10541.550000000001,36293680.249999985
2025-08-01 12:29:29 PM,340.05,17,5780.85,36299461.09999999
2025-08-01 12:29:33 PM,340.3,0,0.0,36299461.09999999
2025-08-01 12:29:34 PM,340.3,1,340.3,36299801.39999998
2025-08-01 12:29:51 PM,340.0,0,0.0,36299801.39999998
2025-08-01 12:29:53 PM,340.0,5,1700.0,36301501.39999998
2025-08-01 12:30:05 PM,340.0,12,4080.0,36305581.39999998
2025-08-01 12:30:26 PM,340.3,0,0.0,36305581.39999998
2025-08-01 12:30:26 PM,340.3,2,680.6,36306261.999999985
2025-08-01 12:30:47 PM,340.0,1,340.0,36306601.999999985
2025-08-01 12:31:46 PM,340.35,0,0.0,36306601.999999985
2025-08-01 12:31:49 PM,340.35,401,136480.35,36443082.34999999
2025-08-01 12:32:06 PM,340.3,6,2041.8000000000002,36445124.14999998
2025-08-01 12:33:01 PM,340.3,1,340.3,36445464.44999998
2025-08-01 12:33:02 PM,340.05,69,23463.45,36468927.89999998
2025-08-01 12:33:04 PM,340.3,0,0.0,36468927.89999998
2025-08-01 12:33:06 PM,340.3,2,680.6,36469608.499999985
2025-08-01 12:34:27 PM,340.3,10,3403.0,36473011.499999985
2025-08-01 12:35:13 PM,340.3,10,3403.0,36476414.499999985
2025-08-01 12:36:16 PM,340.3,5,1701.5,36478115.999999985
2025-08-01 12:36:36 PM,340.3,1,340.3,36478456.29999998
2025-08-01 12:36:57 PM,340.05,30,10201.5,36488657.79999998
2025-08-01 12:36:57 PM,340.25,0,0.0,36488657.79999998
2025-08-01 12:36:58 PM,340.25,70,23817.5,36512475.29999998
2025-08-01 12:37:12 PM,340.25,12,4083.0,36516558.29999998
2025-08-01 12:37:23 PM,340.3,0,0.0,36516558.29999998
2025-08-01 12:37:27 PM,340.3,19,6465.7,36523023.999999985
2025-08-01 12:37:51 PM,340.25,0,0.0,36523023.999999985
2025-08-01 12:37:52 PM,340.25,3,1020.75,36524044.749999985
2025-08-01 12:38:50 PM,340.15,187,63608.049999999996,36587652.79999998
2025-08-01 12:39:14 PM,340.25,0,0.0,36587652.79999998
2025-08-01 12:39:15 PM,340.25,18,6124.5,36593777.29999998
2025-08-01 12:39:55 PM,340.35,75,25526.25,36619303.54999998
2025-08-01 12:40:21 PM,340.45,4,1361.8,36620665.34999998
2025-08-01 12:41:15 PM,340.2,0,0.0,36620665.34999998
2025-08-01 12:41:18 PM,340.2,20,6804.0,36627469.34999998
2025-08-01 12:42:32 PM,340.5,0,0.0,36627469.34999998
2025-08-01 12:42:36 PM,340.5,1,340.5,36627809.84999998
2025-08-01 12:43:07 PM,340.5,29,9874.5,36637684.34999998
2025-08-01 12:43:13 PM,340.5,21,7150.5,36644834.84999998
2025-08-01 12:43:19 PM,340.75,106,36119.5,36680954.34999998
2025-08-01 12:43:24 PM,340.75,344,117218.0,36798172.34999998
2025-08-01 12:43:53 PM,340.6,0,0.0,36798172.34999998
2025-08-01 12:43:57 PM,340.6,16,5449.6,36803621.94999998
2025-08-01 12:44:26 PM,340.7,0,0.0,36803621.94999998
2025-08-01 12:44:29 PM,340.7,120,40884.0,36844505.94999998
2025-08-01 12:44:32 PM,340.35,0,0.0,36844505.94999998
2025-08-01 12:44:34 PM,340.35,21,7147.35,36851653.29999998
2025-08-01 12:44:47 PM,340.6,0,0.0,36851653.29999998
2025-08-01 12:44:50 PM,340.6,3,1021.8000000000001,36852675.09999998
2025-08-01 12:45:47 PM,340.6,1,340.6,36853015.69999998
2025-08-01 12:46:47 PM,340.2,130,44226.0,36897241.69999998
2025-08-01 12:46:48 PM,340.25,0,0.0,36897241.69999998
2025-08-01 12:46:52 PM,340.25,15,5103.75,36902345.44999998
2025-08-01 12:47:18 PM,340.1,17,5781.700000000001,36908127.14999998
2025-08-01 12:48:16 PM,340.05,0,0.0,36908127.14999998
2025-08-01 12:48:18 PM,340.05,18,6120.900000000001,36914248.04999998
2025-08-01 12:48:23 PM,340.05,5,1700.25,36915948.29999998
2025-08-01 12:48:39 PM,340.05,10,3400.5,36919348.79999998
2025-08-01 12:48:53 PM,340.05,75,25503.75,36944852.54999998
2025-08-01 12:48:58 PM,340.05,25,8501.25,36953353.79999998
2025-08-01 12:49:32 PM,340.05,20,6801.0,36960154.79999998
2025-08-01 12:49:52 PM,340.2,0,0.0,36960154.79999998
2025-08-01 12:49:53 PM,340.2,3,1020.5999999999999,36961175.39999998
2025-08-01 12:50:12 PM,340.05,0,0.0,36961175.39999998
2025-08-01 12:50:13 PM,340.05,22,7481.1,36968656.499999985
2025-08-01 12:51:01 PM,340.05,12,4080.6000000000004,36972737.09999999
2025-08-01 12:51:21 PM,340.2,3,1020.5999999999999,36973757.69999999
2025-08-01 12:51:24 PM,340.05,0,0.0,36973757.69999999
2025-08-01 12:51:26 PM,340.25,41,13950.25,36987707.94999999
2025-08-01 12:51:45 PM,340.05,100,34005.0,37021712.94999999
2025-08-01 12:52:06 PM,340.35,0,0.0,37021712.94999999
2025-08-01 12:52:07 PM,340.35,30,10210.5,37031923.44999999
2025-08-01 12:52:35 PM,340.35,1,340.35,37032263.79999999
2025-08-01 12:52:40 PM,340.15,48,16327.199999999999,37048590.99999999
2025-08-01 12:53:10 PM,340.55,0,0.0,37048590.99999999
2025-08-01 12:53:10 PM,340.55,150,51082.5,37099673.49999999
2025-08-01 12:54:00 PM,340.15,0,0.0,37099673.49999999
2025-08-01 12:54:00 PM,340.15,100,34015.0,37133688.49999999
2025-08-01 12:54:28 PM,340.45,0,0.0,37133688.49999999
2025-08-01 12:54:30 PM,340.45,10,3404.5,37137092.99999999
2025-08-01 12:54:42 PM,340.5,0,0.0,37137092.99999999
2025-08-01 12:54:45 PM,340.5,30,10215.0,37147307.99999999
2025-08-01 12:55:10 PM,340.45,0,0.0,37147307.99999999
2025-08-01 12:55:13 PM,340.45,5,1702.25,37149010.24999999
2025-08-01 12:56:30 PM,340.5,0,0.0,37149010.24999999
2025-08-01 12:56:33 PM,340.5,5,1702.5,37150712.74999999
2025-08-01 12:56:54 PM,340.45,5,1702.25,37152414.99999999
2025-08-01 12:57:08 PM,340.15,16,5442.4,37157857.39999999
2025-08-01 12:57:14 PM,340.4,0,0.0,37157857.39999999
2025-08-01 12:57:18 PM,340.4,2,680.8,37158538.19999999
2025-08-01 12:57:30 PM,340.6,0,0.0,37158538.19999999
2025-08-01 12:57:33 PM,340.6,300,102180.0,37260718.19999999
2025-08-01 12:57:34 PM,340.15,0,0.0,37260718.19999999
2025-08-01 12:57:38 PM,340.15,100,34015.0,37294733.19999999
2025-08-01 12:58:26 PM,340.45,0,0.0,37294733.19999999
2025-08-01 12:58:28 PM,340.45,10,3404.5,37298137.69999999
2025-08-01 12:58:48 PM,340.05,0,0.0,37298137.69999999
2025-08-01 12:58:48 PM,340.05,121,41146.05,37339283.749999985
2025-08-01 12:59:12 PM,340.45,0,0.0,37339283.749999985
2025-08-01 12:59:14 PM,340.45,3,1021.3499999999999,37340305.09999999
2025-08-01 12:59:28 PM,340.15,0,0.0,37340305.09999999
2025-08-01 12:59:29 PM,340.15,1,340.15,37340645.249999985
2025-08-01 12:59:34 PM,340.45,3,1021.3499999999999,37341666.59999999
2025-08-01 12:59:45 PM,340.45,1,340.45,37342007.04999999
2025-08-01 01:00:35 PM,340.15,0,0.0,37342007.04999999
2025-08-01 01:00:37 PM,340.15,13,4421.95,37346428.99999999
2025-08-01 01:00:43 PM,340.4,0,0.0,37346428.99999999
2025-08-01 01:00:43 PM,340.4,15,5106.0,37351534.99999999
2025-08-01 01:00:48 PM,340.4,15,5106.0,37356640.99999999
2025-08-01 01:01:03 PM,340.4,37,12594.8,37369235.79999999
2025-08-01 01:01:57 PM,340.65,0,0.0,37369235.79999999
2025-08-01 01:01:59 PM,340.65,1,340.65,37369576.44999999
2025-08-01 01:03:29 PM,340.65,1,340.65,37369917.09999999
2025-08-01 01:03:44 PM,340.65,10,3406.5,37373323.59999999
2025-08-01 01:04:24 PM,340.65,250,85162.5,37458486.09999999
2025-08-01 01:05:07 PM,340.65,5,1703.25,37460189.34999999
2025-08-01 01:06:11 PM,340.7,0,0.0,37460189.34999999
2025-08-01 01:06:13 PM,340.7,25,8517.5,37468706.84999999
2025-08-01 01:07:46 PM,340.4,15,5106.0,37473812.84999999
2025-08-01 01:07:56 PM,340.4,1,340.4,37474153.249999985
2025-08-01 01:08:26 PM,340.65,0,0.0,37474153.249999985
2025-08-01 01:08:27 PM,340.65,10,3406.5,37477559.749999985
2025-08-01 01:08:34 PM,340.4,0,0.0,37477559.749999985
2025-08-01 01:08:37 PM,340.4,21,7148.4,37484708.14999998
2025-08-01 01:08:48 PM,340.65,9,3065.85,37487773.999999985
2025-08-01 01:09:31 PM,341.0,0,0.0,37487773.999999985
2025-08-01 01:09:31 PM,341.0,1513,515933.0,38003706.999999985
2025-08-01 01:10:28 PM,340.5,0,0.0,38003706.999999985
2025-08-01 01:10:29 PM,340.5,17,5788.5,38009495.499999985
2025-08-01 01:10:30 PM,340.85,0,0.0,38009495.499999985
2025-08-01 01:10:32 PM,340.85,10,3408.5,38012903.999999985
2025-08-01 01:10:48 PM,340.5,19,6469.5,38019373.499999985
2025-08-01 01:12:25 PM,340.85,0,0.0,38019373.499999985
2025-08-01 01:12:27 PM,340.85,2,681.7,38020055.19999999
2025-08-01 01:12:47 PM,340.85,2,681.7,38020736.89999999
2025-08-01 01:13:14 PM,340.55,0,0.0,38020736.89999999
2025-08-01 01:13:15 PM,340.55,50,17027.5,38037764.39999999
2025-08-01 01:14:21 PM,340.8,5,1704.0,38039468.39999999
2025-08-01 01:14:50 PM,340.8,8,2726.4,38042194.79999999
2025-08-01 01:15:10 PM,340.8,8,2726.4,38044921.19999999
2025-08-01 01:16:46 PM,340.4,0,0.0,38044921.19999999
2025-08-01 01:16:48 PM,340.4,200,68080.0,38113001.19999999
2025-08-01 01:16:53 PM,340.4,25,8510.0,38121511.19999999
2025-08-01 01:16:56 PM,340.8,0,0.0,38121511.19999999
2025-08-01 01:16:58 PM,340.8,50,17040.0,38138551.19999999
2025-08-01 01:18:15 PM,340.45,19,6468.55,38145019.749999985
2025-08-01 01:18:30 PM,340.35,0,0.0,38145019.749999985
2025-08-01 01:18:30 PM,340.35,15,5105.25,38150124.999999985
2025-08-01 01:18:58 PM,340.4,0,0.0,38150124.999999985
2025-08-01 01:19:00 PM,340.4,27,9190.8,38159315.79999998
2025-08-01 01:19:10 PM,340.3,0,0.0,38159315.79999998
2025-08-01 01:19:11 PM,340.3,137,46621.1,38205936.89999998
2025-08-01 01:19:30 PM,340.3,694,236168.2,38442105.09999999
2025-08-01 01:20:14 PM,340.65,0,0.0,38442105.09999999
2025-08-01 01:20:15 PM,340.65,125,42581.25,38484686.34999999
2025-08-01 01:20:42 PM,340.35,0,0.0,38484686.34999999
2025-08-01 01:20:45 PM,340.35,14,4764.900000000001,38489451.249999985
2025-08-01 01:20:54 PM,340.65,0,0.0,38489451.249999985
2025-08-01 01:20:55 PM,340.65,3,1021.9499999999999,38490473.19999999
2025-08-01 01:21:20 PM,340.15,390,132658.5,38623131.69999999
2025-08-01 01:22:07 PM,340.55,0,0.0,38623131.69999999
2025-08-01 01:22:08 PM,340.55,10,3405.5,38626537.19999999
2025-08-01 01:22:31 PM,340.25,20,6805.0,38633342.19999999
2025-08-01 01:23:09 PM,340.2,0,0.0,38633342.19999999
2025-08-01 01:23:10 PM,340.4,0,0.0,38633342.19999999
2025-08-01 01:23:12 PM,340.4,15,5106.0,38638448.19999999
2025-08-01 01:23:26 PM,340.65,0,0.0,38638448.19999999
2025-08-01 01:23:27 PM,340.65,200,68130.0,38706578.19999999
2025-08-01 01:23:40 PM,340.55,0,0.0,38706578.19999999
2025-08-01 01:23:41 PM,340.55,3,1021.6500000000001,38707599.84999999
2025-08-01 01:24:34 PM,340.55,1,340.55,38707940.39999998
2025-08-01 01:25:06 PM,340.0,0,0.0,38707940.39999998
2025-08-01 01:25:08 PM,340.0,500,170000.0,38877940.39999998
2025-08-01 01:25:11 PM,340.1,0,0.0,38877940.39999998
2025-08-01 01:25:13 PM,340.1,30,10203.0,38888143.39999998
2025-08-01 01:27:33 PM,340.5,0,0.0,38888143.39999998
2025-08-01 01:27:35 PM,340.5,14,4767.0,38892910.39999998
2025-08-01 01:27:50 PM,340.5,10,3405.0,38896315.39999998
2025-08-01 01:28:36 PM,340.15,0,0.0,38896315.39999998
2025-08-01 01:28:39 PM,340.15,17,5782.549999999999,38902097.94999998
2025-08-01 01:29:38 PM,340.1,0,0.0,38902097.94999998
2025-08-01 01:29:40 PM,340.1,17,5781.700000000001,38907879.64999998
2025-08-01 01:29:47 PM,340.3,0,0.0,38907879.64999998
2025-08-01 01:29:49 PM,340.3,5,1701.5,38909581.14999998
2025-08-01 01:29:54 PM,340.3,66,22459.8,38932040.94999998
2025-08-01 01:29:56 PM,340.65,0,0.0,38932040.94999998
2025-08-01 01:29:59 PM,340.65,162,55185.299999999996,38987226.24999998
2025-08-01 01:30:30 PM,340.8,0,0.0,38987226.24999998
2025-08-01 01:30:33 PM,340.8,1,340.8,38987567.049999975
2025-08-01 01:31:04 PM,340.8,5,1704.0,38989271.049999975
2025-08-01 01:32:04 PM,340.8,20,6816.0,38996087.049999975
2025-08-01 01:32:16 PM,340.85,0,0.0,38996087.049999975
2025-08-01 01:32:19 PM,340.85,1,340.85,38996427.899999976
2025-08-01 01:32:19 PM,341.0,10,3410.0,38999837.899999976
2025-08-01 01:32:48 PM,341.0,73,24893.0,39024730.899999976
2025-08-01 01:32:52 PM,341.0,2,682.0,39025412.899999976
2025-08-01 01:33:34 PM,341.15,0,0.0,39025412.899999976
2025-08-01 01:33:36 PM,341.15,2,682.3,39026095.19999997
2025-08-01 01:33:54 PM,340.8,0,0.0,39026095.19999997
2025-08-01 01:33:56 PM,340.8,1,340.8,39026435.99999997
2025-08-01 01:34:04 PM,341.15,0,0.0,39026435.99999997
2025-08-01 01:34:05 PM,341.15,1,341.15,39026777.14999997
2025-08-01 01:34:57 PM,341.15,26,8869.9,39035647.04999997
2025-08-01 01:35:08 PM,340.95,0,0.0,39035647.04999997
2025-08-01 01:35:11 PM,341.15,0,0.0,39035647.04999997
2025-08-01 01:35:12 PM,341.15,851,290318.64999999997,39325965.699999966
2025-08-01 01:35:26 PM,341.15,2,682.3,39326647.99999996
2025-08-01 01:36:59 PM,341.0,0,0.0,39326647.99999996
2025-08-01 01:37:03 PM,341.0,12,4092.0,39330739.99999996
2025-08-01 01:37:47 PM,341.0,70,23870.0,39354609.99999996
2025-08-01 01:38:08 PM,340.95,1397,476307.14999999997,39830917.14999996
2025-08-01 01:38:09 PM,340.95,61,20797.95,39851715.099999964
2025-08-01 01:38:35 PM,341.1,10,3411.0,39855126.099999964
2025-08-01 01:38:56 PM,340.95,0,0.0,39855126.099999964
2025-08-01 01:38:57 PM,340.95,8,2727.6,39857853.699999966
2025-08-01 01:39:34 PM,342.3,3261,1116240.3,40974093.99999996
2025-08-01 01:39:35 PM,341.6,0,0.0,40974093.99999996
2025-08-01 01:39:39 PM,341.6,333,113752.8,41087846.79999996
2025-08-01 01:40:04 PM,341.55,1,341.55,41088188.34999996
2025-08-01 01:40:14 PM,341.6,0,0.0,41088188.34999996
2025-08-01 01:40:15 PM,341.6,30,10248.0,41098436.34999996
2025-08-01 01:41:02 PM,341.5,0,0.0,41098436.34999996
2025-08-01 01:41:04 PM,341.5,5,1707.5,41100143.84999996
2025-08-01 01:41:24 PM,341.5,200,68300.0,41168443.84999996
2025-08-01 01:41:36 PM,341.6,0,0.0,41168443.84999996
2025-08-01 01:41:39 PM,341.6,358,122292.8,41290736.649999954
2025-08-01 01:41:42 PM,341.2,0,0.0,41290736.649999954
2025-08-01 01:41:44 PM,341.2,100,34120.0,41324856.649999954
2025-08-01 01:43:02 PM,341.2,100,34120.0,41358976.649999954
2025-08-01 01:44:17 PM,341.2,13,4435.599999999999,41363412.249999955
2025-08-01 01:44:57 PM,341.2,34,11600.8,41375013.04999995
2025-08-01 01:46:20 PM,341.15,52,17739.8,41392752.84999995
2025-08-01 01:47:17 PM,341.15,22,7505.299999999999,41400258.14999995
2025-08-01 01:48:27 PM,341.15,16,5458.4,41405716.549999945
2025-08-01 01:49:20 PM,341.15,13,4434.95,41410151.49999995
2025-08-01 01:49:30 PM,341.15,8,2729.2,41412880.69999995
2025-08-01 01:50:08 PM,341.15,13,4434.95,41417315.649999954
2025-08-01 01:50:38 PM,341.2,0,0.0,41417315.649999954
2025-08-01 01:50:38 PM,341.2,28,9553.6,41426869.249999955
2025-08-01 01:50:50 PM,341.45,0,0.0,41426869.249999955
2025-08-01 01:50:52 PM,341.45,31,10584.949999999999,41437454.19999996
2025-08-01 01:50:57 PM,341.45,5,1707.25,41439161.44999996
2025-08-01 01:51:00 PM,341.25,0,0.0,41439161.44999996
2025-08-01 01:51:02 PM,341.25,17,5801.25,41444962.69999996
2025-08-01 01:52:39 PM,341.4,6,2048.3999999999996,41447011.09999996
2025-08-01 01:52:54 PM,341.5,100,34150.0,41481161.09999996
2025-08-01 01:53:08 PM,341.25,0,0.0,41481161.09999996
2025-08-01 01:53:09 PM,341.25,189,64496.25,41545657.34999996
2025-08-01 01:54:00 PM,341.5,0,0.0,41545657.34999996
2025-08-01 01:54:01 PM,341.5,30,10245.0,41555902.34999996
2025-08-01 01:54:20 PM,341.5,1,341.5,41556243.84999996
2025-08-01 01:54:23 PM,341.25,0,0.0,41556243.84999996
2025-08-01 01:54:24 PM,341.25,10,3412.5,41559656.34999996
2025-08-01 01:54:34 PM,341.5,0,0.0,41559656.34999996
2025-08-01 01:54:35 PM,341.5,40,13660.0,41573316.34999996
2025-08-01 01:55:26 PM,342.45,0,0.0,41573316.34999996
2025-08-01 01:55:28 PM,342.45,4675,1600953.75,43174270.09999996
2025-08-01 01:55:34 PM,342.45,20,6849.0,43181119.09999996
2025-08-01 01:56:04 PM,342.4,0,0.0,43181119.09999996
2025-08-01 01:56:07 PM,342.45,0,0.0,43181119.09999996
2025-08-01 01:56:08 PM,342.45,289,98968.05,43280087.149999954
2025-08-01 01:56:20 PM,342.35,0,0.0,43280087.149999954
2025-08-01 01:56:23 PM,342.35,200,68470.0,43348557.149999954
2025-08-01 01:56:31 PM,342.4,0,0.0,43348557.149999954
2025-08-01 01:56:32 PM,342.4,10,3424.0,43351981.149999954
2025-08-01 01:56:48 PM,342.65,0,0.0,43351981.149999954
2025-08-01 01:56:53 PM,342.65,22,7538.299999999999,43359519.44999995
2025-08-01 01:57:04 PM,342.4,0,0.0,43359519.44999995
2025-08-01 01:57:07 PM,342.4,50,17120.0,43376639.44999995
2025-08-01 01:57:15 PM,342.45,0,0.0,43376639.44999995
2025-08-01 01:57:18 PM,342.45,1,342.45,43376981.899999954
2025-08-01 01:57:24 PM,342.35,0,0.0,43376981.899999954
2025-08-01 01:57:27 PM,342.35,100,34235.0,43411216.899999954
2025-08-01 01:57:44 PM,342.4,0,0.0,43411216.899999954
2025-08-01 01:57:46 PM,342.4,200,68480.0,43479696.899999954
2025-08-01 01:57:51 PM,342.45,0,0.0,43479696.899999954
2025-08-01 01:57:52 PM,342.45,1,342.45,43480039.34999996
2025-08-01 01:58:08 PM,342.7,0,0.0,43480039.34999996
2025-08-01 01:58:11 PM,342.7,129,44208.299999999996,43524247.649999954
2025-08-01 01:58:51 PM,342.9,1,342.9,43524590.54999995
2025-08-01 01:59:10 PM,342.7,0,0.0,43524590.54999995
2025-08-01 01:59:11 PM,342.7,90,30843.0,43555433.54999995
2025-08-01 01:59:17 PM,342.7,15,5140.5,43560574.04999995
2025-08-01 01:59:39 PM,342.9,0,0.0,43560574.04999995
2025-08-01 01:59:42 PM,342.9,5,1714.5,43562288.54999995
2025-08-01 02:00:15 PM,342.65,0,0.0,43562288.54999995
2025-08-01 02:00:18 PM,342.65,25,8566.25,43570854.79999995
2025-08-01 02:00:47 PM,342.75,0,0.0,43570854.79999995
2025-08-01 02:00:51 PM,342.75,63,21593.25,43592448.04999995
2025-08-01 02:02:16 PM,343.0,0,0.0,43592448.04999995
2025-08-01 02:02:18 PM,343.0,510,174930.0,43767378.04999995
2025-08-01 02:02:18 PM,342.65,0,0.0,43767378.04999995
2025-08-01 02:02:19 PM,342.65,250,85662.5,43853040.54999995
2025-08-01 02:02:43 PM,342.9,1,342.9,43853383.44999995
2025-08-01 02:02:58 PM,342.8,0,0.0,43853383.44999995
2025-08-01 02:02:58 PM,342.8,73,25024.4,43878407.84999995
2025-08-01 02:03:01 PM,343.0,0,0.0,43878407.84999995
2025-08-01 02:03:03 PM,343.0,350,120050.0,43998457.84999995
2025-08-01 02:03:20 PM,342.5,0,0.0,43998457.84999995
2025-08-01 02:03:24 PM,342.5,40,13700.0,44012157.84999995
2025-08-01 02:03:31 PM,342.45,0,0.0,44012157.84999995
2025-08-01 02:03:34 PM,342.45,53,18149.85,44030307.69999995
2025-08-01 02:04:29 PM,342.7,506,173406.19999999998,44203713.899999954
2025-08-01 02:05:55 PM,342.65,0,0.0,44203713.899999954
2025-08-01 02:05:59 PM,342.65,1,342.65,44204056.54999995
2025-08-01 02:06:40 PM,342.65,8,2741.2,44206797.749999955
2025-08-01 02:08:21 PM,342.15,0,0.0,44206797.749999955
2025-08-01 02:08:23 PM,342.15,1000,342150.0,44548947.749999955
2025-08-01 02:08:46 PM,342.3,0,0.0,44548947.749999955
2025-08-01 02:08:49 PM,342.3,7,2396.1,44551343.84999996
2025-08-01 02:09:09 PM,342.3,36,12322.800000000001,44563666.649999954
2025-08-01 02:09:38 PM,342.0,0,0.0,44563666.649999954
2025-08-01 02:09:39 PM,342.0,500,171000.0,44734666.649999954
2025-08-01 02:09:49 PM,342.05,50,17102.5,44751769.149999954
2025-08-01 02:10:59 PM,342.05,10,3420.5,44755189.649999954
2025-08-01 02:11:07 PM,342.3,0,0.0,44755189.649999954
2025-08-01 02:11:11 PM,342.3,1050,359415.0,45114604.649999954
2025-08-01 02:11:42 PM,342.5,5,1712.5,45116317.149999954
2025-08-01 02:13:05 PM,342.5,2,685.0,45117002.149999954
2025-08-01 02:13:11 PM,342.25,150,51337.5,45168339.649999954
2025-08-01 02:13:30 PM,342.45,0,0.0,45168339.649999954
2025-08-01 02:13:31 PM,342.45,1,342.45,45168682.09999996
2025-08-01 02:15:14 PM,342.15,0,0.0,45168682.09999996
2025-08-01 02:15:14 PM,342.15,6,2052.8999999999996,45170734.999999955
2025-08-01 02:16:32 PM,342.35,0,0.0,45170734.999999955
2025-08-01 02:16:33 PM,342.35,100,34235.0,45204969.999999955
2025-08-01 02:16:52 PM,342.1,0,0.0,45204969.999999955
2025-08-01 02:16:53 PM,342.1,20,6842.0,45211811.999999955
2025-08-01 02:18:44 PM,342.2,0,0.0,45211811.999999955
2025-08-01 02:18:45 PM,342.2,12,4106.4,45215918.399999954
2025-08-01 02:19:27 PM,342.2,26,8897.199999999999,45224815.59999996
2025-08-01 02:19:31 PM,342.5,0,0.0,45224815.59999996
2025-08-01 02:19:32 PM,342.5,200,68500.0,45293315.59999996
2025-08-01 02:19:37 PM,342.1,0,0.0,45293315.59999996
2025-08-01 02:19:37 PM,342.1,10,3421.0,45296736.59999996
2025-08-01 02:19:53 PM,342.4,28,9587.199999999999,45306323.79999996
2025-08-01 02:19:56 PM,342.55,0,0.0,45306323.79999996
2025-08-01 02:19:58 PM,342.55,6,2055.3,45308379.09999996
2025-08-01 02:21:21 PM,342.75,0,0.0,45308379.09999996
2025-08-01 02:21:25 PM,342.75,1000,342750.0,45651129.09999996
2025-08-01 02:21:50 PM,342.15,0,0.0,45651129.09999996
2025-08-01 02:21:51 PM,342.15,100,34215.0,45685344.09999996
2025-08-01 02:22:06 PM,342.1,0,0.0,45685344.09999996
2025-08-01 02:22:07 PM,342.1,2,684.2,45686028.29999996
2025-08-01 02:22:18 PM,342.05,6,2052.3,45688080.59999996
2025-08-01 02:22:19 PM,342.0,0,0.0,45688080.59999996
2025-08-01 02:22:19 PM,342.0,6554,2241468.0,47929548.59999996
2025-08-01 02:22:23 PM,341.8,0,0.0,47929548.59999996
2025-08-01 02:22:24 PM,341.8,91,31103.8,47960652.399999954
2025-08-01 02:22:35 PM,341.35,153,52226.55,48012878.94999995
2025-08-01 02:23:23 PM,341.35,1,341.35,48013220.29999995
2025-08-01 02:24:24 PM,341.1,0,0.0,48013220.29999995
2025-08-01 02:24:26 PM,341.1,600,204660.0,48217880.29999995
2025-08-01 02:24:33 PM,341.0,0,0.0,48217880.29999995
2025-08-01 02:24:36 PM,341.0,210,71610.0,48289490.29999995
2025-08-01 02:25:30 PM,340.95,0,0.0,48289490.29999995
2025-08-01 02:25:30 PM,340.95,11,3750.45,48293240.749999955
2025-08-01 02:25:33 PM,341.0,0,0.0,48293240.749999955
2025-08-01 02:25:36 PM,341.25,425,145031.25,48438271.999999955
2025-08-01 02:26:48 PM,341.0,0,0.0,48438271.999999955
2025-08-01 02:26:49 PM,341.0,3,1023.0,48439294.999999955
2025-08-01 02:26:54 PM,341.3,0,0.0,48439294.999999955
2025-08-01 02:26:54 PM,341.3,100,34130.0,48473424.999999955
2025-08-01 02:26:57 PM,341.35,0,0.0,48473424.999999955
2025-08-01 02:27:00 PM,341.35,50,17067.5,48490492.499999955
2025-08-01 02:27:17 PM,340.95,122,41595.9,48532088.399999954
2025-08-01 02:27:24 PM,340.85,0,0.0,48532088.399999954
2025-08-01 02:27:25 PM,340.55,0,0.0,48532088.399999954
2025-08-01 02:27:27 PM,340.55,502,170956.1,48703044.499999955
2025-08-01 02:27:31 PM,340.5,0,0.0,48703044.499999955
2025-08-01 02:27:33 PM,340.5,500,170250.0,48873294.499999955
2025-08-01 02:27:38 PM,340.5,504,171612.0,49044906.499999955
2025-08-01 02:27:44 PM,340.5,500,170250.0,49215156.499999955
2025-08-01 02:28:43 PM,340.85,0,0.0,49215156.499999955
2025-08-01 02:28:43 PM,340.85,30,10225.5,49225381.999999955
2025-08-01 02:29:08 PM,341.0,0,0.0,49225381.999999955
2025-08-01 02:29:12 PM,341.0,2027,691207.0,49916588.999999955
2025-08-01 02:29:22 PM,340.9,0,0.0,49916588.999999955
2025-08-01 02:29:23 PM,340.9,59,20113.1,49936702.09999996
2025-08-01 02:29:40 PM,340.85,0,0.0,49936702.09999996
2025-08-01 02:29:40 PM,340.85,66,22496.100000000002,49959198.19999996
2025-08-01 02:29:44 PM,341.2,0,0.0,49959198.19999996
2025-08-01 02:29:45 PM,341.2,100,34120.0,49993318.19999996
2025-08-01 02:30:01 PM,341.0,0,0.0,49993318.19999996
2025-08-01 02:30:01 PM,341.0,1,341.0,49993659.19999996
2025-08-01 02:31:30 PM,341.0,50,17050.0,50010709.19999996
2025-08-01 02:31:47 PM,341.35,0,0.0,50010709.19999996
2025-08-01 02:31:50 PM,341.35,444,151559.40000000002,50162268.59999996
2025-08-01 02:33:28 PM,341.4,1004,342765.6,50505034.19999996
2025-08-01 02:33:38 PM,341.95,0,0.0,50505034.19999996
2025-08-01 02:33:39 PM,341.95,5,1709.75,50506743.94999996
2025-08-01 02:33:49 PM,341.85,0,0.0,50506743.94999996
2025-08-01 02:33:50 PM,342.25,224,76664.0,50583407.94999996
2025-08-01 02:33:52 PM,341.75,290,99107.5,50682515.44999996
2025-08-01 02:33:59 PM,342.1,0,0.0,50682515.44999996
2025-08-01 02:34:01 PM,342.1,15,5131.5,50687646.94999996
2025-08-01 02:34:15 PM,341.7,11,3758.7,50691405.64999996
2025-08-01 02:34:18 PM,341.65,94,32115.1,50723520.74999996
2025-08-01 02:34:23 PM,341.7,8,2733.6,50726254.349999964
2025-08-01 02:34:53 PM,341.35,0,0.0,50726254.349999964
2025-08-01 02:34:53 PM,341.35,111,37889.850000000006,50764144.199999966
2025-08-01 02:34:59 PM,341.0,0,0.0,50764144.199999966
2025-08-01 02:35:01 PM,341.0,992,338272.0,51102416.199999966
2025-08-01 02:35:22 PM,341.45,0,0.0,51102416.199999966
2025-08-01 02:35:23 PM,341.45,15,5121.75,51107537.949999966
2025-08-01 02:35:27 PM,341.5,0,0.0,51107537.949999966
2025-08-01 02:35:28 PM,341.5,21,7171.5,51114709.449999966
2025-08-01 02:35:52 PM,341.25,1,341.25,51115050.699999966
2025-08-01 02:36:12 PM,341.1,0,0.0,51115050.699999966
2025-08-01 02:36:12 PM,341.1,32,10915.2,51125965.89999997
2025-08-01 02:37:22 PM,341.45,0,0.0,51125965.89999997
2025-08-01 02:37:22 PM,341.45,4,1365.8,51127331.699999966
2025-08-01 02:38:28 PM,341.0,31,10571.0,51137902.699999966
2025-08-01 02:38:38 PM,341.15,0,0.0,51137902.699999966
2025-08-01 02:38:39 PM,341.15,20,6823.0,51144725.699999966
2025-08-01 02:39:39 PM,341.2,0,0.0,51144725.699999966
2025-08-01 02:39:43 PM,341.2,73,24907.6,51169633.29999997
2025-08-01 02:40:05 PM,341.55,5,1707.75,51171341.04999997
2025-08-01 02:40:23 PM,341.25,0,0.0,51171341.04999997
2025-08-01 02:40:27 PM,341.25,7,2388.75,51173729.79999997
2025-08-01 02:41:22 PM,341.25,300,102375.0,51276104.79999997
2025-08-01 02:42:20 PM,341.25,20,6825.0,51282929.79999997
2025-08-01 02:42:33 PM,341.45,0,0.0,51282929.79999997
2025-08-01 02:42:36 PM,341.45,1,341.45,51283271.24999997
2025-08-01 02:42:45 PM,341.7,0,0.0,51283271.24999997
2025-08-01 02:42:46 PM,341.7,250,85425.0,51368696.24999997
2025-08-01 02:42:57 PM,341.6,1,341.6,51369037.84999997
2025-08-01 02:43:18 PM,341.65,0,0.0,51369037.84999997
2025-08-01 02:43:19 PM,341.65,10,3416.5,51372454.34999997
2025-08-01 02:43:58 PM,341.6,0,0.0,51372454.34999997
2025-08-01 02:44:03 PM,341.6,7,2391.2000000000003,51374845.549999975
2025-08-01 02:44:20 PM,341.6,5,1708.0,51376553.549999975
2025-08-01 02:44:42 PM,341.6,31,10589.6,51387143.149999976
2025-08-01 02:45:44 PM,341.8,1335,456303.0,51843446.149999976
2025-08-01 02:45:49 PM,341.8,4,1367.2,51844813.34999998
2025-08-01 02:46:00 PM,342.45,102,34929.9,51879743.24999998
2025-08-01 02:46:00 PM,342.4,36,12326.4,51892069.649999976
2025-08-01 02:46:45 PM,342.35,20,6847.0,51898916.649999976
2025-08-01 02:46:55 PM,342.3,0,0.0,51898916.649999976
2025-08-01 02:46:56 PM,342.3,6,2053.8,51900970.44999997
2025-08-01 02:46:57 PM,342.0,4,1368.0,51902338.44999997
2025-08-01 02:47:01 PM,342.3,0,0.0,51902338.44999997
2025-08-01 02:47:01 PM,342.3,3,1026.9,51903365.34999997
2025-08-01 02:47:13 PM,342.4,0,0.0,51903365.34999997
2025-08-01 02:47:13 PM,342.4,100,34240.0,51937605.34999997
2025-08-01 02:47:19 PM,342.0,0,0.0,51937605.34999997
2025-08-01 02:47:19 PM,342.0,7,2394.0,51939999.34999997
2025-08-01 02:47:45 PM,342.05,0,0.0,51939999.34999997
2025-08-01 02:47:47 PM,342.05,30,10261.5,51950260.84999997
2025-08-01 02:48:04 PM,342.05,100,34205.0,51984465.84999997
2025-08-01 02:48:17 PM,342.35,24,8216.400000000001,51992682.24999997
2025-08-01 02:48:48 PM,342.0,0,0.0,51992682.24999997
2025-08-01 02:48:49 PM,342.0,119,40698.0,52033380.24999997
2025-08-01 02:49:00 PM,342.3,0,0.0,52033380.24999997
2025-08-01 02:49:01 PM,342.3,2,684.6,52034064.84999997
2025-08-01 02:49:04 PM,342.5,0,0.0,52034064.84999997
2025-08-01 02:49:06 PM,342.5,100,34250.0,52068314.84999997
2025-08-01 02:49:34 PM,342.5,3,1027.5,52069342.34999997
2025-08-01 02:49:45 PM,342.5,1,342.5,52069684.84999997
2025-08-01 02:50:01 PM,342.5,25,8562.5,52078247.34999997
2025-08-01 02:50:03 PM,343.15,0,0.0,52078247.34999997
2025-08-01 02:50:07 PM,343.15,504,172947.59999999998,52251194.94999997
2025-08-01 02:50:11 PM,344.2,0,0.0,52251194.94999997
2025-08-01 02:50:13 PM,344.2,658,226483.6,52477678.549999975
2025-08-01 02:50:17 PM,343.9,0,0.0,52477678.549999975
2025-08-01 02:50:18 PM,343.9,181,62245.899999999994,52539924.44999997
2025-08-01 02:50:21 PM,344.3,0,0.0,52539924.44999997
2025-08-01 02:50:24 PM,343.9,69,23729.1,52563653.549999975
2025-08-01 02:50:29 PM,343.9,4,1375.6,52565029.149999976
2025-08-01 02:50:31 PM,344.3,0,0.0,52565029.149999976
2025-08-01 02:50:35 PM,344.3,39,13427.7,52578456.84999998
2025-08-01 02:50:42 PM,344.25,0,0.0,52578456.84999998
2025-08-01 02:50:43 PM,343.9,0,0.0,52578456.84999998
2025-08-01 02:50:46 PM,343.9,248,85287.2,52663744.04999998
2025-08-01 02:50:51 PM,344.25,39,13425.75,52677169.79999998
2025-08-01 02:51:01 PM,344.0,39,13416.0,52690585.79999998
2025-08-01 02:51:07 PM,344.0,2,688.0,52691273.79999998
2025-08-01 02:51:15 PM,343.75,0,0.0,52691273.79999998
2025-08-01 02:51:18 PM,343.75,5,1718.75,52692992.54999998
2025-08-01 02:51:26 PM,343.7,0,0.0,52692992.54999998
2025-08-01 02:51:28 PM,343.7,1,343.7,52693336.249999985
2025-08-01 02:52:00 PM,343.7,28,9623.6,52702959.84999999
2025-08-01 02:52:06 PM,343.7,100,34370.0,52737329.84999999
2025-08-01 02:52:23 PM,343.75,0,0.0,52737329.84999999
2025-08-01 02:52:23 PM,343.75,100,34375.0,52771704.84999999
2025-08-01 02:52:38 PM,343.4,0,0.0,52771704.84999999
2025-08-01 02:52:38 PM,343.4,20,6868.0,52778572.84999999
2025-08-01 02:54:15 PM,343.2,0,0.0,52778572.84999999
2025-08-01 02:54:15 PM,343.2,300,102960.0,52881532.84999999
2025-08-01 02:54:30 PM,343.05,0,0.0,52881532.84999999
2025-08-01 02:54:30 PM,343.05,460,157803.0,53039335.84999999
2025-08-01 02:54:41 PM,343.05,1,343.05,53039678.89999998
2025-08-01 02:55:00 PM,343.45,17,5838.65,53045517.54999998
2025-08-01 02:55:05 PM,343.1,4,1372.4,53046889.94999998
2025-08-01 02:55:11 PM,343.1,5,1715.5,53048605.44999998
2025-08-01 02:55:33 PM,343.15,7,2402.0499999999997,53051007.49999998
2025-08-01 02:55:47 PM,342.75,0,0.0,53051007.49999998
2025-08-01 02:55:47 PM,342.75,115,39416.25,53090423.74999998
2025-08-01 02:56:02 PM,342.7,0,0.0,53090423.74999998
2025-08-01 02:56:04 PM,342.7,100,34270.0,53124693.74999998
2025-08-01 02:56:19 PM,342.65,0,0.0,53124693.74999998
2025-08-01 02:56:21 PM,342.65,40,13706.0,53138399.74999998
2025-08-01 02:56:27 PM,342.65,1,342.65,53138742.399999976
2025-08-01 02:57:00 PM,342.65,240,82236.0,53220978.399999976
2025-08-01 02:57:04 PM,342.55,0,0.0,53220978.399999976
2025-08-01 02:57:05 PM,342.55,9,3082.9500000000003,53224061.34999998
2025-08-01 02:57:09 PM,342.65,0,0.0,53224061.34999998
2025-08-01 02:57:11 PM,342.65,10,3426.5,53227487.84999998
2025-08-01 02:57:27 PM,342.65,15,5139.75,53232627.59999998
2025-08-01 02:57:52 PM,342.55,0,0.0,53232627.59999998
2025-08-01 02:57:54 PM,342.55,20,6851.0,53239478.59999998
2025-08-01 02:57:59 PM,342.65,114,39062.1,53278540.69999998
2025-08-01 02:58:10 PM,342.85,0,0.0,53278540.69999998
2025-08-01 02:58:11 PM,342.85,16,5485.6,53284026.29999998
2025-08-01 02:58:31 PM,342.85,51,17485.350000000002,53301511.64999998
2025-08-01 02:58:57 PM,343.0,1,343.0,53301854.64999998
2025-08-01 02:59:16 PM,343.1,70,24017.0,53325871.64999998
2025-08-01 03:00:01 PM,343.1,8,2744.8,53328616.44999998
2025-08-01 03:00:01 PM,343.2,0,0.0,53328616.44999998
2025-08-01 03:00:05 PM,343.1,94,32251.4,53360867.84999998
2025-08-01 03:00:07 PM,343.4,1,343.4,53361211.24999998
2025-08-01 03:00:13 PM,343.25,4,1373.0,53362584.24999998
2025-08-01 03:00:28 PM,343.35,0,0.0,53362584.24999998
2025-08-01 03:00:29 PM,343.35,5,1716.75,53364300.99999998
2025-08-01 03:00:31 PM,343.35,8,2746.8,53367047.799999975
2025-08-01 03:00:32 PM,343.2,0,0.0,53367047.799999975
2025-08-01 03:00:35 PM,343.2,1,343.2,53367390.99999998
2025-08-01 03:00:40 PM,343.0,3,1029.0,53368419.99999998
2025-08-01 03:01:00 PM,342.95,13,4458.349999999999,53372878.34999998
2025-08-01 03:01:04 PM,343.0,2,686.0,53373564.34999998
2025-08-01 03:01:11 PM,343.05,3,1029.15,53374593.49999998
2025-08-01 03:01:32 PM,343.05,8,2744.4,53377337.899999976
2025-08-01 03:01:41 PM,343.05,1,343.05,53377680.94999997
2025-08-01 03:02:02 PM,343.05,8,2744.4,53380425.34999997
2025-08-01 03:02:05 PM,343.0,1,343.0,53380768.34999997
2025-08-01 03:02:13 PM,342.9,0,0.0,53380768.34999997
2025-08-01 03:02:15 PM,343.0,4,1372.0,53382140.34999997
2025-08-01 03:02:21 PM,342.85,1,342.85,53382483.19999997
2025-08-01 03:02:25 PM,342.5,0,0.0,53382483.19999997
2025-08-01 03:02:27 PM,342.4,1342,459500.8,53841983.99999997
2025-08-01 03:02:29 PM,342.4,27,9244.8,53851228.79999997
2025-08-01 03:02:31 PM,342.75,0,0.0,53851228.79999997
2025-08-01 03:02:33 PM,342.75,9,3084.75,53854313.54999997
2025-08-01 03:02:36 PM,342.4,9,3081.6,53857395.14999997
2025-08-01 03:02:37 PM,342.5,0,0.0,53857395.14999997
2025-08-01 03:02:39 PM,342.5,1,342.5,53857737.64999997
2025-08-01 03:02:48 PM,342.1,47,16078.7,53873816.34999997
2025-08-01 03:03:01 PM,342.35,0,0.0,53873816.34999997
2025-08-01 03:03:03 PM,342.35,9,3081.15,53876897.49999997
2025-08-01 03:03:10 PM,342.35,1,342.35,53877239.84999997
2025-08-01 03:03:13 PM,342.1,51,17447.100000000002,53894686.94999997
2025-08-01 03:03:16 PM,342.35,12,4108.200000000001,53898795.149999976
2025-08-01 03:03:28 PM,342.0,5,1710.0,53900505.149999976
2025-08-01 03:03:31 PM,342.35,8,2738.8,53903243.94999997
2025-08-01 03:03:43 PM,342.3,0,0.0,53903243.94999997
2025-08-01 03:03:43 PM,342.3,1,342.3,53903586.24999997
2025-08-01 03:03:52 PM,342.0,4,1368.0,53904954.24999997
2025-08-01 03:03:55 PM,342.3,0,0.0,53904954.24999997
2025-08-01 03:03:55 PM,342.3,1,342.3,53905296.54999997
2025-08-01 03:04:01 PM,342.3,8,2738.4,53908034.949999966
2025-08-01 03:04:04 PM,342.3,51,17457.3,53925492.24999996
2025-08-01 03:04:07 PM,342.2,0,0.0,53925492.24999996
2025-08-01 03:04:07 PM,342.2,2,684.4,53926176.64999996
2025-08-01 03:04:09 PM,342.25,0,0.0,53926176.64999996
2025-08-01 03:04:11 PM,342.45,321,109926.45,54036103.099999964
2025-08-01 03:04:14 PM,342.4,0,0.0,54036103.099999964
2025-08-01 03:04:14 PM,342.4,2,684.8,54036787.89999996
2025-08-01 03:04:17 PM,342.45,12,4109.4,54040897.29999996
2025-08-01 03:04:20 PM,343.05,0,0.0,54040897.29999996
2025-08-01 03:04:20 PM,343.05,2000,686100.0,54726997.29999996
2025-08-01 03:04:32 PM,342.65,9,3083.85,54730081.14999996
2025-08-01 03:04:40 PM,342.3,0,0.0,54730081.14999996
2025-08-01 03:04:41 PM,342.3,1,342.3,54730423.44999996
2025-08-01 03:04:44 PM,342.65,1,342.65,54730766.09999996
2025-08-01 03:04:50 PM,342.65,100,34265.0,54765031.09999996
2025-08-01 03:05:02 PM,342.6,9,3083.4,54768114.499999955
2025-08-01 03:05:09 PM,342.5,1,342.5,54768456.999999955
2025-08-01 03:05:13 PM,342.6,6,2055.6000000000004,54770512.59999996
2025-08-01 03:05:21 PM,342.15,0,0.0,54770512.59999996
2025-08-01 03:05:22 PM,342.15,58,19844.699999999997,54790357.29999996
2025-08-01 03:05:31 PM,342.55,0,0.0,54790357.29999996
2025-08-01 03:05:31 PM,342.55,10,3425.5,54793782.79999996
2025-08-01 03:05:47 PM,342.55,1,342.55,54794125.34999996
2025-08-01 03:05:53 PM,342.55,1,342.55,54794467.899999954
2025-08-01 03:06:02 PM,342.6,0,0.0,54794467.899999954
2025-08-01 03:06:03 PM,342.6,8,2740.8,54797208.69999995
2025-08-01 03:06:15 PM,342.6,3,1027.8000000000002,54798236.49999995
2025-08-01 03:06:18 PM,342.6,1,342.6,54798579.09999995
2025-08-01 03:06:21 PM,342.1,188,64314.8,54862893.89999995
2025-08-01 03:06:30 PM,342.15,23,7869.45,54870763.34999995
2025-08-01 03:06:32 PM,342.55,0,0.0,54870763.34999995
2025-08-01 03:06:34 PM,342.55,9,3082.9500000000003,54873846.29999995
2025-08-01 03:06:42 PM,342.15,5,1710.75,54875557.04999995
2025-08-01 03:06:44 PM,342.3,0,0.0,54875557.04999995
2025-08-01 03:06:46 PM,342.3,1,342.3,54875899.34999995
2025-08-01 03:06:49 PM,342.1,5,1710.5,54877609.84999995
2025-08-01 03:06:57 PM,342.35,0,0.0,54877609.84999995
2025-08-01 03:06:58 PM,342.35,31,10612.85,54888222.69999995
2025-08-01 03:07:01 PM,342.25,9,3080.25,54891302.94999995
2025-08-01 03:07:13 PM,342.35,0,0.0,54891302.94999995
2025-08-01 03:07:14 PM,342.35,3,1027.0500000000002,54892329.99999995
2025-08-01 03:07:20 PM,342.4,1,342.4,54892672.39999995
2025-08-01 03:07:25 PM,342.25,0,0.0,54892672.39999995
2025-08-01 03:07:26 PM,342.1,18,6157.8,54898830.19999994
2025-08-01 03:07:31 PM,342.25,0,0.0,54898830.19999994
2025-08-01 03:07:32 PM,342.25,8,2738.0,54901568.19999994
2025-08-01 03:07:45 PM,342.1,0,0.0,54901568.19999994
2025-08-01 03:07:47 PM,342.15,0,0.0,54901568.19999994
2025-08-01 03:07:48 PM,342.15,11,3763.6499999999996,54905331.84999994
2025-08-01 03:07:54 PM,342.15,1,342.15,54905673.99999994
2025-08-01 03:07:59 PM,342.25,0,0.0,54905673.99999994
2025-08-01 03:08:00 PM,342.25,1464,501054.0,55406727.99999994
2025-08-01 03:08:01 PM,342.5,0,0.0,55406727.99999994
2025-08-01 03:08:02 PM,342.5,7,2397.5,55409125.49999994
2025-08-01 03:08:14 PM,342.45,0,0.0,55409125.49999994
2025-08-01 03:08:15 PM,342.45,33,11300.85,55420426.34999994
2025-08-01 03:08:21 PM,342.5,1,342.5,55420768.84999994
2025-08-01 03:08:25 PM,342.6,1619,554669.4,55975438.24999994
2025-08-01 03:08:31 PM,342.6,9,3083.4,55978521.64999994
2025-08-01 03:08:34 PM,342.35,1,342.35,55978863.99999994
2025-08-01 03:08:38 PM,342.35,15,5135.25,55983999.24999994
2025-08-01 03:08:42 PM,342.25,0,0.0,55983999.24999994
2025-08-01 03:08:44 PM,342.25,100,34225.0,56018224.24999994
2025-08-01 03:08:52 PM,342.6,1,342.6,56018566.84999994
2025-08-01 03:09:03 PM,342.6,8,2740.8,56021307.64999994
2025-08-01 03:09:12 PM,342.3,41,14034.300000000001,56035341.949999936
2025-08-01 03:09:21 PM,342.6,0,0.0,56035341.949999936
2025-08-01 03:09:21 PM,342.3,0,0.0,56035341.949999936
2025-08-01 03:09:22 PM,342.3,202,69144.6,56104486.54999994
2025-08-01 03:09:30 PM,342.6,9,3083.4,56107569.949999936
2025-08-01 03:09:51 PM,342.3,89,30464.7,56138034.64999994
2025-08-01 03:09:55 PM,342.3,36,12322.800000000001,56150357.449999936
2025-08-01 03:09:58 PM,342.3,80,27384.0,56177741.449999936
2025-08-01 03:10:02 PM,342.4,0,0.0,56177741.449999936
2025-08-01 03:10:02 PM,342.4,61,20886.399999999998,56198627.849999934
2025-08-01 03:10:05 PM,342.4,1,342.4,56198970.24999993
2025-08-01 03:10:10 PM,342.05,0,0.0,56198970.24999993
2025-08-01 03:10:10 PM,342.05,4,1368.2,56200338.449999936
2025-08-01 03:10:19 PM,342.45,12,4109.4,56204447.849999934
2025-08-01 03:10:21 PM,342.25,0,0.0,56204447.849999934
2025-08-01 03:10:24 PM,342.25,6,2053.5,56206501.349999934
2025-08-01 03:10:26 PM,342.0,1,342.0,56206843.349999934
2025-08-01 03:10:30 PM,342.35,9,3081.15,56209924.49999993
2025-08-01 03:10:36 PM,342.0,0,0.0,56209924.49999993
2025-08-01 03:10:37 PM,341.8,67,22900.600000000002,56232825.099999934
2025-08-01 03:10:41 PM,342.0,0,0.0,56232825.099999934
2025-08-01 03:10:44 PM,342.0,52,17784.0,56250609.099999934
2025-08-01 03:10:50 PM,342.0,1,342.0,56250951.099999934
2025-08-01 03:10:50 PM,341.65,0,0.0,56250951.099999934
2025-08-01 03:10:52 PM,341.35,1201,409961.35000000003,56660912.449999936
2025-08-01 03:10:56 PM,341.8,1,341.8,56661254.24999993
2025-08-01 03:11:02 PM,341.8,20,6836.0,56668090.24999993
2025-08-01 03:11:11 PM,341.75,4,1367.0,56669457.24999993
2025-08-01 03:11:15 PM,341.7,52,17768.399999999998,56687225.64999993
2025-08-01 03:11:17 PM,341.75,0,0.0,56687225.64999993
2025-08-01 03:11:18 PM,341.75,2,683.5,56687909.14999993
2025-08-01 03:11:27 PM,341.55,0,0.0,56687909.14999993
2025-08-01 03:11:28 PM,341.55,1,341.55,56688250.69999993
2025-08-01 03:11:30 PM,341.55,14,4781.7,56693032.39999993
2025-08-01 03:11:35 PM,341.15,1,341.15,56693373.54999993
2025-08-01 03:11:41 PM,341.15,67,22857.05,56716230.59999993
2025-08-01 03:11:43 PM,341.5,0,0.0,56716230.59999993
2025-08-01 03:11:43 PM,341.5,1,341.5,56716572.09999993
2025-08-01 03:11:47 PM,341.15,30,10234.5,56726806.59999993
2025-08-01 03:11:49 PM,341.15,1,341.15,56727147.749999925
2025-08-01 03:11:56 PM,341.0,100,34100.0,56761247.749999925
2025-08-01 03:11:57 PM,340.3,0,0.0,56761247.749999925
2025-08-01 03:12:00 PM,341.1,2910,992601.0000000001,57753848.749999925
2025-08-01 03:12:04 PM,340.9,0,0.0,57753848.749999925
2025-08-01 03:12:07 PM,340.9,1,340.9,57754189.649999924
2025-08-01 03:12:14 PM,340.85,14,4771.900000000001,57758961.54999992
2025-08-01 03:12:20 PM,340.95,13,4432.349999999999,57763393.899999924
2025-08-01 03:12:26 PM,340.95,1,340.95,57763734.84999993
2025-08-01 03:12:29 PM,340.95,4,1363.8,57765098.649999924
2025-08-01 03:12:33 PM,340.95,8,2727.6,57767826.249999925
2025-08-01 03:12:42 PM,340.95,4,1363.8,57769190.04999992
2025-08-01 03:12:52 PM,340.8,657,223905.6,57993095.649999924
2025-08-01 03:12:55 PM,340.9,1,340.9,57993436.54999992
2025-08-01 03:12:58 PM,340.8,0,0.0,57993436.54999992
2025-08-01 03:12:59 PM,340.9,24,8181.599999999999,58001618.149999924
2025-08-01 03:13:02 PM,340.75,9,3066.75,58004684.899999924
2025-08-01 03:13:09 PM,340.9,1,340.9,58005025.79999992
2025-08-01 03:13:14 PM,340.85,0,0.0,58005025.79999992
2025-08-01 03:13:15 PM,340.85,4,1363.4,58006389.19999992
2025-08-01 03:13:18 PM,340.5,19,6469.5,58012858.69999992
2025-08-01 03:13:27 PM,340.4,58,19743.199999999997,58032601.899999924
2025-08-01 03:13:30 PM,340.3,0,0.0,58032601.899999924
2025-08-01 03:13:30 PM,340.55,18,6129.900000000001,58038731.79999992
2025-08-01 03:13:32 PM,340.4,0,0.0,58038731.79999992
2025-08-01 03:13:33 PM,340.0,847,287980.0,58326711.79999992
2025-08-01 03:13:39 PM,340.35,114,38799.9,58365511.69999992
2025-08-01 03:14:03 PM,340.35,10,3403.5,58368915.19999992
2025-08-01 03:14:09 PM,340.4,0,0.0,58368915.19999992
2025-08-01 03:14:10 PM,340.4,20,6808.0,58375723.19999992
2025-08-01 03:14:13 PM,340.45,4,1361.8,58377084.99999992
2025-08-01 03:14:16 PM,340.0,500,170000.0,58547084.99999992
2025-08-01 03:14:19 PM,340.4,12,4084.7999999999997,58551169.799999915
2025-08-01 03:14:27 PM,340.35,0,0.0,58551169.799999915
2025-08-01 03:14:28 PM,340.2,2,680.4,58551850.19999991
2025-08-01 03:14:31 PM,340.3,10,3403.0,58555253.19999991
2025-08-01 03:14:34 PM,340.3,5,1701.5,58556954.69999991
2025-08-01 03:14:36 PM,340.05,0,0.0,58556954.69999991
2025-08-01 03:14:37 PM,340.05,1,340.05,58557294.74999991
2025-08-01 03:14:49 PM,340.25,100,34025.0,58591319.74999991
2025-08-01 03:14:52 PM,340.3,0,0.0,58591319.74999991
2025-08-01 03:14:52 PM,340.3,401,136460.30000000002,58727780.04999991
2025-08-01 03:14:55 PM,340.2,0,0.0,58727780.04999991
2025-08-01 03:14:55 PM,340.2,35,11907.0,58739687.04999991
2025-08-01 03:14:59 PM,340.25,17,5784.25,58745471.29999991
2025-08-01 03:15:01 PM,340.25,8,2722.0,58748193.29999991
2025-08-01 03:15:03 PM,340.15,0,0.0,58748193.29999991
2025-08-01 03:15:06 PM,340.15,1,340.15,58748533.449999906
2025-08-01 03:15:08 PM,340.15,1,340.15,58748873.599999905
2025-08-01 03:15:13 PM,340.0,1317,447780.0,59196653.599999905
2025-08-01 03:15:16 PM,339.8,65,22087.0,59218740.599999905
2025-08-01 03:15:31 PM,340.0,8,2720.0,59221460.599999905
2025-08-01 03:15:33 PM,340.1,0,0.0,59221460.599999905
2025-08-01 03:15:35 PM,340.1,1,340.1,59221800.699999906
2025-08-01 03:15:38 PM,340.1,1,340.1,59222140.79999991
2025-08-01 03:15:43 PM,340.1,14,4761.400000000001,59226902.199999906
2025-08-01 03:15:45 PM,340.15,14,4762.099999999999,59231664.29999991
2025-08-01 03:15:57 PM,340.1,12,4081.2000000000003,59235745.49999991
2025-08-01 03:15:59 PM,340.1,50,17005.0,59252750.49999991
2025-08-01 03:16:04 PM,340.1,2160,734616.0,59987366.49999991
2025-08-01 03:16:20 PM,340.15,13,4421.95,59991788.44999991
2025-08-01 03:16:32 PM,340.1,0,0.0,59991788.44999991
2025-08-01 03:16:32 PM,340.15,10,3401.5,59995189.94999991
2025-08-01 03:16:47 PM,340.5,0,0.0,59995189.94999991
2025-08-01 03:16:47 PM,340.5,1400,476700.0,60471889.94999991
2025-08-01 03:16:59 PM,340.75,12,4089.0,60475978.94999991
2025-08-01 03:17:00 PM,340.7,7,2384.9,60478363.84999991
2025-08-01 03:17:06 PM,340.7,2,681.4,60479045.24999991
2025-08-01 03:17:12 PM,340.65,0,0.0,60479045.24999991
2025-08-01 03:17:13 PM,340.65,5,1703.25,60480748.49999991
2025-08-01 03:17:19 PM,340.4,1,340.4,60481088.89999991
2025-08-01 03:17:25 PM,340.6,0,0.0,60481088.89999991
2025-08-01 03:17:26 PM,340.6,10,3406.0,60484494.89999991
2025-08-01 03:17:27 PM,340.65,362,123315.29999999999,60607810.199999906
2025-08-01 03:17:30 PM,340.4,0,0.0,60607810.199999906
2025-08-01 03:17:32 PM,340.65,17,5791.049999999999,60613601.2499999
2025-08-01 03:17:35 PM,340.45,0,0.0,60613601.2499999
2025-08-01 03:17:39 PM,340.35,515,175280.25,60788881.4999999
2025-08-01 03:17:52 PM,340.35,1,340.35,60789221.849999905
2025-08-01 03:18:04 PM,340.0,0,0.0,60789221.849999905
2025-08-01 03:18:05 PM,340.0,507,172380.0,60961601.849999905
2025-08-01 03:18:07 PM,340.3,50,17015.0,60978616.849999905
2025-08-01 03:18:10 PM,340.55,0,0.0,60978616.849999905
2025-08-01 03:18:12 PM,340.5,201,68440.5,61047057.349999905
2025-08-01 03:18:18 PM,340.45,15,5106.75,61052164.099999905
2025-08-01 03:18:20 PM,339.75,568,192978.0,61245142.099999905
2025-08-01 03:18:25 PM,340.4,15,5106.0,61250248.099999905
2025-08-01 03:18:27 PM,339.75,500,169875.0,61420123.099999905
2025-08-01 03:18:29 PM,339.65,0,0.0,61420123.099999905
2025-08-01 03:18:31 PM,340.05,138,46926.9,61467049.9999999
2025-08-01 03:18:39 PM,340.05,1,340.05,61467390.0499999
2025-08-01 03:18:41 PM,339.6,0,0.0,61467390.0499999
2025-08-01 03:18:44 PM,339.6,100,33960.0,61501350.0499999
2025-08-01 03:18:53 PM,340.0,13,4420.0,61505770.0499999
2025-08-01 03:18:59 PM,340.0,13,4420.0,61510190.0499999
2025-08-01 03:19:04 PM,340.0,8,2720.0,61512910.0499999
2025-08-01 03:19:10 PM,340.15,0,0.0,61512910.0499999
2025-08-01 03:19:11 PM,340.15,35,11905.25,61524815.2999999
2025-08-01 03:19:19 PM,340.1,152,51695.200000000004,61576510.4999999
2025-08-01 03:19:24 PM,340.25,70,23817.5,61600327.9999999
2025-08-01 03:19:31 PM,340.0,100,34000.0,61634327.9999999
2025-08-01 03:19:39 PM,340.2,231,78586.2,61712914.199999906
2025-08-01 03:19:43 PM,340.3,27,9188.1,61722102.29999991
2025-08-01 03:20:01 PM,340.25,0,0.0,61722102.29999991
2025-08-01 03:20:03 PM,340.2,89,30277.8,61752380.099999905
2025-08-01 03:20:06 PM,340.15,3,1020.4499999999999,61753400.54999991
2025-08-01 03:20:11 PM,340.15,10,3401.5,61756802.04999991
2025-08-01 03:20:13 PM,339.9,1,339.9,61757141.949999906
2025-08-01 03:20:18 PM,339.5,30,10185.0,61767326.949999906
2025-08-01 03:20:21 PM,339.9,13,4418.7,61771745.64999991
2025-08-01 03:20:25 PM,339.4,750,254549.99999999997,62026295.64999991
2025-08-01 03:20:32 PM,339.85,0,0.0,62026295.64999991
2025-08-01 03:20:32 PM,339.85,415,141037.75,62167333.39999991
2025-08-01 03:20:39 PM,339.4,101,34279.399999999994,62201612.79999991
2025-08-01 03:20:42 PM,339.4,2,678.8,62202291.599999905
2025-08-01 03:20:44 PM,339.75,0,0.0,62202291.599999905
2025-08-01 03:20:46 PM,339.75,2,679.5,62202971.099999905
2025-08-01 03:20:48 PM,339.75,26,8833.5,62211804.599999905
2025-08-01 03:20:53 PM,339.45,109,37000.049999999996,62248804.6499999
2025-08-01 03:20:59 PM,339.75,12,4077.0,62252881.6499999
2025-08-01 03:21:02 PM,339.75,19,6455.25,62259336.8999999
2025-08-01 03:21:06 PM,339.4,30,10182.0,62269518.8999999
2025-08-01 03:21:09 PM,339.75,10,3397.5,62272916.3999999
2025-08-01 03:21:14 PM,339.75,6,2038.5,62274954.8999999
2025-08-01 03:21:16 PM,339.75,1,339.75,62275294.6499999
2025-08-01 03:21:21 PM,339.85,71,24129.350000000002,62299423.9999999
2025-08-01 03:21:23 PM,339.75,1,339.75,62299763.7499999
2025-08-01 03:21:26 PM,339.8,0,0.0,62299763.7499999
2025-08-01 03:21:28 PM,339.8,35,11893.0,62311656.7499999
2025-08-01 03:21:32 PM,339.9,0,0.0,62311656.7499999
2025-08-01 03:21:34 PM,339.8,18,6116.400000000001,62317773.1499999
2025-08-01 03:21:41 PM,339.9,15,5098.5,62322871.6499999
2025-08-01 03:21:43 PM,339.8,45,15291.0,62338162.6499999
2025-08-01 03:21:48 PM,339.9,7,2379.2999999999997,62340541.9499999
2025-08-01 03:21:49 PM,339.75,8,2718.0,62343259.9499999
2025-08-01 03:22:00 PM,339.9,0,0.0,62343259.9499999
2025-08-01 03:22:01 PM,339.85,9,3058.65,62346318.5999999
2025-08-01 03:22:03 PM,339.9,15,5098.5,62351417.0999999
2025-08-01 03:22:08 PM,339.9,10,3399.0,62354816.0999999
2025-08-01 03:22:14 PM,339.9,5,1699.5,62356515.5999999
2025-08-01 03:22:16 PM,339.85,1,339.85,62356855.4499999
2025-08-01 03:22:19 PM,339.9,0,0.0,62356855.4499999
2025-08-01 03:22:21 PM,339.9,13,4418.7,62361274.1499999
2025-08-01 03:22:28 PM,340.5,2850,970425.0,63331699.1499999
2025-08-01 03:22:29 PM,340.05,0,0.0,63331699.1499999
2025-08-01 03:22:30 PM,340.1,52,17685.2,63349384.349999905
2025-08-01 03:22:35 PM,340.45,8,2723.6,63352107.949999906
2025-08-01 03:22:42 PM,340.15,6,2040.8999999999999,63354148.849999905
2025-08-01 03:22:50 PM,340.45,1,340.45,63354489.29999991
2025-08-01 03:23:01 PM,340.45,27,9192.15,63363681.449999906
2025-08-01 03:23:10 PM,340.45,10,3404.5,63367085.949999906
2025-08-01 03:23:15 PM,340.45,3,1021.3499999999999,63368107.29999991
2025-08-01 03:23:21 PM,340.45,1,340.45,63368447.74999991
2025-08-01 03:23:23 PM,340.45,1,340.45,63368788.19999991
2025-08-01 03:23:28 PM,340.45,10,3404.5,63372192.69999991
2025-08-01 03:23:35 PM,340.5,109,37114.5,63409307.19999991
2025-08-01 03:23:41 PM,340.3,29,9868.7,63419175.89999992
2025-08-01 03:23:43 PM,340.3,1,340.3,63419516.19999991
2025-08-01 03:23:48 PM,340.3,20,6806.0,63426322.19999991
2025-08-01 03:23:54 PM,340.3,61,20758.3,63447080.49999991
2025-08-01 03:24:01 PM,340.45,7,2383.15,63449463.64999991
2025-08-01 03:24:08 PM,340.4,3,1021.1999999999999,63450484.84999991
2025-08-01 03:24:15 PM,340.4,1,340.4,63450825.24999991
2025-08-01 03:24:22 PM,340.3,63,21438.9,63472264.14999991
2025-08-01 03:24:26 PM,340.4,0,0.0,63472264.14999991
2025-08-01 03:24:28 PM,340.4,5,1702.0,63473966.14999991
2025-08-01 03:24:35 PM,340.4,9,3063.6,63477029.74999991
2025-08-01 03:24:55 PM,340.5,0,0.0,63477029.74999991
2025-08-01 03:24:55 PM,340.5,158,53799.0,63530828.74999991
2025-08-01 03:24:56 PM,340.5,1,340.5,63531169.24999991
2025-08-01 03:25:01 PM,340.5,13,4426.5,63535595.74999991
2025-08-01 03:25:02 PM,340.5,51,17365.5,63552961.24999991
2025-08-01 03:25:08 PM,340.5,46,15663.0,63568624.24999991
2025-08-01 03:25:14 PM,340.4,10,3404.0,63572028.24999991
2025-08-01 03:25:35 PM,340.5,0,0.0,63572028.24999991
2025-08-01 03:25:36 PM,340.5,112,38136.0,63610164.24999991
2025-08-01 03:25:40 PM,340.7,14,4769.8,63614934.04999991
2025-08-01 03:25:42 PM,340.6,16,5449.6,63620383.64999991
2025-08-01 03:25:58 PM,340.65,0,0.0,63620383.64999991
2025-08-01 03:26:00 PM,340.6,23,7833.8,63628217.449999906
2025-08-01 03:26:05 PM,340.65,0,0.0,63628217.449999906
2025-08-01 03:26:07 PM,340.65,231,78690.15,63706907.599999905
2025-08-01 03:26:09 PM,340.85,0,0.0,63706907.599999905
2025-08-01 03:26:14 PM,341.0,688,234608.0,63941515.599999905
2025-08-01 03:26:18 PM,341.3,0,0.0,63941515.599999905
2025-08-01 03:26:20 PM,341.3,15,5119.5,63946635.099999905
2025-08-01 03:26:22 PM,341.0,50,17050.0,63963685.099999905
2025-08-01 03:26:34 PM,341.3,14,4778.2,63968463.29999991
2025-08-01 03:26:42 PM,341.3,2,682.6,63969145.89999991
2025-08-01 03:26:48 PM,341.05,10,3410.5,63972556.39999991
2025-08-01 03:26:59 PM,341.3,0,0.0,63972556.39999991
2025-08-01 03:27:00 PM,341.3,1,341.3,63972897.699999906
2025-08-01 03:27:07 PM,341.3,287,97953.1,64070850.79999991
2025-08-01 03:27:10 PM,341.05,0,0.0,64070850.79999991
2025-08-01 03:27:13 PM,341.05,100,34105.0,64104955.79999991
2025-08-01 03:27:21 PM,341.3,2,682.6,64105638.39999991
2025-08-01 03:27:30 PM,341.05,4,1364.2,64107002.59999991
2025-08-01 03:27:35 PM,341.3,350,119455.0,64226457.59999991
2025-08-01 03:27:37 PM,341.4,0,0.0,64226457.59999991
2025-08-01 03:27:37 PM,341.4,1,341.4,64226798.99999991
2025-08-01 03:27:43 PM,341.4,6,2048.3999999999996,64228847.39999991
2025-08-01 03:27:56 PM,341.05,40,13642.0,64242489.39999991
2025-08-01 03:28:01 PM,341.0,0,0.0,64242489.39999991
2025-08-01 03:28:03 PM,341.15,310,105756.5,64348245.89999991
2025-08-01 03:28:10 PM,341.15,79,26950.85,64375196.74999991
2025-08-01 03:28:17 PM,341.1,85,28993.500000000004,64404190.24999991
2025-08-01 03:28:23 PM,341.05,1,341.05,64404531.29999991
2025-08-01 03:28:26 PM,341.0,275,93775.0,64498306.29999991
2025-08-01 03:28:30 PM,339.4,0,0.0,64498306.29999991
2025-08-01 03:28:31 PM,339.4,1358,460905.19999999995,64959211.49999991
2025-08-01 03:28:37 PM,340.4,0,0.0,64959211.49999991
2025-08-01 03:28:38 PM,340.4,181,61612.399999999994,65020823.89999991
2025-08-01 03:28:58 PM,339.85,500,169925.0,65190748.89999991
2025-08-01 03:29:11 PM,340.0,0,0.0,65190748.89999991
2025-08-01 03:29:13 PM,340.0,53,18020.0,65208768.89999991
2025-08-01 03:29:16 PM,339.9,127,43167.299999999996,65251936.199999906
2025-08-01 03:29:21 PM,340.0,450,153000.0,65404936.199999906
2025-08-01 03:29:35 PM,340.85,0,0.0,65404936.199999906
2025-08-01 03:29:37 PM,340.85,523,178264.55000000002,65583200.7499999
2025-08-01 03:29:39 PM,340.0,20,6800.0,65590000.7499999
2025-08-01 03:29:44 PM,340.05,1,340.05,65590340.7999999
2025-08-01 03:29:46 PM,340.5,80,27240.0,65617580.7999999
2025-08-01 03:29:51 PM,340.05,1,340.05,65617920.8499999
2025-08-01 03:29:53 PM,340.8,3,1022.4000000000001,65618943.249999896
2025-08-01 03:29:58 PM,340.5,1,340.5,65619283.749999896
