date,price,qty,trnvr,cum_trnvr
2025-08-01 09:15:01 AM,1948.9,37,72109.3,72109.3
2025-08-01 09:15:09 AM,1945.0,0,0.0,72109.3
2025-08-01 09:15:11 AM,1945.0,67,130315.0,202424.3
2025-08-01 09:15:13 AM,1941.3,2,3882.6,206306.9
2025-08-01 09:15:23 AM,1946.9,23,44778.700000000004,251085.6
2025-08-01 09:15:33 AM,1940.9,0,0.0,251085.6
2025-08-01 09:15:39 AM,1940.9,3,5822.700000000001,256908.30000000002
2025-08-01 09:16:11 AM,1940.9,1,1940.9,258849.2
2025-08-01 09:16:20 AM,1940.9,1,1940.9,260790.1
2025-08-01 09:17:11 AM,1942.8,3,5828.4,266618.5
2025-08-01 09:17:27 AM,1944.4,5,9722.0,276340.5
2025-08-01 09:17:55 AM,1945.3,0,0.0,276340.5
2025-08-01 09:17:59 AM,1945.3,15,29179.5,305520.0
2025-08-01 09:18:11 AM,1945.0,0,0.0,305520.0
2025-08-01 09:18:16 AM,1945.0,20,38900.0,344420.0
2025-08-01 09:18:24 AM,1948.7,10,19487.0,363907.0
2025-08-01 09:19:09 AM,1947.0,0,0.0,363907.0
2025-08-01 09:19:13 AM,1947.0,2,3894.0,367801.0
2025-08-01 09:19:21 AM,1948.5,9,17536.5,385337.5
2025-08-01 09:20:01 AM,1948.7,2,3897.4,389234.9
2025-08-01 09:20:03 AM,1947.4,15,29211.0,418445.9
2025-08-01 09:20:15 AM,1950.8,0,0.0,418445.9
2025-08-01 09:20:17 AM,1950.8,222,433077.6,851523.5
2025-08-01 09:20:17 AM,1947.8,0,0.0,851523.5
2025-08-01 09:20:18 AM,1947.8,1,1947.8,853471.3
2025-08-01 09:20:22 AM,1947.6,0,0.0,853471.3
2025-08-01 09:20:25 AM,1947.6,2,3895.2,857366.5
2025-08-01 09:20:54 AM,1948.3,0,0.0,857366.5
2025-08-01 09:20:56 AM,1948.3,85,165605.5,1022972.0
2025-08-01 09:20:57 AM,1946.0,1,1946.0,1024918.0
2025-08-01 09:21:04 AM,1946.0,1,1946.0,1026864.0
2025-08-01 09:21:10 AM,1947.3,0,0.0,1026864.0
2025-08-01 09:21:12 AM,1947.3,2,3894.6,1030758.6
2025-08-01 09:21:50 AM,1947.3,25,48682.5,1079441.1
2025-08-01 09:22:32 AM,1945.5,0,0.0,1079441.1
2025-08-01 09:22:36 AM,1945.5,4,7782.0,1087223.1
2025-08-01 09:22:44 AM,1945.4,4,7781.6,1095004.7000000002
2025-08-01 09:22:50 AM,1947.1,0,0.0,1095004.7000000002
2025-08-01 09:22:51 AM,1947.1,1,1947.1,1096951.8000000003
2025-08-01 09:23:16 AM,1947.3,25,48682.5,1145634.3000000003
2025-08-01 09:23:23 AM,1946.0,11,21406.0,1167040.3000000003
2025-08-01 09:23:24 AM,1945.1,0,0.0,1167040.3000000003
2025-08-01 09:23:29 AM,1945.1,4,7780.4,1174820.7000000002
2025-08-01 09:23:31 AM,1945.1,2,3890.2,1178710.9000000001
2025-08-01 09:23:37 AM,1945.1,2,3890.2,1182601.1
2025-08-01 09:24:08 AM,1944.8,111,215872.8,1398473.9000000001
2025-08-01 09:24:09 AM,1942.6,1,1942.6,1400416.5000000002
2025-08-01 09:24:17 AM,1942.1,0,0.0,1400416.5000000002
2025-08-01 09:24:23 AM,1942.1,1,1942.1,1402358.6000000003
2025-08-01 09:24:32 AM,1942.7,1,1942.7,1404301.3000000003
2025-08-01 09:24:53 AM,1943.8,2,3887.6,1408188.9000000004
2025-08-01 09:25:23 AM,1943.8,8,15550.4,1423739.3000000003
2025-08-01 09:25:25 AM,1943.2,1,1943.2,1425682.5000000002
2025-08-01 09:25:38 AM,1943.2,27,52466.4,1478148.9000000001
2025-08-01 09:25:39 AM,1942.6,0,0.0,1478148.9000000001
2025-08-01 09:25:40 AM,1942.6,300,582780.0,2060928.9000000001
2025-08-01 09:25:47 AM,1942.0,21,40782.0,2101710.9000000004
2025-08-01 09:25:53 AM,1942.0,18,34956.0,2136666.9000000004
2025-08-01 09:25:55 AM,1942.0,3,5826.0,2142492.9000000004
2025-08-01 09:26:00 AM,1942.0,3,5826.0,2148318.9000000004
2025-08-01 09:27:05 AM,1944.8,0,0.0,2148318.9000000004
2025-08-01 09:27:09 AM,1944.8,186,361732.8,2510051.7
2025-08-01 09:27:10 AM,1944.1,14,27217.399999999998,2537269.1
2025-08-01 09:27:16 AM,1944.1,3,5832.299999999999,2543101.4
2025-08-01 09:27:24 AM,1944.1,22,42770.2,2585871.6
2025-08-01 09:27:25 AM,1944.1,5,9720.5,2595592.1
2025-08-01 09:27:38 AM,1944.1,4,7776.4,2603368.5
2025-08-01 09:28:30 AM,1944.0,0,0.0,2603368.5
2025-08-01 09:28:32 AM,1942.3,3,5826.9,2609195.4
2025-08-01 09:29:20 AM,1944.1,0,0.0,2609195.4
2025-08-01 09:29:26 AM,1944.1,22,42770.2,2651965.6
2025-08-01 09:29:27 AM,1942.8,2,3885.6,2655851.2
2025-08-01 09:29:40 AM,1944.0,0,0.0,2655851.2
2025-08-01 09:29:41 AM,1944.0,30,58320.0,2714171.2
2025-08-01 09:29:42 AM,1942.8,4,7771.2,2721942.4000000004
2025-08-01 09:29:49 AM,1944.0,1,1944.0,2723886.4000000004
2025-08-01 09:30:09 AM,1940.9,0,0.0,2723886.4000000004
2025-08-01 09:30:11 AM,1941.3,295,572683.5,3296569.9000000004
2025-08-01 09:30:12 AM,1940.0,182,353080.0,3649649.9000000004
2025-08-01 09:30:16 AM,1939.6,0,0.0,3649649.9000000004
2025-08-01 09:30:18 AM,1939.6,69,133832.4,3783482.3000000003
2025-08-01 09:30:19 AM,1938.4,6,11630.400000000001,3795112.7
2025-08-01 09:30:23 AM,1939.0,0,0.0,3795112.7
2025-08-01 09:30:26 AM,1939.0,2,3878.0,3798990.7
2025-08-01 09:30:26 AM,1936.2,69,133597.80000000002,3932588.5
2025-08-01 09:30:33 AM,1938.0,8,15504.0,3948092.5
2025-08-01 09:30:34 AM,1936.4,6,11618.400000000001,3959710.9
2025-08-01 09:30:37 AM,1938.0,0,0.0,3959710.9
2025-08-01 09:30:40 AM,1938.0,5,9690.0,3969400.9
2025-08-01 09:30:41 AM,1936.2,7,13553.4,3982954.3
2025-08-01 09:30:48 AM,1936.1,2,3872.2,3986826.5
2025-08-01 09:30:48 AM,1936.0,9,17424.0,4004250.5
2025-08-01 09:30:55 AM,1936.0,5,9680.0,4013930.5
2025-08-01 09:31:02 AM,1937.7,3,5813.1,4019743.6
2025-08-01 09:31:06 AM,1938.1,0,0.0,4019743.6
2025-08-01 09:31:10 AM,1936.0,296,573056.0,4592799.6
2025-08-01 09:31:11 AM,1935.8,17,32908.6,4625708.199999999
2025-08-01 09:31:17 AM,1935.8,6,11614.8,4637322.999999999
2025-08-01 09:31:18 AM,1935.5,5,9677.5,4647000.499999999
2025-08-01 09:31:25 AM,1937.2,10,19372.0,4666372.499999999
2025-08-01 09:31:25 AM,1935.3,1,1935.3,4668307.799999999
2025-08-01 09:31:30 AM,1936.7,0,0.0,4668307.799999999
2025-08-01 09:31:32 AM,1935.5,237,458713.5,5127021.299999999
2025-08-01 09:31:32 AM,1935.8,6,11614.8,5138636.099999999
2025-08-01 09:31:36 AM,1936.4,0,0.0,5138636.099999999
2025-08-01 09:31:39 AM,1936.4,33,63901.200000000004,5202537.299999999
2025-08-01 09:31:39 AM,1935.3,3,5805.9,5208343.199999999
2025-08-01 09:31:53 AM,1937.3,0,0.0,5208343.199999999
2025-08-01 09:31:53 AM,1937.3,50,96865.0,5305208.199999999
2025-08-01 09:31:53 AM,1935.4,4,7741.6,5312949.799999999
2025-08-01 09:31:58 AM,1935.3,0,0.0,5312949.799999999
2025-08-01 09:32:00 AM,1935.3,1,1935.3,5314885.099999999
2025-08-01 09:32:07 AM,1936.0,466,902176.0,6217061.099999999
2025-08-01 09:32:09 AM,1937.0,0,0.0,6217061.099999999
2025-08-01 09:32:14 AM,1936.5,37,71650.5,6288711.599999999
2025-08-01 09:32:15 AM,1936.6,0,0.0,6288711.599999999
2025-08-01 09:32:21 AM,1936.6,8,15492.8,6304204.3999999985
2025-08-01 09:32:21 AM,1936.6,14,27112.399999999998,6331316.799999999
2025-08-01 09:32:28 AM,1938.2,0,0.0,6331316.799999999
2025-08-01 09:32:28 AM,1938.2,20,38764.0,6370080.799999999
2025-08-01 09:32:28 AM,1938.6,0,0.0,6370080.799999999
2025-08-01 09:32:35 AM,1938.6,4,7754.4,6377835.199999999
2025-08-01 09:32:42 AM,1938.6,11,21324.6,6399159.799999999
2025-08-01 09:32:46 AM,1937.5,0,0.0,6399159.799999999
2025-08-01 09:32:49 AM,1937.5,40,77500.0,6476659.799999999
2025-08-01 09:32:49 AM,1937.5,4,7750.0,6484409.799999999
2025-08-01 09:32:56 AM,1937.5,1,1937.5,6486347.299999999
2025-08-01 09:33:10 AM,1937.5,11,21312.5,6507659.799999999
2025-08-01 09:33:10 AM,1937.4,0,0.0,6507659.799999999
2025-08-01 09:33:16 AM,1937.4,1,1937.4,6509597.199999999
2025-08-01 09:33:19 AM,1935.8,0,0.0,6509597.199999999
2025-08-01 09:33:23 AM,1935.8,2,3871.6,6513468.799999999
2025-08-01 09:33:30 AM,1935.8,1,1935.8,6515404.599999999
2025-08-01 09:33:30 AM,1935.4,0,0.0,6515404.599999999
2025-08-01 09:33:34 AM,1937.0,0,0.0,6515404.599999999
2025-08-01 09:33:37 AM,1937.0,2,3874.0,6519278.599999999
2025-08-01 09:33:39 AM,1937.1,0,0.0,6519278.599999999
2025-08-01 09:33:42 AM,1936.1,0,0.0,6519278.599999999
2025-08-01 09:33:44 AM,1936.1,256,495641.6,7014920.199999998
2025-08-01 09:33:48 AM,1936.5,0,0.0,7014920.199999998
2025-08-01 09:33:51 AM,1936.5,22,42603.0,7057523.199999998
2025-08-01 09:33:58 AM,1939.3,100,193930.0,7251453.199999998
2025-08-01 09:33:59 AM,1937.4,0,0.0,7251453.199999998
2025-08-01 09:34:05 AM,1937.4,11,21311.4,7272764.599999999
2025-08-01 09:34:10 AM,1938.8,0,0.0,7272764.599999999
2025-08-01 09:34:12 AM,1938.8,32,62041.6,7334806.199999998
2025-08-01 09:34:19 AM,1938.8,15,29082.0,7363888.199999998
2025-08-01 09:34:26 AM,1938.8,3,5816.4,7369704.599999999
2025-08-01 09:34:39 AM,1939.5,0,0.0,7369704.599999999
2025-08-01 09:34:40 AM,1939.5,25,48487.5,7418192.099999999
2025-08-01 09:34:42 AM,1938.3,0,0.0,7418192.099999999
2025-08-01 09:34:47 AM,1939.7,0,0.0,7418192.099999999
2025-08-01 09:34:47 AM,1939.7,334,647859.8,8066051.8999999985
2025-08-01 09:34:49 AM,1940.9,0,0.0,8066051.8999999985
2025-08-01 09:34:52 AM,1940.4,0,0.0,8066051.8999999985
2025-08-01 09:34:54 AM,1940.4,318,617047.2000000001,8683099.099999998
2025-08-01 09:34:54 AM,1940.7,0,0.0,8683099.099999998
2025-08-01 09:34:56 AM,1942.2,0,0.0,8683099.099999998
2025-08-01 09:35:01 AM,1942.2,30,58266.0,8741365.099999998
2025-08-01 09:35:04 AM,1942.0,0,0.0,8741365.099999998
2025-08-01 09:35:08 AM,1942.3,6,11653.8,8753018.899999999
2025-08-01 09:35:09 AM,1942.8,0,0.0,8753018.899999999
2025-08-01 09:35:15 AM,1942.8,11,21370.8,8774389.7
2025-08-01 09:35:24 AM,1941.6,0,0.0,8774389.7
2025-08-01 09:35:29 AM,1941.6,60,116496.0,8890885.7
2025-08-01 09:35:29 AM,1940.2,0,0.0,8890885.7
2025-08-01 09:35:34 AM,1940.1,0,0.0,8890885.7
2025-08-01 09:35:36 AM,1940.1,8,15520.8,8906406.5
2025-08-01 09:35:39 AM,1943.3,0,0.0,8906406.5
2025-08-01 09:35:39 AM,1942.2,0,0.0,8906406.5
2025-08-01 09:35:43 AM,1941.4,24,46593.600000000006,8953000.1
2025-08-01 09:35:43 AM,1941.4,1,1941.4,8954941.5
2025-08-01 09:35:49 AM,1940.8,0,0.0,8954941.5
2025-08-01 09:35:50 AM,1940.8,3,5822.4,8960763.9
2025-08-01 09:37:16 AM,1940.2,20,38804.0,8999567.9
2025-08-01 09:37:16 AM,1940.2,4,7760.8,9007328.700000001
2025-08-01 09:37:23 AM,1940.8,125,242600.0,9249928.700000001
2025-08-01 09:37:28 AM,1940.0,0,0.0,9249928.700000001
2025-08-01 09:37:30 AM,1940.0,32,62080.0,9312008.700000001
2025-08-01 09:37:37 AM,1940.0,15,29100.0,9341108.700000001
2025-08-01 09:37:37 AM,1940.0,2,3880.0,9344988.700000001
2025-08-01 09:37:53 AM,1940.8,0,0.0,9344988.700000001
2025-08-01 09:37:57 AM,1940.8,95,184376.0,9529364.700000001
2025-08-01 09:37:57 AM,1941.3,0,0.0,9529364.700000001
2025-08-01 09:38:03 AM,1941.3,10,19413.0,9548777.700000001
2025-08-01 09:38:10 AM,1941.3,19,36884.7,9585662.4
2025-08-01 09:38:14 AM,1940.0,0,0.0,9585662.4
2025-08-01 09:38:17 AM,1940.0,3,5820.0,9591482.4
2025-08-01 09:38:24 AM,1940.0,2,3880.0,9595362.4
2025-08-01 09:38:37 AM,1941.0,77,149457.0,9744819.4
2025-08-01 09:38:43 AM,1941.7,0,0.0,9744819.4
2025-08-01 09:38:44 AM,1941.7,3,5825.1,9750644.5
2025-08-01 09:38:47 AM,1941.6,0,0.0,9750644.5
2025-08-01 09:38:51 AM,1941.6,1,1941.6,9752586.1
2025-08-01 09:38:57 AM,1943.9,110,213829.0,9966415.1
2025-08-01 09:38:59 AM,1941.6,0,0.0,9966415.1
2025-08-01 09:39:04 AM,1941.6,11,21357.6,9987772.7
2025-08-01 09:39:11 AM,1940.6,35,67921.0,10055693.7
2025-08-01 09:39:18 AM,1940.6,4,7762.4,10063456.1
2025-08-01 09:40:17 AM,1942.4,10,19424.0,10082880.1
2025-08-01 09:40:39 AM,1941.7,0,0.0,10082880.1
2025-08-01 09:40:43 AM,1941.7,14,27183.8,10110063.9
2025-08-01 09:40:47 AM,1943.0,0,0.0,10110063.9
2025-08-01 09:40:50 AM,1943.0,201,390543.0,10500606.9
2025-08-01 09:40:52 AM,1941.7,0,0.0,10500606.9
2025-08-01 09:40:56 AM,1943.0,16,31088.0,10531694.9
2025-08-01 09:40:57 AM,1941.7,3,5825.1,10537520.0
2025-08-01 09:40:57 AM,1941.6,0,0.0,10537520.0
2025-08-01 09:41:03 AM,1941.6,5,9708.0,10547228.0
2025-08-01 09:41:10 AM,1941.6,6,11649.599999999999,10558877.6
2025-08-01 09:41:11 AM,1941.1,0,0.0,10558877.6
2025-08-01 09:41:16 AM,1941.1,2,3882.2,10562759.799999999
2025-08-01 09:41:23 AM,1941.1,1,1941.1,10564700.899999999
2025-08-01 09:41:43 AM,1941.0,0,0.0,10564700.899999999
2025-08-01 09:41:44 AM,1941.0,2,3882.0,10568582.899999999
2025-08-01 09:42:10 AM,1942.4,3,5827.200000000001,10574410.099999998
2025-08-01 09:42:34 AM,1941.1,0,0.0,10574410.099999998
2025-08-01 09:42:35 AM,1941.1,7,13587.699999999999,10587997.799999997
2025-08-01 09:42:41 AM,1941.0,7,13587.0,10601584.799999997
2025-08-01 09:42:48 AM,1941.0,2,3882.0,10605466.799999997
2025-08-01 09:43:41 AM,1941.0,1,1941.0,10607407.799999997
2025-08-01 09:44:26 AM,1942.0,0,0.0,10607407.799999997
2025-08-01 09:44:27 AM,1942.0,7,13594.0,10621001.799999997
2025-08-01 09:44:50 AM,1943.3,0,0.0,10621001.799999997
2025-08-01 09:44:52 AM,1943.3,26,50525.799999999996,10671527.599999998
2025-08-01 09:44:58 AM,1942.0,0,0.0,10671527.599999998
2025-08-01 09:44:59 AM,1942.0,1,1942.0,10673469.599999998
2025-08-01 09:45:25 AM,1942.0,138,267996.0,10941465.599999998
2025-08-01 09:45:30 AM,1941.1,0,0.0,10941465.599999998
2025-08-01 09:45:32 AM,1941.1,24,46586.399999999994,10988051.999999998
2025-08-01 09:45:45 AM,1941.1,1,1941.1,10989993.099999998
2025-08-01 09:45:51 AM,1941.1,2,3882.2,10993875.299999997
2025-08-01 09:46:11 AM,1941.1,5,9705.5,11003580.799999997
2025-08-01 09:46:17 AM,1941.1,2,3882.2,11007462.999999996
2025-08-01 09:46:30 AM,1941.1,1,1941.1,11009404.099999996
2025-08-01 09:46:42 AM,1941.1,25,48527.5,11057931.599999996
2025-08-01 09:46:55 AM,1941.1,1,1941.1,11059872.699999996
2025-08-01 09:47:07 AM,1942.0,0,0.0,11059872.699999996
2025-08-01 09:47:07 AM,1942.0,10,19420.0,11079292.699999996
2025-08-01 09:47:12 AM,1941.1,0,0.0,11079292.699999996
2025-08-01 09:47:14 AM,1941.1,3,5823.299999999999,11085115.999999996
2025-08-01 09:47:16 AM,1941.1,4,7764.4,11092880.399999997
2025-08-01 09:47:20 AM,1941.1,3,5823.299999999999,11098703.699999997
2025-08-01 09:47:26 AM,1941.1,3,5823.299999999999,11104526.999999998
2025-08-01 09:48:08 AM,1941.1,20,38822.0,11143348.999999998
2025-08-01 09:48:12 AM,1941.1,2,3882.2,11147231.199999997
2025-08-01 09:48:15 AM,1941.1,3,5823.299999999999,11153054.499999998
2025-08-01 09:48:18 AM,1941.1,2,3882.2,11156936.699999997
2025-08-01 09:48:30 AM,1941.2,0,0.0,11156936.699999997
2025-08-01 09:48:32 AM,1941.2,2,3882.4,11160819.099999998
2025-08-01 09:48:34 AM,1941.1,2,3882.2,11164701.299999997
2025-08-01 09:48:38 AM,1941.1,2,3882.2,11168583.499999996
2025-08-01 09:49:18 AM,1942.0,78,151476.0,11320059.499999996
2025-08-01 09:49:18 AM,1942.3,0,0.0,11320059.499999996
2025-08-01 09:49:22 AM,1942.3,7,13596.1,11333655.599999996
2025-08-01 09:49:33 AM,1941.5,0,0.0,11333655.599999996
2025-08-01 09:49:34 AM,1941.5,17,33005.5,11366661.099999996
2025-08-01 09:49:39 AM,1941.2,0,0.0,11366661.099999996
2025-08-01 09:49:41 AM,1941.2,2,3882.4,11370543.499999996
2025-08-01 09:49:45 AM,1941.1,0,0.0,11370543.499999996
2025-08-01 09:49:47 AM,1941.1,21,40763.1,11411306.599999996
2025-08-01 09:49:51 AM,1941.0,0,0.0,11411306.599999996
2025-08-01 09:49:53 AM,1941.0,15,29115.0,11440421.599999996
2025-08-01 09:50:05 AM,1946.2,0,0.0,11440421.599999996
2025-08-01 09:50:06 AM,1946.2,72,140126.4,11580547.999999996
2025-08-01 09:50:08 AM,1946.6,0,0.0,11580547.999999996
2025-08-01 09:50:09 AM,1946.6,24,46718.399999999994,11627266.399999997
2025-08-01 09:50:13 AM,1946.6,3,5839.799999999999,11633106.199999997
2025-08-01 09:50:14 AM,1945.3,0,0.0,11633106.199999997
2025-08-01 09:50:16 AM,1945.3,74,143952.19999999998,11777058.399999997
2025-08-01 09:50:17 AM,1944.0,0,0.0,11777058.399999997
2025-08-01 09:50:19 AM,1945.2,108,210081.6,11987139.999999996
2025-08-01 09:50:23 AM,1943.6,0,0.0,11987139.999999996
2025-08-01 09:50:26 AM,1943.6,16,31097.6,12018237.599999996
2025-08-01 09:50:34 AM,1945.9,0,0.0,12018237.599999996
2025-08-01 09:50:34 AM,1945.9,33,64214.700000000004,12082452.299999995
2025-08-01 09:50:37 AM,1947.9,0,0.0,12082452.299999995
2025-08-01 09:50:38 AM,1949.0,25,48725.0,12131177.299999995
2025-08-01 09:50:40 AM,1947.9,0,0.0,12131177.299999995
2025-08-01 09:50:41 AM,1947.9,2,3895.8,12135073.099999996
2025-08-01 09:50:41 AM,1947.5,0,0.0,12135073.099999996
2025-08-01 09:50:44 AM,1947.5,4,7790.0,12142863.099999996
2025-08-01 09:50:47 AM,1948.3,0,0.0,12142863.099999996
2025-08-01 09:50:50 AM,1948.3,1,1948.3,12144811.399999997
2025-08-01 09:51:02 AM,1947.6,0,0.0,12144811.399999997
2025-08-01 09:51:03 AM,1947.6,22,42847.2,12187658.599999996
2025-08-01 09:51:05 AM,1947.9,0,0.0,12187658.599999996
2025-08-01 09:51:08 AM,1948.9,0,0.0,12187658.599999996
2025-08-01 09:51:09 AM,1948.5,0,0.0,12187658.599999996
2025-08-01 09:51:10 AM,1948.5,66,128601.0,12316259.599999996
2025-08-01 09:51:13 AM,1947.5,0,0.0,12316259.599999996
2025-08-01 09:51:16 AM,1947.5,12,23370.0,12339629.599999996
2025-08-01 09:51:21 AM,1948.4,0,0.0,12339629.599999996
2025-08-01 09:51:22 AM,1948.4,10,19484.0,12359113.599999996
2025-08-01 09:51:25 AM,1947.2,0,0.0,12359113.599999996
2025-08-01 09:51:28 AM,1947.2,2,3894.4,12363007.999999996
2025-08-01 09:51:30 AM,1946.5,0,0.0,12363007.999999996
2025-08-01 09:51:30 AM,1946.8,6,11680.8,12374688.799999997
2025-08-01 09:51:37 AM,1947.2,0,0.0,12374688.799999997
2025-08-01 09:51:37 AM,1947.2,2,3894.4,12378583.199999997
2025-08-01 09:51:39 AM,1947.7,0,0.0,12378583.199999997
2025-08-01 09:51:41 AM,1947.7,22,42849.4,12421432.599999998
2025-08-01 09:51:44 AM,1946.1,0,0.0,12421432.599999998
2025-08-01 09:51:47 AM,1946.1,2,3892.2,12425324.799999997
2025-08-01 09:51:56 AM,1946.1,1,1946.1,12427270.899999997
2025-08-01 09:51:59 AM,1944.8,1,1944.8,12429215.699999997
2025-08-01 09:52:05 AM,1945.0,0,0.0,12429215.699999997
2025-08-01 09:52:05 AM,1945.0,2,3890.0,12433105.699999997
2025-08-01 09:52:07 AM,1946.3,0,0.0,12433105.699999997
2025-08-01 09:52:08 AM,1946.3,7,13624.1,12446729.799999997
2025-08-01 09:52:09 AM,1946.6,0,0.0,12446729.799999997
2025-08-01 09:52:10 AM,1947.0,0,0.0,12446729.799999997
2025-08-01 09:52:11 AM,1947.0,15,29205.0,12475934.799999997
2025-08-01 09:52:16 AM,1945.8,0,0.0,12475934.799999997
2025-08-01 09:52:18 AM,1945.8,1,1945.8,12477880.599999998
2025-08-01 09:52:21 AM,1945.0,0,0.0,12477880.599999998
2025-08-01 09:52:24 AM,1945.0,1,1945.0,12479825.599999998
2025-08-01 09:52:34 AM,1945.9,0,0.0,12479825.599999998
2025-08-01 09:52:36 AM,1946.1,277,539069.7,13018895.299999997
2025-08-01 09:52:37 AM,1947.0,0,0.0,13018895.299999997
2025-08-01 09:52:37 AM,1947.9,0,0.0,13018895.299999997
2025-08-01 09:52:39 AM,1946.6,26,50611.6,13069506.899999997
2025-08-01 09:52:40 AM,1946.2,0,0.0,13069506.899999997
2025-08-01 09:52:42 AM,1946.2,6,11677.2,13081184.099999996
2025-08-01 09:52:46 AM,1945.9,0,0.0,13081184.099999996
2025-08-01 09:52:48 AM,1945.9,2,3891.8,13085075.899999997
2025-08-01 09:52:51 AM,1945.9,11,21404.9,13106480.799999997
2025-08-01 09:52:54 AM,1945.9,13,25296.7,13131777.499999996
2025-08-01 09:53:04 AM,1946.0,0,0.0,13131777.499999996
2025-08-01 09:53:06 AM,1947.1,8,15576.8,13147354.299999997
2025-08-01 09:53:07 AM,1947.9,0,0.0,13147354.299999997
2025-08-01 09:53:08 AM,1947.9,18,35062.200000000004,13182416.499999996
2025-08-01 09:53:10 AM,1946.0,0,0.0,13182416.499999996
2025-08-01 09:53:13 AM,1946.0,1,1946.0,13184362.499999996
2025-08-01 09:53:29 AM,1946.5,0,0.0,13184362.499999996
2025-08-01 09:53:31 AM,1946.5,14,27251.0,13211613.499999996
2025-08-01 09:53:35 AM,1947.4,0,0.0,13211613.499999996
2025-08-01 09:53:37 AM,1947.8,27,52590.6,13264204.099999996
2025-08-01 09:53:41 AM,1947.0,0,0.0,13264204.099999996
2025-08-01 09:53:44 AM,1947.0,1,1947.0,13266151.099999996
2025-08-01 09:53:46 AM,1946.5,0,0.0,13266151.099999996
2025-08-01 09:53:50 AM,1946.5,1,1946.5,13268097.599999996
2025-08-01 09:54:02 AM,1946.5,27,52555.5,13320653.099999996
2025-08-01 09:54:05 AM,1947.1,0,0.0,13320653.099999996
2025-08-01 09:54:08 AM,1947.1,24,46730.399999999994,13367383.499999996
2025-08-01 09:54:23 AM,1945.9,0,0.0,13367383.499999996
2025-08-01 09:54:27 AM,1945.9,10,19459.0,13386842.499999996
2025-08-01 09:54:33 AM,1946.0,0,0.0,13386842.499999996
2025-08-01 09:54:33 AM,1946.0,4,7784.0,13394626.499999996
2025-08-01 09:54:36 AM,1947.0,0,0.0,13394626.499999996
2025-08-01 09:54:40 AM,1947.0,23,44781.0,13439407.499999996
2025-08-01 09:54:42 AM,1945.9,0,0.0,13439407.499999996
2025-08-01 09:54:45 AM,1945.8,0,0.0,13439407.499999996
2025-08-01 09:54:46 AM,1945.8,4,7783.2,13447190.699999996
2025-08-01 09:54:48 AM,1944.5,0,0.0,13447190.699999996
2025-08-01 09:54:51 AM,1944.5,1,1944.5,13449135.199999996
2025-08-01 09:55:06 AM,1946.2,0,0.0,13449135.199999996
2025-08-01 09:55:08 AM,1946.9,24,46725.600000000006,13495860.799999995
2025-08-01 09:55:12 AM,1944.8,0,0.0,13495860.799999995
2025-08-01 09:55:15 AM,1944.8,2,3889.6,13499750.399999995
2025-08-01 09:55:37 AM,1945.9,0,0.0,13499750.399999995
2025-08-01 09:55:38 AM,1946.0,0,0.0,13499750.399999995
2025-08-01 09:55:39 AM,1946.1,7,13622.699999999999,13513373.099999994
2025-08-01 09:55:40 AM,1946.3,17,33087.1,13546460.199999994
2025-08-01 09:55:41 AM,1944.6,0,0.0,13546460.199999994
2025-08-01 09:55:45 AM,1944.6,2,3889.2,13550349.399999993
2025-08-01 09:56:04 AM,1946.2,1,1946.2,13552295.599999992
2025-08-01 09:56:08 AM,1942.9,0,0.0,13552295.599999992
2025-08-01 09:56:09 AM,1942.9,324,629499.6,14181795.199999992
2025-08-01 09:56:11 AM,1943.5,0,0.0,14181795.199999992
2025-08-01 09:56:15 AM,1943.5,2,3887.0,14185682.199999992
2025-08-01 09:56:17 AM,1942.9,0,0.0,14185682.199999992
2025-08-01 09:56:21 AM,1942.9,14,27200.600000000002,14212882.799999991
2025-08-01 09:56:23 AM,1942.3,0,0.0,14212882.799999991
2025-08-01 09:56:27 AM,1942.3,11,21365.3,14234248.099999992
2025-08-01 09:56:29 AM,1942.2,0,0.0,14234248.099999992
2025-08-01 09:56:33 AM,1942.2,20,38844.0,14273092.099999992
2025-08-01 09:56:35 AM,1943.0,0,0.0,14273092.099999992
2025-08-01 09:56:36 AM,1943.7,0,0.0,14273092.099999992
2025-08-01 09:56:38 AM,1945.4,0,0.0,14273092.099999992
2025-08-01 09:56:38 AM,1945.4,24,46689.600000000006,14319781.699999992
2025-08-01 09:56:41 AM,1943.1,0,0.0,14319781.699999992
2025-08-01 09:56:45 AM,1943.1,1,1943.1,14321724.799999991
2025-08-01 09:56:48 AM,1943.4,0,0.0,14321724.799999991
2025-08-01 09:56:51 AM,1943.4,10,19434.0,14341158.799999991
2025-08-01 09:56:57 AM,1943.8,5,9719.0,14350877.799999991
2025-08-01 09:57:08 AM,1944.7,0,0.0,14350877.799999991
2025-08-01 09:57:09 AM,1944.7,24,46672.8,14397550.599999992
2025-08-01 09:57:12 AM,1943.3,0,0.0,14397550.599999992
2025-08-01 09:57:15 AM,1943.3,1,1943.3,14399493.899999993
2025-08-01 09:57:20 AM,1942.7,0,0.0,14399493.899999993
2025-08-01 09:57:20 AM,1942.7,2,3885.4,14403379.299999993
2025-08-01 09:57:26 AM,1944.6,45,87507.0,14490886.299999993
2025-08-01 09:57:32 AM,1942.7,0,0.0,14490886.299999993
2025-08-01 09:57:32 AM,1942.7,4,7770.8,14498657.099999994
2025-08-01 09:57:36 AM,1944.2,0,0.0,14498657.099999994
2025-08-01 09:57:38 AM,1944.2,24,46660.8,14545317.899999995
2025-08-01 09:57:44 AM,1942.4,0,0.0,14545317.899999995
2025-08-01 09:57:44 AM,1942.4,2,3884.8,14549202.699999996
2025-08-01 09:58:05 AM,1943.6,13,25266.8,14574469.499999996
2025-08-01 09:58:08 AM,1943.6,11,21379.6,14595849.099999996
2025-08-01 09:58:35 AM,1943.6,1,1943.6,14597792.699999996
2025-08-01 09:58:37 AM,1943.7,0,0.0,14597792.699999996
2025-08-01 09:58:37 AM,1943.8,0,0.0,14597792.699999996
2025-08-01 09:58:39 AM,1943.9,23,44709.700000000004,14642502.399999995
2025-08-01 09:58:45 AM,1943.3,0,0.0,14642502.399999995
2025-08-01 09:58:45 AM,1943.3,3,5829.9,14648332.299999995
2025-08-01 09:58:49 AM,1943.0,0,0.0,14648332.299999995
2025-08-01 09:58:51 AM,1943.0,1,1943.0,14650275.299999995
2025-08-01 09:58:57 AM,1942.1,0,0.0,14650275.299999995
2025-08-01 09:58:57 AM,1942.1,1,1942.1,14652217.399999995
2025-08-01 09:59:01 AM,1942.0,0,0.0,14652217.399999995
2025-08-01 09:59:03 AM,1942.0,27,52434.0,14704651.399999995
2025-08-01 09:59:06 AM,1943.2,0,0.0,14704651.399999995
2025-08-01 09:59:06 AM,1943.2,13,25261.600000000002,14729912.999999994
2025-08-01 09:59:09 AM,1943.2,11,21375.2,14751288.199999994
2025-08-01 09:59:37 AM,1943.2,24,46636.8,14797924.999999994
2025-08-01 09:59:39 AM,1942.7,0,0.0,14797924.999999994
2025-08-01 09:59:40 AM,1943.6,0,0.0,14797924.999999994
2025-08-01 09:59:41 AM,1943.6,7,13605.199999999999,14811530.199999994
2025-08-01 09:59:47 AM,1942.0,0,0.0,14811530.199999994
2025-08-01 09:59:47 AM,1942.0,4,7768.0,14819298.199999994
2025-08-01 10:00:05 AM,1943.4,24,46641.600000000006,14865939.799999993
2025-08-01 10:00:12 AM,1942.0,11,21362.0,14887301.799999993
2025-08-01 10:00:46 AM,1939.4,607,1177215.8,16064517.599999994
2025-08-01 10:00:49 AM,1939.6,208,403436.8,16467954.399999995
2025-08-01 10:00:53 AM,1939.2,36,69811.2,16537765.599999994
2025-08-01 10:00:56 AM,1940.0,0,0.0,16537765.599999994
2025-08-01 10:00:56 AM,1940.0,18,34920.0,16572685.599999994
2025-08-01 10:00:59 AM,1940.0,31,60140.0,16632825.599999994
2025-08-01 10:01:01 AM,1939.1,0,0.0,16632825.599999994
2025-08-01 10:01:02 AM,1940.0,0,0.0,16632825.599999994
2025-08-01 10:01:02 AM,1940.0,11,21340.0,16654165.599999994
2025-08-01 10:01:05 AM,1939.1,5,9695.5,16663861.099999994
2025-08-01 10:01:12 AM,1938.7,3,5816.1,16669677.199999994
2025-08-01 10:01:15 AM,1940.0,11,21340.0,16691017.199999994
2025-08-01 10:01:24 AM,1940.3,13,25223.899999999998,16716241.099999994
2025-08-01 10:01:26 AM,1940.5,0,0.0,16716241.099999994
2025-08-01 10:01:27 AM,1940.5,2,3881.0,16720122.099999994
2025-08-01 10:01:36 AM,1940.8,7,13585.6,16733707.699999994
2025-08-01 10:01:54 AM,1940.9,0,0.0,16733707.699999994
2025-08-01 10:01:55 AM,1940.9,20,38818.0,16772525.699999994
2025-08-01 10:01:57 AM,1941.1,1,1941.1,16774466.799999993
2025-08-01 10:02:02 AM,1940.8,0,0.0,16774466.799999993
2025-08-01 10:02:03 AM,1940.8,1,1940.8,16776407.599999994
2025-08-01 10:02:26 AM,1941.7,0,0.0,16776407.599999994
2025-08-01 10:02:27 AM,1941.7,5,9708.5,16786116.099999994
2025-08-01 10:02:35 AM,1944.8,0,0.0,16786116.099999994
2025-08-01 10:02:39 AM,1947.9,0,0.0,16786116.099999994
2025-08-01 10:02:39 AM,1946.7,268,521715.60000000003,17307831.699999996
2025-08-01 10:02:41 AM,1946.6,5,9733.0,17317564.699999996
2025-08-01 10:02:48 AM,1945.6,10,19456.0,17337020.699999996
2025-08-01 10:02:54 AM,1945.0,10,19450.0,17356470.699999996
2025-08-01 10:03:05 AM,1945.8,2,3891.6,17360362.299999997
2025-08-01 10:03:07 AM,1946.9,9,17522.100000000002,17377884.4
2025-08-01 10:03:09 AM,1947.1,0,0.0,17377884.4
2025-08-01 10:03:11 AM,1947.1,15,29206.5,17407090.9
2025-08-01 10:03:13 AM,1946.3,0,0.0,17407090.9
2025-08-01 10:03:13 AM,1946.3,21,40872.299999999996,17447963.2
2025-08-01 10:03:37 AM,1949.5,0,0.0,17447963.2
2025-08-01 10:03:37 AM,1948.0,0,0.0,17447963.2
2025-08-01 10:03:37 AM,1948.0,111,216228.0,17664191.2
2025-08-01 10:03:39 AM,1947.9,7,13635.300000000001,17677826.5
2025-08-01 10:03:45 AM,1947.5,0,0.0,17677826.5
2025-08-01 10:03:45 AM,1947.5,6,11685.0,17689511.5
2025-08-01 10:04:05 AM,1949.3,0,0.0,17689511.5
2025-08-01 10:04:08 AM,1949.7,24,46792.8,17736304.3
2025-08-01 10:04:09 AM,1948.2,0,0.0,17736304.3
2025-08-01 10:04:10 AM,1949.0,3,5847.0,17742151.3
2025-08-01 10:04:14 AM,1949.0,198,385902.0,18128053.3
2025-08-01 10:04:16 AM,1948.1,217,422737.69999999995,18550791.0
2025-08-01 10:04:21 AM,1948.7,0,0.0,18550791.0
2025-08-01 10:04:23 AM,1948.7,5,9743.5,18560534.5
2025-08-01 10:04:29 AM,1946.3,0,0.0,18560534.5
2025-08-01 10:04:29 AM,1946.3,38,73959.4,18634493.9
2025-08-01 10:04:35 AM,1948.1,16,31169.6,18665663.5
2025-08-01 10:04:38 AM,1949.5,0,0.0,18665663.5
2025-08-01 10:04:39 AM,1949.5,20,38990.0,18704653.5
2025-08-01 10:04:41 AM,1947.4,3,5842.200000000001,18710495.7
2025-08-01 10:04:43 AM,1948.2,0,0.0,18710495.7
2025-08-01 10:04:46 AM,1948.2,15,29223.0,18739718.7
2025-08-01 10:04:58 AM,1946.5,2,3893.0,18743611.7
2025-08-01 10:05:05 AM,1947.9,0,0.0,18743611.7
2025-08-01 10:05:06 AM,1948.0,14,27272.0,18770883.7
2025-08-01 10:05:08 AM,1949.1,0,0.0,18770883.7
2025-08-01 10:05:10 AM,1949.1,10,19491.0,18790374.7
2025-08-01 10:05:12 AM,1946.8,3,5840.4,18796215.099999998
2025-08-01 10:05:29 AM,1946.0,3,5838.0,18802053.099999998
2025-08-01 10:05:35 AM,1946.9,3,5840.700000000001,18807893.799999997
2025-08-01 10:05:36 AM,1947.0,0,0.0,18807893.799999997
2025-08-01 10:05:37 AM,1947.1,3,5841.299999999999,18813735.099999998
2025-08-01 10:05:39 AM,1947.2,0,0.0,18813735.099999998
2025-08-01 10:05:39 AM,1947.3,0,0.0,18813735.099999998
2025-08-01 10:05:41 AM,1948.3,18,35069.4,18848804.499999996
2025-08-01 10:05:42 AM,1946.0,0,0.0,18848804.499999996
2025-08-01 10:05:43 AM,1946.0,3,5838.0,18854642.499999996
2025-08-01 10:05:53 AM,1946.8,129,251137.19999999998,19105779.699999996
2025-08-01 10:05:54 AM,1947.4,0,0.0,19105779.699999996
2025-08-01 10:05:55 AM,1947.4,13,25316.2,19131095.899999995
2025-08-01 10:06:05 AM,1948.7,24,46768.8,19177864.699999996
2025-08-01 10:06:07 AM,1946.9,0,0.0,19177864.699999996
2025-08-01 10:06:07 AM,1946.9,8,15575.2,19193439.899999995
2025-08-01 10:06:36 AM,1948.3,0,0.0,19193439.899999995
2025-08-01 10:06:37 AM,1948.3,24,46759.2,19240199.099999994
2025-08-01 10:06:49 AM,1947.3,27,52577.1,19292776.199999996
2025-08-01 10:06:55 AM,1947.3,5,9736.5,19302512.699999996
2025-08-01 10:06:59 AM,1947.3,8,15578.4,19318091.099999994
2025-08-01 10:07:07 AM,1948.2,2,3896.4,19321987.499999993
2025-08-01 10:07:10 AM,1948.4,0,0.0,19321987.499999993
2025-08-01 10:07:11 AM,1948.4,22,42864.8,19364852.299999993
2025-08-01 10:07:13 AM,1947.4,16,31158.4,19396010.69999999
2025-08-01 10:07:20 AM,1947.3,27,52577.1,19448587.799999993
2025-08-01 10:07:36 AM,1948.2,1,1948.2,19450535.999999993
2025-08-01 10:07:37 AM,1949.0,0,0.0,19450535.999999993
2025-08-01 10:07:38 AM,1949.0,23,44827.0,19495362.999999993
2025-08-01 10:07:44 AM,1947.7,2,3895.4,19499258.39999999
2025-08-01 10:07:52 AM,1947.5,0,0.0,19499258.39999999
2025-08-01 10:07:55 AM,1947.5,2,3895.0,19503153.39999999
2025-08-01 10:08:06 AM,1948.4,0,0.0,19503153.39999999
2025-08-01 10:08:07 AM,1948.4,24,46761.600000000006,19549914.999999993
2025-08-01 10:08:11 AM,1949.0,0,0.0,19549914.999999993
2025-08-01 10:08:13 AM,1949.0,102,198798.0,19748712.999999993
2025-08-01 10:08:15 AM,1947.3,4,7789.2,19756502.19999999
2025-08-01 10:08:21 AM,1947.3,7,13631.1,19770133.299999993
2025-08-01 10:08:29 AM,1947.4,0,0.0,19770133.299999993
2025-08-01 10:08:32 AM,1947.4,5,9737.0,19779870.299999993
2025-08-01 10:08:35 AM,1948.4,0,0.0,19779870.299999993
2025-08-01 10:08:38 AM,1948.4,24,46761.600000000006,19826631.899999995
2025-08-01 10:08:39 AM,1947.3,7,13631.1,19840262.999999996
2025-08-01 10:09:05 AM,1948.3,0,0.0,19840262.999999996
2025-08-01 10:09:07 AM,1948.3,24,46759.2,19887022.199999996
2025-08-01 10:09:20 AM,1947.4,0,0.0,19887022.199999996
2025-08-01 10:09:21 AM,1947.4,8,15579.2,19902601.399999995
2025-08-01 10:09:29 AM,1947.5,0,0.0,19902601.399999995
2025-08-01 10:09:31 AM,1947.5,1,1947.5,19904548.899999995
2025-08-01 10:09:35 AM,1948.3,0,0.0,19904548.899999995
2025-08-01 10:09:37 AM,1948.3,24,46759.2,19951308.099999994
2025-08-01 10:09:56 AM,1947.3,1,1947.3,19953255.399999995
2025-08-01 10:10:06 AM,1948.2,0,0.0,19953255.399999995
2025-08-01 10:10:07 AM,1948.4,24,46761.600000000006,20000016.999999996
2025-08-01 10:10:12 AM,1947.4,0,0.0,20000016.999999996
2025-08-01 10:10:13 AM,1947.4,2,3894.8,20003911.799999997
2025-08-01 10:10:22 AM,1947.3,0,0.0,20003911.799999997
2025-08-01 10:10:23 AM,1947.3,2,3894.6,20007806.4
2025-08-01 10:10:35 AM,1947.9,0,0.0,20007806.4
2025-08-01 10:10:35 AM,1948.4,0,0.0,20007806.4
2025-08-01 10:10:35 AM,1948.4,25,48710.0,20056516.4
2025-08-01 10:10:36 AM,1947.3,2,3894.6,20060411.0
2025-08-01 10:11:05 AM,1947.9,0,0.0,20060411.0
2025-08-01 10:11:05 AM,1948.4,0,0.0,20060411.0
2025-08-01 10:11:06 AM,1948.5,7,13639.5,20074050.5
2025-08-01 10:11:08 AM,1949.2,0,0.0,20074050.5
2025-08-01 10:11:11 AM,1949.2,17,33136.4,20107186.9
2025-08-01 10:11:11 AM,1948.7,0,0.0,20107186.9
2025-08-01 10:11:12 AM,1948.7,2,3897.4,20111084.299999997
2025-08-01 10:11:38 AM,1949.2,0,0.0,20111084.299999997
2025-08-01 10:11:39 AM,1949.2,24,46780.8,20157865.099999998
2025-08-01 10:11:41 AM,1947.9,0,0.0,20157865.099999998
2025-08-01 10:11:41 AM,1947.9,2,3895.8,20161760.9
2025-08-01 10:11:50 AM,1948.3,0,0.0,20161760.9
2025-08-01 10:11:51 AM,1948.3,1,1948.3,20163709.2
2025-08-01 10:12:02 AM,1949.3,0,0.0,20163709.2
2025-08-01 10:12:03 AM,1949.3,2,3898.6,20167607.8
2025-08-01 10:12:08 AM,1948.3,0,0.0,20167607.8
2025-08-01 10:12:09 AM,1948.3,30,58449.0,20226056.8
2025-08-01 10:12:15 AM,1948.3,2,3896.6,20229953.400000002
2025-08-01 10:12:38 AM,1949.8,0,0.0,20229953.400000002
2025-08-01 10:12:38 AM,1949.8,24,46795.2,20276748.6
2025-08-01 10:12:38 AM,1948.6,5,9743.0,20286491.6
2025-08-01 10:12:49 AM,1948.3,1,1948.3,20288439.900000002
2025-08-01 10:12:56 AM,1948.3,2,3896.6,20292336.500000004
2025-08-01 10:13:07 AM,1949.4,24,46785.600000000006,20339122.100000005
2025-08-01 10:13:12 AM,1948.3,8,15586.4,20354708.500000004
2025-08-01 10:13:18 AM,1948.3,2,3896.6,20358605.100000005
2025-08-01 10:13:31 AM,1948.4,3,5845.200000000001,20364450.300000004
2025-08-01 10:13:35 AM,1949.3,0,0.0,20364450.300000004
2025-08-01 10:13:36 AM,1949.3,24,46783.2,20411233.500000004
2025-08-01 10:13:48 AM,1949.4,1,1949.4,20413182.900000002
2025-08-01 10:13:53 AM,1948.3,0,0.0,20413182.900000002
2025-08-01 10:13:55 AM,1948.3,2,3896.6,20417079.500000004
2025-08-01 10:14:00 AM,1948.3,51,99363.3,20516442.800000004
2025-08-01 10:14:06 AM,1948.3,649,1264446.7,21780889.500000004
2025-08-01 10:14:06 AM,1946.5,13,25304.5,21806194.000000004
2025-08-01 10:14:12 AM,1946.5,7,13625.5,21819819.500000004
2025-08-01 10:14:14 AM,1947.6,0,0.0,21819819.500000004
2025-08-01 10:14:17 AM,1947.6,5,9738.0,21829557.500000004
2025-08-01 10:14:18 AM,1946.0,11,21406.0,21850963.500000004
2025-08-01 10:14:24 AM,1946.3,6,11677.8,21862641.300000004
2025-08-01 10:14:26 AM,1946.6,0,0.0,21862641.300000004
2025-08-01 10:14:29 AM,1946.3,0,0.0,21862641.300000004
2025-08-01 10:14:29 AM,1946.3,46,89529.8,21952171.100000005
2025-08-01 10:14:35 AM,1946.6,0,0.0,21952171.100000005
2025-08-01 10:14:36 AM,1946.7,24,46720.8,21998891.900000006
2025-08-01 10:14:41 AM,1944.9,0,0.0,21998891.900000006
2025-08-01 10:14:42 AM,1944.9,1,1944.9,22000836.800000004
2025-08-01 10:14:44 AM,1945.7,0,0.0,22000836.800000004
2025-08-01 10:14:46 AM,1946.3,38,73959.4,22074796.200000003
2025-08-01 10:14:47 AM,1945.4,3,5836.200000000001,22080632.400000002
2025-08-01 10:14:58 AM,1947.1,23,44783.299999999996,22125415.700000003
2025-08-01 10:14:59 AM,1946.8,0,0.0,22125415.700000003
2025-08-01 10:14:59 AM,1946.8,2,3893.6,22129309.300000004
2025-08-01 10:15:07 AM,1948.0,0,0.0,22129309.300000004
2025-08-01 10:15:09 AM,1948.0,24,46752.0,22176061.300000004
2025-08-01 10:15:10 AM,1946.9,2,3893.8,22179955.100000005
2025-08-01 10:15:37 AM,1947.7,0,0.0,22179955.100000005
2025-08-01 10:15:38 AM,1948.0,0,0.0,22179955.100000005
2025-08-01 10:15:40 AM,1948.0,24,46752.0,22226707.100000005
2025-08-01 10:15:43 AM,1947.0,0,0.0,22226707.100000005
2025-08-01 10:15:45 AM,1947.0,14,27258.0,22253965.100000005
2025-08-01 10:15:46 AM,1947.2,0,0.0,22253965.100000005
2025-08-01 10:15:46 AM,1947.2,2,3894.4,22257859.500000004
2025-08-01 10:16:07 AM,1948.0,0,0.0,22257859.500000004
2025-08-01 10:16:09 AM,1948.0,26,50648.0,22308507.500000004
2025-08-01 10:16:10 AM,1947.2,0,0.0,22308507.500000004
2025-08-01 10:16:15 AM,1947.2,3,5841.6,22314349.100000005
2025-08-01 10:16:37 AM,1947.9,0,0.0,22314349.100000005
2025-08-01 10:16:38 AM,1949.4,0,0.0,22314349.100000005
2025-08-01 10:16:38 AM,1949.4,24,46785.600000000006,22361134.700000007
2025-08-01 10:16:38 AM,1947.6,3,5842.799999999999,22366977.500000007
2025-08-01 10:17:05 AM,1948.6,0,0.0,22366977.500000007
2025-08-01 10:17:06 AM,1948.6,24,46766.399999999994,22413743.900000006
2025-08-01 10:17:13 AM,1947.0,0,0.0,22413743.900000006
2025-08-01 10:17:17 AM,1947.0,2,3894.0,22417637.900000006
2025-08-01 10:17:37 AM,1948.1,0,0.0,22417637.900000006
2025-08-01 10:17:38 AM,1949.0,0,0.0,22417637.900000006
2025-08-01 10:17:41 AM,1949.0,24,46776.0,22464413.900000006
2025-08-01 10:17:43 AM,1947.3,0,0.0,22464413.900000006
2025-08-01 10:17:47 AM,1947.3,1,1947.3,22466361.200000007
2025-08-01 10:17:47 AM,1946.7,0,0.0,22466361.200000007
2025-08-01 10:17:52 AM,1946.7,1,1946.7,22468307.900000006
2025-08-01 10:18:04 AM,1948.0,0,0.0,22468307.900000006
2025-08-01 10:18:04 AM,1948.0,10,19480.0,22487787.900000006
2025-08-01 10:18:05 AM,1948.3,0,0.0,22487787.900000006
2025-08-01 10:18:10 AM,1948.3,24,46759.2,22534547.100000005
2025-08-01 10:18:11 AM,1946.5,0,0.0,22534547.100000005
2025-08-01 10:18:16 AM,1946.5,3,5839.5,22540386.600000005
2025-08-01 10:18:33 AM,1947.7,3,5843.1,22546229.700000007
2025-08-01 10:18:37 AM,1947.8,0,0.0,22546229.700000007
2025-08-01 10:18:38 AM,1948.7,0,0.0,22546229.700000007
2025-08-01 10:18:39 AM,1948.7,24,46768.8,22592998.500000007
2025-08-01 10:18:40 AM,1946.7,0,0.0,22592998.500000007
2025-08-01 10:18:45 AM,1946.7,2,3893.4,22596891.900000006
2025-08-01 10:19:06 AM,1948.3,0,0.0,22596891.900000006
2025-08-01 10:19:07 AM,1949.1,24,46778.399999999994,22643670.300000004
2025-08-01 10:19:09 AM,1948.3,0,0.0,22643670.300000004
2025-08-01 10:19:13 AM,1948.3,2,3896.6,22647566.900000006
2025-08-01 10:19:36 AM,1949.1,0,0.0,22647566.900000006
2025-08-01 10:19:36 AM,1949.1,24,46778.399999999994,22694345.300000004
2025-08-01 10:19:39 AM,1948.3,0,0.0,22694345.300000004
2025-08-01 10:19:42 AM,1948.3,3,5844.9,22700190.200000003
2025-08-01 10:20:05 AM,1949.1,24,46778.399999999994,22746968.6
2025-08-01 10:20:06 AM,1948.3,0,0.0,22746968.6
2025-08-01 10:20:09 AM,1948.3,2,3896.6,22750865.200000003
2025-08-01 10:20:38 AM,1948.7,0,0.0,22750865.200000003
2025-08-01 10:20:39 AM,1949.0,24,46776.0,22797641.200000003
2025-08-01 10:20:44 AM,1948.4,0,0.0,22797641.200000003
2025-08-01 10:20:45 AM,1948.4,2,3896.8,22801538.000000004
2025-08-01 10:21:05 AM,1948.9,0,0.0,22801538.000000004
2025-08-01 10:21:08 AM,1948.9,24,46773.600000000006,22848311.600000005
2025-08-01 10:21:11 AM,1947.4,0,0.0,22848311.600000005
2025-08-01 10:21:13 AM,1947.4,2,3894.8,22852206.400000006
2025-08-01 10:21:23 AM,1948.8,0,0.0,22852206.400000006
2025-08-01 10:21:25 AM,1948.8,5,9744.0,22861950.400000006
2025-08-01 10:21:27 AM,1948.8,1,1948.8,22863899.200000007
2025-08-01 10:21:37 AM,1949.2,3,5847.6,22869746.80000001
2025-08-01 10:21:38 AM,1949.7,0,0.0,22869746.80000001
2025-08-01 10:21:41 AM,1949.7,21,40943.700000000004,22910690.500000007
2025-08-01 10:21:44 AM,1948.8,0,0.0,22910690.500000007
2025-08-01 10:21:46 AM,1948.8,29,56515.2,22967205.700000007
2025-08-01 10:21:50 AM,1947.9,0,0.0,22967205.700000007
2025-08-01 10:21:52 AM,1947.9,5,9739.5,22976945.200000007
2025-08-01 10:22:08 AM,1949.6,0,0.0,22976945.200000007
2025-08-01 10:22:09 AM,1949.6,24,46790.399999999994,23023735.600000005
2025-08-01 10:22:14 AM,1947.9,0,0.0,23023735.600000005
2025-08-01 10:22:15 AM,1947.9,2,3895.8,23027631.400000006
2025-08-01 10:22:38 AM,1949.6,0,0.0,23027631.400000006
2025-08-01 10:22:38 AM,1949.6,24,46790.399999999994,23074421.800000004
2025-08-01 10:22:41 AM,1947.7,0,0.0,23074421.800000004
2025-08-01 10:22:44 AM,1947.7,3,5843.1,23080264.900000006
2025-08-01 10:23:07 AM,1949.0,0,0.0,23080264.900000006
2025-08-01 10:23:08 AM,1949.4,0,0.0,23080264.900000006
2025-08-01 10:23:08 AM,1949.4,24,46785.600000000006,23127050.500000007
2025-08-01 10:23:10 AM,1948.0,0,0.0,23127050.500000007
2025-08-01 10:23:11 AM,1948.0,1,1948.0,23128998.500000007
2025-08-01 10:23:16 AM,1947.7,0,0.0,23128998.500000007
2025-08-01 10:23:17 AM,1947.7,1,1947.7,23130946.200000007
2025-08-01 10:23:25 AM,1950.0,0,0.0,23130946.200000007
2025-08-01 10:23:26 AM,1950.0,300,585000.0,23715946.200000007
2025-08-01 10:23:28 AM,1947.9,0,0.0,23715946.200000007
2025-08-01 10:23:29 AM,1947.9,3,5843.700000000001,23721789.900000006
2025-08-01 10:23:34 AM,1947.7,0,0.0,23721789.900000006
2025-08-01 10:23:34 AM,1947.7,4,7790.8,23729580.700000007
2025-08-01 10:23:37 AM,1949.0,0,0.0,23729580.700000007
2025-08-01 10:23:37 AM,1949.3,19,37036.7,23766617.400000006
2025-08-01 10:23:40 AM,1949.3,5,9746.5,23776363.900000006
2025-08-01 10:23:44 AM,1947.3,0,0.0,23776363.900000006
2025-08-01 10:23:45 AM,1947.3,16,31156.8,23807520.700000007
2025-08-01 10:23:49 AM,1948.1,0,0.0,23807520.700000007
2025-08-01 10:23:51 AM,1948.1,20,38962.0,23846482.700000007
2025-08-01 10:24:05 AM,1949.8,24,46795.2,23893277.900000006
2025-08-01 10:24:07 AM,1948.6,0,0.0,23893277.900000006
2025-08-01 10:24:07 AM,1948.6,7,13640.199999999999,23906918.100000005
2025-08-01 10:24:38 AM,1949.4,0,0.0,23906918.100000005
2025-08-01 10:24:38 AM,1949.4,24,46785.600000000006,23953703.700000007
2025-08-01 10:24:40 AM,1947.6,0,0.0,23953703.700000007
2025-08-01 10:24:40 AM,1947.6,3,5842.799999999999,23959546.500000007
2025-08-01 10:24:48 AM,1947.3,0,0.0,23959546.500000007
2025-08-01 10:24:49 AM,1947.3,2,3894.6,23963441.10000001
2025-08-01 10:25:08 AM,1949.8,0,0.0,23963441.10000001
2025-08-01 10:25:08 AM,1949.8,24,46795.2,24010236.30000001
2025-08-01 10:25:14 AM,1947.8,9,17530.2,24027766.500000007
2025-08-01 10:25:20 AM,1947.2,0,0.0,24027766.500000007
2025-08-01 10:25:20 AM,1947.8,4,7791.2,24035557.700000007
2025-08-01 10:25:29 AM,1947.5,0,0.0,24035557.700000007
2025-08-01 10:25:29 AM,1947.5,2,3895.0,24039452.700000007
2025-08-01 10:25:37 AM,1949.2,4,7796.8,24047249.500000007
2025-08-01 10:25:40 AM,1949.2,20,38984.0,24086233.500000007
2025-08-01 10:25:53 AM,1947.7,0,0.0,24086233.500000007
2025-08-01 10:25:54 AM,1947.7,2,3895.4,24090128.900000006
2025-08-01 10:26:03 AM,1947.2,0,0.0,24090128.900000006
2025-08-01 10:26:04 AM,1948.8,101,196828.8,24286957.700000007
2025-08-01 10:26:08 AM,1949.6,24,46790.399999999994,24333748.100000005
2025-08-01 10:26:14 AM,1947.5,0,0.0,24333748.100000005
2025-08-01 10:26:15 AM,1947.5,3,5842.5,24339590.600000005
2025-08-01 10:26:20 AM,1947.1,0,0.0,24339590.600000005
2025-08-01 10:26:21 AM,1947.1,1,1947.1,24341537.700000007
2025-08-01 10:26:32 AM,1947.0,0,0.0,24341537.700000007
2025-08-01 10:26:33 AM,1947.9,3,5843.700000000001,24347381.400000006
2025-08-01 10:26:36 AM,1948.4,1,1948.4,24349329.800000004
2025-08-01 10:26:38 AM,1948.5,0,0.0,24349329.800000004
2025-08-01 10:26:39 AM,1949.8,23,44845.4,24394175.200000003
2025-08-01 10:26:41 AM,1947.3,0,0.0,24394175.200000003
2025-08-01 10:26:42 AM,1947.3,25,48682.5,24442857.700000003
2025-08-01 10:26:44 AM,1947.5,0,0.0,24442857.700000003
2025-08-01 10:26:44 AM,1947.5,5,9737.5,24452595.200000003
2025-08-01 10:27:08 AM,1949.5,24,46788.0,24499383.200000003
2025-08-01 10:27:12 AM,1947.3,0,0.0,24499383.200000003
2025-08-01 10:27:13 AM,1947.3,2,3894.6,24503277.800000004
2025-08-01 10:27:33 AM,1946.6,0,0.0,24503277.800000004
2025-08-01 10:27:35 AM,1946.6,2,3893.2,24507171.000000004
2025-08-01 10:27:38 AM,1947.9,0,0.0,24507171.000000004
2025-08-01 10:27:38 AM,1947.9,24,46749.600000000006,24553920.600000005
2025-08-01 10:27:44 AM,1946.2,0,0.0,24553920.600000005
2025-08-01 10:27:45 AM,1944.5,0,0.0,24553920.600000005
2025-08-01 10:27:46 AM,1944.5,96,186672.0,24740592.600000005
2025-08-01 10:27:52 AM,1945.0,0,0.0,24740592.600000005
2025-08-01 10:27:52 AM,1945.0,3,5835.0,24746427.600000005
2025-08-01 10:28:01 AM,1946.1,0,0.0,24746427.600000005
2025-08-01 10:28:02 AM,1946.1,7,13622.699999999999,24760050.300000004
2025-08-01 10:28:05 AM,1946.2,0,0.0,24760050.300000004
2025-08-01 10:28:05 AM,1947.5,7,13632.5,24773682.800000004
2025-08-01 10:28:07 AM,1947.6,0,0.0,24773682.800000004
2025-08-01 10:28:08 AM,1947.6,23,44794.799999999996,24818477.600000005
2025-08-01 10:28:11 AM,1945.3,0,0.0,24818477.600000005
2025-08-01 10:28:13 AM,1945.3,2,3890.6,24822368.200000007
2025-08-01 10:28:37 AM,1946.5,0,0.0,24822368.200000007
2025-08-01 10:28:38 AM,1947.5,24,46740.0,24869108.200000007
2025-08-01 10:28:39 AM,1945.4,0,0.0,24869108.200000007
2025-08-01 10:28:41 AM,1945.4,1,1945.4,24871053.600000005
2025-08-01 10:28:51 AM,1945.3,0,0.0,24871053.600000005
2025-08-01 10:28:52 AM,1945.3,1,1945.3,24872998.900000006
2025-08-01 10:29:06 AM,1946.3,2,3892.6,24876891.500000007
2025-08-01 10:29:08 AM,1946.6,0,0.0,24876891.500000007
2025-08-01 10:29:08 AM,1947.6,23,44794.799999999996,24921686.30000001
2025-08-01 10:29:18 AM,1945.6,0,0.0,24921686.30000001
2025-08-01 10:29:20 AM,1945.6,2,3891.2,24925577.500000007
2025-08-01 10:29:25 AM,1945.0,2,3890.0,24929467.500000007
2025-08-01 10:29:56 AM,1941.6,0,0.0,24929467.500000007
2025-08-01 10:29:56 AM,1941.6,178,345604.8,25275072.30000001
2025-08-01 10:29:59 AM,1941.4,21,40769.4,25315841.700000007
2025-08-01 10:30:42 AM,1941.3,0,0.0,25315841.700000007
2025-08-01 10:30:45 AM,1941.3,26,50473.799999999996,25366315.500000007
2025-08-01 10:30:48 AM,1941.1,0,0.0,25366315.500000007
2025-08-01 10:30:50 AM,1941.0,0,0.0,25366315.500000007
2025-08-01 10:30:50 AM,1941.0,103,199923.0,25566238.500000007
2025-08-01 10:30:53 AM,1940.4,0,0.0,25566238.500000007
2025-08-01 10:30:56 AM,1940.4,9,17463.600000000002,25583702.10000001
2025-08-01 10:31:04 AM,1941.3,10,19413.0,25603115.10000001
2025-08-01 10:31:08 AM,1940.5,0,0.0,25603115.10000001
2025-08-01 10:31:08 AM,1940.5,7,13583.5,25616698.60000001
2025-08-01 10:31:11 AM,1940.4,0,0.0,25616698.60000001
2025-08-01 10:31:14 AM,1940.4,1,1940.4,25618639.000000007
2025-08-01 10:31:16 AM,1941.3,1,1941.3,25620580.30000001
2025-08-01 10:31:17 AM,1940.3,0,0.0,25620580.30000001
2025-08-01 10:31:19 AM,1940.3,1,1940.3,25622520.60000001
2025-08-01 10:31:23 AM,1940.0,0,0.0,25622520.60000001
2025-08-01 10:31:25 AM,1940.0,30,58200.0,25680720.60000001
2025-08-01 10:31:30 AM,1940.0,2,3880.0,25684600.60000001
2025-08-01 10:31:51 AM,1940.1,0,0.0,25684600.60000001
2025-08-01 10:31:53 AM,1940.1,2,3880.2,25688480.80000001
2025-08-01 10:32:06 AM,1940.0,53,102820.0,25791300.80000001
2025-08-01 10:32:19 AM,1940.1,0,0.0,25791300.80000001
2025-08-01 10:32:19 AM,1940.1,2,3880.2,25795181.000000007
2025-08-01 10:32:22 AM,1940.0,20,38800.0,25833981.000000007
2025-08-01 10:32:26 AM,1940.0,5,9700.0,25843681.000000007
2025-08-01 10:32:32 AM,1940.0,100,194000.0,26037681.000000007
2025-08-01 10:32:38 AM,1939.7,0,0.0,26037681.000000007
2025-08-01 10:32:38 AM,1939.7,7,13577.9,26051258.900000006
2025-08-01 10:32:41 AM,1940.0,0,0.0,26051258.900000006
2025-08-01 10:32:42 AM,1940.0,6,11640.0,26062898.900000006
2025-08-01 10:32:55 AM,1939.7,5,9698.5,26072597.400000006
2025-08-01 10:33:01 AM,1939.6,9,17456.399999999998,26090053.800000004
2025-08-01 10:33:12 AM,1940.7,159,308571.3,26398625.100000005
2025-08-01 10:33:17 AM,1941.0,0,0.0,26398625.100000005
2025-08-01 10:33:18 AM,1941.0,2,3882.0,26402507.100000005
2025-08-01 10:33:23 AM,1940.3,0,0.0,26402507.100000005
2025-08-01 10:33:23 AM,1940.3,14,27164.2,26429671.300000004
2025-08-01 10:33:32 AM,1941.2,0,0.0,26429671.300000004
2025-08-01 10:33:32 AM,1941.2,1,1941.2,26431612.500000004
2025-08-01 10:34:56 AM,1940.3,0,0.0,26431612.500000004
2025-08-01 10:34:57 AM,1941.2,12,23294.4,26454906.900000002
2025-08-01 10:35:55 AM,1941.2,1,1941.2,26456848.1
2025-08-01 10:36:32 AM,1941.2,1,1941.2,26458789.3
2025-08-01 10:36:39 AM,1940.7,0,0.0,26458789.3
2025-08-01 10:36:40 AM,1940.7,2,3881.4,26462670.7
2025-08-01 10:36:51 AM,1940.2,8,15521.6,26478192.3
2025-08-01 10:36:56 AM,1940.2,2,3880.4,26482072.7
2025-08-01 10:37:03 AM,1941.0,0,0.0,26482072.7
2025-08-01 10:37:05 AM,1941.0,77,149457.0,26631529.7
2025-08-01 10:37:11 AM,1941.0,14,27174.0,26658703.7
2025-08-01 10:37:21 AM,1941.5,0,0.0,26658703.7
2025-08-01 10:37:21 AM,1941.5,13,25239.5,26683943.2
2025-08-01 10:37:24 AM,1941.5,8,15532.0,26699475.2
2025-08-01 10:37:29 AM,1941.5,1,1941.5,26701416.7
2025-08-01 10:38:01 AM,1942.0,1,1942.0,26703358.7
2025-08-01 10:38:44 AM,1941.1,0,0.0,26703358.7
2025-08-01 10:38:46 AM,1941.1,8,15528.8,26718887.5
2025-08-01 10:38:51 AM,1941.1,2,3882.2,26722769.7
2025-08-01 10:38:57 AM,1941.1,1,1941.1,26724710.8
2025-08-01 10:39:30 AM,1941.8,1,1941.8,26726652.6
2025-08-01 10:39:57 AM,1942.0,0,0.0,26726652.6
2025-08-01 10:39:58 AM,1942.0,28,54376.0,26781028.6
2025-08-01 10:40:03 AM,1941.1,0,0.0,26781028.6
2025-08-01 10:40:04 AM,1941.1,2,3882.2,26784910.8
2025-08-01 10:40:21 AM,1942.0,0,0.0,26784910.8
2025-08-01 10:40:23 AM,1942.0,2,3884.0,26788794.8
2025-08-01 10:41:08 AM,1940.5,320,620960.0,27409754.8
2025-08-01 10:41:09 AM,1940.0,0,0.0,27409754.8
2025-08-01 10:41:10 AM,1940.0,60,116400.0,27526154.8
2025-08-01 10:41:15 AM,1940.0,5,9700.0,27535854.8
2025-08-01 10:41:19 AM,1940.0,27,52380.0,27588234.8
2025-08-01 10:41:21 AM,1940.0,12,23280.0,27611514.8
2025-08-01 10:41:38 AM,1940.0,2,3880.0,27615394.8
2025-08-01 10:41:55 AM,1940.7,0,0.0,27615394.8
2025-08-01 10:41:58 AM,1940.7,1,1940.7,27617335.5
2025-08-01 10:43:15 AM,1940.0,10,19400.0,27636735.5
2025-08-01 10:43:17 AM,1940.0,2,3880.0,27640615.5
2025-08-01 10:43:26 AM,1940.0,1,1940.0,27642555.5
2025-08-01 10:43:31 AM,1940.0,1,1940.0,27644495.5
2025-08-01 10:43:36 AM,1940.7,0,0.0,27644495.5
2025-08-01 10:43:37 AM,1940.7,3,5822.1,27650317.6
2025-08-01 10:45:43 AM,1940.7,15,29110.5,27679428.1
2025-08-01 10:45:46 AM,1940.7,2,3881.4,27683309.5
2025-08-01 10:45:48 AM,1940.7,2,3881.4,27687190.9
2025-08-01 10:45:59 AM,1941.0,3,5823.0,27693013.9
2025-08-01 10:46:03 AM,1940.7,0,0.0,27693013.9
2025-08-01 10:46:04 AM,1940.7,1,1940.7,27694954.599999998
2025-08-01 10:46:08 AM,1940.0,25,48500.0,27743454.599999998
2025-08-01 10:46:14 AM,1940.0,42,81480.0,27824934.599999998
2025-08-01 10:46:53 AM,1940.0,99,192060.0,28016994.599999998
2025-08-01 10:46:54 AM,1940.0,14,27160.0,28044154.599999998
2025-08-01 10:47:05 AM,1940.0,14,27160.0,28071314.599999998
2025-08-01 10:47:09 AM,1940.0,32,62080.0,28133394.599999998
2025-08-01 10:47:21 AM,1940.0,2,3880.0,28137274.599999998
2025-08-01 10:47:27 AM,1940.0,250,485000.0,28622274.599999998
2025-08-01 10:47:32 AM,1940.5,0,0.0,28622274.599999998
2025-08-01 10:47:33 AM,1940.5,14,27167.0,28649441.599999998
2025-08-01 10:47:34 AM,1940.1,0,0.0,28649441.599999998
2025-08-01 10:47:36 AM,1940.1,2,3880.2,28653321.799999997
2025-08-01 10:47:38 AM,1939.1,0,0.0,28653321.799999997
2025-08-01 10:47:38 AM,1939.1,7,13573.699999999999,28666895.499999996
2025-08-01 10:47:42 AM,1938.7,0,0.0,28666895.499999996
2025-08-01 10:47:43 AM,1938.9,46,89189.40000000001,28756084.899999995
2025-08-01 10:47:48 AM,1940.4,0,0.0,28756084.899999995
2025-08-01 10:47:49 AM,1940.3,42,81492.59999999999,28837577.499999996
2025-08-01 10:47:52 AM,1940.2,0,0.0,28837577.499999996
2025-08-01 10:47:52 AM,1940.2,6,11641.2,28849218.699999996
2025-08-01 10:47:54 AM,1939.8,0,0.0,28849218.699999996
2025-08-01 10:47:55 AM,1939.8,4,7759.2,28856977.899999995
2025-08-01 10:50:22 AM,1940.0,0,0.0,28856977.899999995
2025-08-01 10:50:25 AM,1940.0,102,197880.0,29054857.899999995
2025-08-01 10:50:30 AM,1940.0,11,21340.0,29076197.899999995
2025-08-01 10:51:32 AM,1940.1,8,15520.8,29091718.699999996
2025-08-01 10:51:40 AM,1940.0,0,0.0,29091718.699999996
2025-08-01 10:51:43 AM,1940.0,1,1940.0,29093658.699999996
2025-08-01 10:51:50 AM,1940.1,0,0.0,29093658.699999996
2025-08-01 10:51:54 AM,1940.1,2,3880.2,29097538.899999995
2025-08-01 10:52:16 AM,1940.8,1,1940.8,29099479.699999996
2025-08-01 10:52:47 AM,1940.8,20,38816.0,29138295.699999996
2025-08-01 10:52:52 AM,1940.0,0,0.0,29138295.699999996
2025-08-01 10:52:52 AM,1940.0,1,1940.0,29140235.699999996
2025-08-01 10:53:08 AM,1940.0,9,17460.0,29157695.699999996
2025-08-01 10:53:13 AM,1940.0,1,1940.0,29159635.699999996
2025-08-01 10:54:08 AM,1941.1,0,0.0,29159635.699999996
2025-08-01 10:54:12 AM,1941.1,142,275636.2,29435271.899999995
2025-08-01 10:54:14 AM,1941.2,0,0.0,29435271.899999995
2025-08-01 10:54:18 AM,1941.2,14,27176.8,29462448.699999996
2025-08-01 10:54:23 AM,1941.2,10,19412.0,29481860.699999996
2025-08-01 10:54:29 AM,1941.2,2,3882.4,29485743.099999994
2025-08-01 10:54:34 AM,1942.5,44,85470.0,29571213.099999994
2025-08-01 10:54:36 AM,1940.9,0,0.0,29571213.099999994
2025-08-01 10:54:39 AM,1940.9,4,7763.6,29578976.699999996
2025-08-01 10:54:58 AM,1941.0,0,0.0,29578976.699999996
2025-08-01 10:55:00 AM,1941.0,2,3882.0,29582858.699999996
2025-08-01 10:55:12 AM,1942.3,0,0.0,29582858.699999996
2025-08-01 10:55:15 AM,1942.3,3,5826.9,29588685.599999994
2025-08-01 10:56:08 AM,1942.2,0,0.0,29588685.599999994
2025-08-01 10:56:09 AM,1942.2,2,3884.4,29592569.999999993
2025-08-01 10:57:03 AM,1942.2,5,9711.0,29602280.999999993
2025-08-01 10:57:04 AM,1941.6,0,0.0,29602280.999999993
2025-08-01 10:57:08 AM,1941.6,2,3883.2,29606164.19999999
2025-08-01 10:58:08 AM,1942.1,0,0.0,29606164.19999999
2025-08-01 10:58:11 AM,1942.1,1,1942.1,29608106.299999993
2025-08-01 10:58:14 AM,1941.2,0,0.0,29608106.299999993
2025-08-01 10:58:16 AM,1941.2,5,9706.0,29617812.299999993
2025-08-01 10:58:24 AM,1940.9,0,0.0,29617812.299999993
2025-08-01 10:58:28 AM,1940.9,9,17468.100000000002,29635280.399999995
2025-08-01 11:00:15 AM,1940.9,4,7763.6,29643043.999999996
2025-08-01 11:00:19 AM,1942.0,0,0.0,29643043.999999996
2025-08-01 11:00:21 AM,1942.0,2,3884.0,29646927.999999996
2025-08-01 11:00:22 AM,1941.0,0,0.0,29646927.999999996
2025-08-01 11:00:26 AM,1941.0,2,3882.0,29650809.999999996
2025-08-01 11:01:57 AM,1940.7,38,73746.6,29724556.599999998
2025-08-01 11:02:01 AM,1940.7,3,5822.1,29730378.7
2025-08-01 11:02:11 AM,1940.7,2,3881.4,29734260.099999998
2025-08-01 11:02:15 AM,1941.1,0,0.0,29734260.099999998
2025-08-01 11:02:16 AM,1941.1,2,3882.2,29738142.299999997
2025-08-01 11:02:17 AM,1942.0,0,0.0,29738142.299999997
2025-08-01 11:02:18 AM,1942.0,10,19420.0,29757562.299999997
2025-08-01 11:02:37 AM,1942.8,0,0.0,29757562.299999997
2025-08-01 11:02:40 AM,1942.8,10,19428.0,29776990.299999997
2025-08-01 11:02:41 AM,1941.5,0,0.0,29776990.299999997
2025-08-01 11:02:45 AM,1941.5,2,3883.0,29780873.299999997
2025-08-01 11:05:16 AM,1941.2,8,15529.6,29796402.9
2025-08-01 11:06:46 AM,1942.2,0,0.0,29796402.9
2025-08-01 11:06:46 AM,1942.2,1,1942.2,29798345.099999998
2025-08-01 11:06:52 AM,1942.2,1,1942.2,29800287.299999997
2025-08-01 11:08:57 AM,1941.8,40,77672.0,29877959.299999997
2025-08-01 11:09:03 AM,1940.4,0,0.0,29877959.299999997
2025-08-01 11:09:05 AM,1940.4,4,7761.6,29885720.9
2025-08-01 11:09:34 AM,1940.1,5,9700.5,29895421.4
2025-08-01 11:10:07 AM,1940.1,1,1940.1,29897361.5
2025-08-01 11:10:08 AM,1940.2,0,0.0,29897361.5
2025-08-01 11:10:11 AM,1940.2,4,7760.8,29905122.3
2025-08-01 11:10:45 AM,1940.2,1,1940.2,29907062.5
2025-08-01 11:12:08 AM,1940.0,0,0.0,29907062.5
2025-08-01 11:12:10 AM,1940.0,20,38800.0,29945862.5
2025-08-01 11:12:12 AM,1940.1,0,0.0,29945862.5
2025-08-01 11:12:16 AM,1940.1,1,1940.1,29947802.6
2025-08-01 11:12:38 AM,1940.0,0,0.0,29947802.6
2025-08-01 11:12:42 AM,1940.0,2,3880.0,29951682.6
2025-08-01 11:12:53 AM,1941.3,13,25236.899999999998,29976919.5
2025-08-01 11:12:54 AM,1940.1,0,0.0,29976919.5
2025-08-01 11:12:58 AM,1940.1,2,3880.2,29980799.7
2025-08-01 11:13:02 AM,1940.0,0,0.0,29980799.7
2025-08-01 11:13:03 AM,1940.0,1,1940.0,29982739.7
2025-08-01 11:15:09 AM,1940.9,0,0.0,29982739.7
2025-08-01 11:15:13 AM,1940.9,10,19409.0,30002148.7
2025-08-01 11:15:19 AM,1940.9,9,17468.100000000002,30019616.8
2025-08-01 11:15:39 AM,1941.9,0,0.0,30019616.8
2025-08-01 11:15:40 AM,1941.9,1,1941.9,30021558.7
2025-08-01 11:15:40 AM,1940.9,1,1940.9,30023499.599999998
2025-08-01 11:15:45 AM,1940.9,1,1940.9,30025440.499999996
2025-08-01 11:16:21 AM,1943.0,0,0.0,30025440.499999996
2025-08-01 11:16:22 AM,1943.0,59,114637.0,30140077.499999996
2025-08-01 11:16:23 AM,1941.9,0,0.0,30140077.499999996
2025-08-01 11:16:25 AM,1940.9,0,0.0,30140077.499999996
2025-08-01 11:16:27 AM,1940.9,32,62108.8,30202186.299999997
2025-08-01 11:16:29 AM,1941.9,0,0.0,30202186.299999997
2025-08-01 11:16:32 AM,1941.9,6,11651.400000000001,30213837.699999996
2025-08-01 11:16:35 AM,1942.5,0,0.0,30213837.699999996
2025-08-01 11:16:37 AM,1942.5,8,15540.0,30229377.699999996
2025-08-01 11:18:29 AM,1940.3,0,0.0,30229377.699999996
2025-08-01 11:18:29 AM,1940.3,2,3880.6,30233258.299999997
2025-08-01 11:18:49 AM,1940.5,0,0.0,30233258.299999997
2025-08-01 11:18:53 AM,1940.5,7,13583.5,30246841.799999997
2025-08-01 11:18:55 AM,1940.2,0,0.0,30246841.799999997
2025-08-01 11:18:57 AM,1940.0,0,0.0,30246841.799999997
2025-08-01 11:18:59 AM,1940.0,22,42680.0,30289521.799999997
2025-08-01 11:19:04 AM,1940.0,2,3880.0,30293401.799999997
2025-08-01 11:19:11 AM,1940.0,5,9700.0,30303101.799999997
2025-08-01 11:19:18 AM,1941.9,0,0.0,30303101.799999997
2025-08-01 11:19:21 AM,1941.9,60,116514.0,30419615.799999997
2025-08-01 11:19:23 AM,1940.3,0,0.0,30419615.799999997
2025-08-01 11:19:27 AM,1940.3,7,13582.1,30433197.9
2025-08-01 11:19:33 AM,1941.2,0,0.0,30433197.9
2025-08-01 11:19:37 AM,1941.2,1,1941.2,30435139.099999998
2025-08-01 11:20:04 AM,1940.0,0,0.0,30435139.099999998
2025-08-01 11:20:04 AM,1940.0,723,1402620.0,31837759.099999998
2025-08-01 11:20:05 AM,1938.9,0,0.0,31837759.099999998
2025-08-01 11:20:06 AM,1939.9,0,0.0,31837759.099999998
2025-08-01 11:20:10 AM,1938.9,78,151234.2,31988993.299999997
2025-08-01 11:20:10 AM,1939.6,0,0.0,31988993.299999997
2025-08-01 11:20:11 AM,1938.8,0,0.0,31988993.299999997
2025-08-01 11:20:12 AM,1940.0,0,0.0,31988993.299999997
2025-08-01 11:20:14 AM,1939.6,0,0.0,31988993.299999997
2025-08-01 11:20:15 AM,1939.6,92,178443.19999999998,32167436.499999996
2025-08-01 11:20:16 AM,1939.3,0,0.0,32167436.499999996
2025-08-01 11:20:20 AM,1939.3,1,1939.3,32169375.799999997
2025-08-01 11:20:21 AM,1940.0,0,0.0,32169375.799999997
2025-08-01 11:20:25 AM,1940.0,20,38800.0,32208175.799999997
2025-08-01 11:20:32 AM,1939.5,0,0.0,32208175.799999997
2025-08-01 11:20:35 AM,1940.0,0,0.0,32208175.799999997
2025-08-01 11:20:36 AM,1940.0,3,5820.0,32213995.799999997
2025-08-01 11:20:41 AM,1939.1,0,0.0,32213995.799999997
2025-08-01 11:20:41 AM,1939.1,17,32964.7,32246960.499999996
2025-08-01 11:20:46 AM,1940.3,0,0.0,32246960.499999996
2025-08-01 11:20:46 AM,1940.3,22,42686.6,32289647.099999998
2025-08-01 11:20:50 AM,1939.4,0,0.0,32289647.099999998
2025-08-01 11:20:51 AM,1939.4,3,5818.200000000001,32295465.299999997
2025-08-01 11:20:52 AM,1939.3,0,0.0,32295465.299999997
2025-08-01 11:20:56 AM,1939.3,8,15514.4,32310979.699999996
2025-08-01 11:21:44 AM,1939.1,3,5817.299999999999,32316796.999999996
2025-08-01 11:24:11 AM,1940.6,0,0.0,32316796.999999996
2025-08-01 11:24:14 AM,1940.6,2,3881.2,32320678.199999996
2025-08-01 11:24:15 AM,1939.3,0,0.0,32320678.199999996
2025-08-01 11:24:20 AM,1939.3,10,19393.0,32340071.199999996
2025-08-01 11:24:43 AM,1940.0,0,0.0,32340071.199999996
2025-08-01 11:24:46 AM,1940.0,120,232800.0,32572871.199999996
2025-08-01 11:24:48 AM,1939.9,0,0.0,32572871.199999996
2025-08-01 11:24:52 AM,1939.9,13,25218.7,32598089.899999995
2025-08-01 11:24:52 AM,1939.2,0,0.0,32598089.899999995
2025-08-01 11:24:57 AM,1939.2,2,3878.4,32601968.299999993
2025-08-01 11:24:58 AM,1940.5,0,0.0,32601968.299999993
2025-08-01 11:25:02 AM,1940.5,3,5821.5,32607789.799999993
2025-08-01 11:25:30 AM,1940.7,0,0.0,32607789.799999993
2025-08-01 11:25:33 AM,1940.7,10,19407.0,32627196.799999993
2025-08-01 11:25:52 AM,1939.5,0,0.0,32627196.799999993
2025-08-01 11:25:54 AM,1939.5,1,1939.5,32629136.299999993
2025-08-01 11:26:05 AM,1940.0,2,3880.0,32633016.299999993
2025-08-01 11:26:07 AM,1939.5,0,0.0,32633016.299999993
2025-08-01 11:26:07 AM,1939.5,2,3879.0,32636895.299999993
2025-08-01 11:26:24 AM,1940.7,10,19407.0,32656302.299999993
2025-08-01 11:27:08 AM,1940.8,0,0.0,32656302.299999993
2025-08-01 11:27:10 AM,1940.8,1,1940.8,32658243.099999994
2025-08-01 11:27:31 AM,1940.9,0,0.0,32658243.099999994
2025-08-01 11:27:31 AM,1940.9,1,1940.9,32660183.999999993
2025-08-01 11:29:03 AM,1940.9,2,3881.8,32664065.799999993
2025-08-01 11:29:07 AM,1941.0,0,0.0,32664065.799999993
2025-08-01 11:29:08 AM,1941.0,16,31056.0,32695121.799999993
2025-08-01 11:29:14 AM,1941.0,2,3882.0,32699003.799999993
2025-08-01 11:30:00 AM,1941.6,0,0.0,32699003.799999993
2025-08-01 11:30:01 AM,1941.6,2,3883.2,32702886.999999993
2025-08-01 11:30:22 AM,1941.6,1,1941.6,32704828.599999994
2025-08-01 11:30:54 AM,1941.6,1,1941.6,32706770.199999996
2025-08-01 11:31:54 AM,1941.0,0,0.0,32706770.199999996
2025-08-01 11:31:55 AM,1941.0,5,9705.0,32716475.199999996
2025-08-01 11:31:57 AM,1940.7,2,3881.4,32720356.599999994
2025-08-01 11:32:01 AM,1940.1,29,56262.899999999994,32776619.499999993
2025-08-01 11:32:02 AM,1940.0,0,0.0,32776619.499999993
2025-08-01 11:32:02 AM,1940.0,600,1164000.0,33940619.49999999
2025-08-01 11:32:06 AM,1940.0,1,1940.0,33942559.49999999
2025-08-01 11:32:08 AM,1940.0,96,186240.0,34128799.49999999
2025-08-01 11:32:09 AM,1939.1,0,0.0,34128799.49999999
2025-08-01 11:32:12 AM,1939.1,58,112467.79999999999,34241267.29999999
2025-08-01 11:32:13 AM,1939.1,20,38782.0,34280049.29999999
2025-08-01 11:32:17 AM,1939.1,24,46538.399999999994,34326587.69999999
2025-08-01 11:32:18 AM,1939.3,0,0.0,34326587.69999999
2025-08-01 11:32:19 AM,1939.3,1,1939.3,34328526.999999985
2025-08-01 11:32:22 AM,1939.3,16,31028.8,34359555.79999998
2025-08-01 11:32:24 AM,1939.3,46,89207.8,34448763.59999998
2025-08-01 11:32:27 AM,1939.3,29,56239.7,34505003.29999998
2025-08-01 11:32:29 AM,1939.3,55,106661.5,34611664.79999998
2025-08-01 11:32:32 AM,1939.3,11,21332.3,34632997.09999998
2025-08-01 11:32:33 AM,1939.2,0,0.0,34632997.09999998
2025-08-01 11:32:34 AM,1939.2,38,73689.6,34706686.69999998
2025-08-01 11:32:37 AM,1939.2,8,15513.6,34722200.29999998
2025-08-01 11:32:38 AM,1938.7,0,0.0,34722200.29999998
2025-08-01 11:32:39 AM,1939.1,0,0.0,34722200.29999998
2025-08-01 11:32:39 AM,1939.1,50,96955.0,34819155.29999998
2025-08-01 11:32:41 AM,1939.2,0,0.0,34819155.29999998
2025-08-01 11:32:43 AM,1939.2,11,21331.2,34840486.499999985
2025-08-01 11:32:43 AM,1938.8,0,0.0,34840486.499999985
2025-08-01 11:32:44 AM,1938.8,13,25204.399999999998,34865690.89999998
2025-08-01 11:32:48 AM,1938.8,24,46531.2,34912222.09999999
2025-08-01 11:32:49 AM,1939.1,0,0.0,34912222.09999999
2025-08-01 11:32:49 AM,1939.1,8,15512.8,34927734.89999998
2025-08-01 11:32:53 AM,1939.1,16,31025.6,34958760.499999985
2025-08-01 11:32:54 AM,1938.9,15,29083.5,34987843.999999985
2025-08-01 11:32:59 AM,1938.7,371,719257.7000000001,35707101.69999999
2025-08-01 11:32:59 AM,1938.9,0,0.0,35707101.69999999
2025-08-01 11:33:00 AM,1938.7,22,42651.4,35749753.09999999
2025-08-01 11:33:00 AM,1938.9,0,0.0,35749753.09999999
2025-08-01 11:33:01 AM,1938.9,8,15511.2,35765264.29999999
2025-08-01 11:33:02 AM,1938.7,0,0.0,35765264.29999999
2025-08-01 11:33:02 AM,1938.7,42,81425.40000000001,35846689.69999999
2025-08-01 11:33:03 AM,1938.7,4,7754.8,35854444.499999985
2025-08-01 11:33:03 AM,1938.1,32,62019.2,35916463.69999999
2025-08-01 11:33:04 AM,1938.1,12,23257.199999999997,35939720.89999999
2025-08-01 11:33:04 AM,1938.9,11,21327.9,35961048.79999999
2025-08-01 11:33:05 AM,1939.5,15,29092.5,35990141.29999999
2025-08-01 11:33:08 AM,1939.2,0,0.0,35990141.29999999
2025-08-01 11:33:08 AM,1939.2,3,5817.6,35995958.89999999
2025-08-01 11:33:10 AM,1939.2,4,7756.8,36003715.69999999
2025-08-01 11:33:11 AM,1939.2,8,15513.6,36019229.29999999
2025-08-01 11:33:11 AM,1938.5,0,0.0,36019229.29999999
2025-08-01 11:33:12 AM,1938.5,23,44585.5,36063814.79999999
2025-08-01 11:33:13 AM,1940.0,0,0.0,36063814.79999999
2025-08-01 11:33:13 AM,1940.0,3,5820.0,36069634.79999999
2025-08-01 11:33:13 AM,1939.1,32,62051.2,36131685.99999999
2025-08-01 11:33:18 AM,1939.1,33,63990.299999999996,36195676.29999999
2025-08-01 11:33:19 AM,1939.1,4,7756.4,36203432.69999999
2025-08-01 11:33:21 AM,1939.1,3,5817.299999999999,36209249.999999985
2025-08-01 11:33:21 AM,1939.9,0,0.0,36209249.999999985
2025-08-01 11:33:22 AM,1939.9,6,11639.400000000001,36220889.39999998
2025-08-01 11:33:24 AM,1939.1,32,62051.2,36282940.59999999
2025-08-01 11:33:24 AM,1939.0,0,0.0,36282940.59999999
2025-08-01 11:33:24 AM,1939.0,1,1939.0,36284879.59999999
2025-08-01 11:33:25 AM,1938.7,0,0.0,36284879.59999999
2025-08-01 11:33:25 AM,1938.7,2,3877.4,36288756.999999985
2025-08-01 11:33:26 AM,1939.9,6,11639.400000000001,36300396.39999998
2025-08-01 11:33:29 AM,1939.2,0,0.0,36300396.39999998
2025-08-01 11:33:29 AM,1939.5,341,661369.5,36961765.89999998
2025-08-01 11:33:29 AM,1938.1,27,52328.7,37014094.59999999
2025-08-01 11:33:30 AM,1939.4,0,0.0,37014094.59999999
2025-08-01 11:33:30 AM,1939.4,8,15515.2,37029609.79999999
2025-08-01 11:33:31 AM,1939.9,0,0.0,37029609.79999999
2025-08-01 11:33:31 AM,1939.9,3,5819.700000000001,37035429.49999999
2025-08-01 11:33:33 AM,1939.1,0,0.0,37035429.49999999
2025-08-01 11:33:33 AM,1939.1,4,7756.4,37043185.89999999
2025-08-01 11:33:33 AM,1939.1,32,62051.2,37105237.099999994
2025-08-01 11:33:35 AM,1940.0,2,3880.0,37109117.099999994
2025-08-01 11:33:36 AM,1939.1,3,5817.299999999999,37114934.39999999
2025-08-01 11:33:39 AM,1938.7,33,63977.1,37178911.49999999
2025-08-01 11:33:40 AM,1938.7,12,23264.4,37202175.89999999
2025-08-01 11:33:40 AM,1938.8,0,0.0,37202175.89999999
2025-08-01 11:33:41 AM,1938.7,8,15509.6,37217685.49999999
2025-08-01 11:33:42 AM,1938.8,2,3877.6,37221563.099999994
2025-08-01 11:33:43 AM,1938.8,2,3877.6,37225440.699999996
2025-08-01 11:33:44 AM,1938.7,0,0.0,37225440.699999996
2025-08-01 11:33:44 AM,1938.7,4,7754.8,37233195.49999999
2025-08-01 11:33:44 AM,1938.3,0,0.0,37233195.49999999
2025-08-01 11:33:45 AM,1938.7,0,0.0,37233195.49999999
2025-08-01 11:33:45 AM,1938.7,6,11632.2,37244827.699999996
2025-08-01 11:33:46 AM,1938.3,0,0.0,37244827.699999996
2025-08-01 11:33:46 AM,1938.3,11,21321.3,37266148.99999999
2025-08-01 11:33:46 AM,1938.7,0,0.0,37266148.99999999
2025-08-01 11:33:46 AM,1938.7,4,7754.8,37273903.79999999
2025-08-01 11:33:47 AM,1938.2,0,0.0,37273903.79999999
2025-08-01 11:33:47 AM,1938.8,18,34898.4,37308802.19999999
2025-08-01 11:33:48 AM,1938.8,2,3877.6,37312679.79999999
2025-08-01 11:33:48 AM,1938.2,0,0.0,37312679.79999999
2025-08-01 11:33:48 AM,1938.2,1,1938.2,37314617.99999999
2025-08-01 11:33:49 AM,1938.2,4,7752.8,37322370.79999999
2025-08-01 11:33:50 AM,1938.2,10,19382.0,37341752.79999999
2025-08-01 11:33:51 AM,1938.1,21,40700.1,37382452.89999999
2025-08-01 11:33:51 AM,1938.8,4,7755.2,37390208.099999994
2025-08-01 11:33:53 AM,1938.8,2,3877.6,37394085.699999996
2025-08-01 11:33:54 AM,1938.8,33,63980.4,37458066.099999994
2025-08-01 11:33:54 AM,1939.7,4,7758.8,37465824.89999999
2025-08-01 11:33:55 AM,1939.1,0,0.0,37465824.89999999
2025-08-01 11:33:55 AM,1939.1,5,9695.5,37475520.39999999
2025-08-01 11:33:56 AM,1939.9,0,0.0,37475520.39999999
2025-08-01 11:33:56 AM,1939.9,1,1939.9,37477460.29999999
2025-08-01 11:33:56 AM,1938.7,3,5816.1,37483276.39999999
2025-08-01 11:33:58 AM,1939.9,0,0.0,37483276.39999999
2025-08-01 11:33:58 AM,1938.4,36,69782.40000000001,37553058.79999999
2025-08-01 11:33:59 AM,1938.5,4,7754.0,37560812.79999999
2025-08-01 11:33:59 AM,1939.7,0,0.0,37560812.79999999
2025-08-01 11:33:59 AM,1939.7,1,1939.7,37562752.49999999
2025-08-01 11:34:00 AM,1939.9,0,0.0,37562752.49999999
2025-08-01 11:34:01 AM,1940.0,3,5820.0,37568572.49999999
2025-08-01 11:34:04 AM,1939.0,10,19390.0,37587962.49999999
2025-08-01 11:34:04 AM,1938.3,7,13568.1,37601530.599999994
2025-08-01 11:34:05 AM,1939.0,4,7756.0,37609286.599999994
2025-08-01 11:34:05 AM,1938.2,2,3876.4,37613162.99999999
2025-08-01 11:34:05 AM,1939.0,0,0.0,37613162.99999999
2025-08-01 11:34:06 AM,1939.0,4,7756.0,37620918.99999999
2025-08-01 11:34:07 AM,1938.1,14,27133.399999999998,37648052.39999999
2025-08-01 11:34:07 AM,1939.7,1,1939.7,37649992.099999994
2025-08-01 11:34:08 AM,1940.0,0,0.0,37649992.099999994
2025-08-01 11:34:08 AM,1940.0,1,1940.0,37651932.099999994
2025-08-01 11:34:09 AM,1939.9,44,85355.6,37737287.699999996
2025-08-01 11:34:10 AM,1940.0,1,1940.0,37739227.699999996
2025-08-01 11:34:10 AM,1939.1,0,0.0,37739227.699999996
2025-08-01 11:34:10 AM,1939.1,7,13573.699999999999,37752801.4
2025-08-01 11:34:11 AM,1939.1,3,5817.299999999999,37758618.699999996
2025-08-01 11:34:13 AM,1938.3,32,62025.6,37820644.3
2025-08-01 11:34:14 AM,1939.7,0,0.0,37820644.3
2025-08-01 11:34:14 AM,1939.7,18,34914.6,37855558.9
2025-08-01 11:34:15 AM,1938.9,0,0.0,37855558.9
2025-08-01 11:34:15 AM,1938.9,11,21327.9,37876886.8
2025-08-01 11:34:16 AM,1939.8,0,0.0,37876886.8
2025-08-01 11:34:16 AM,1939.8,2,3879.6,37880766.4
2025-08-01 11:34:18 AM,1938.9,0,0.0,37880766.4
2025-08-01 11:34:19 AM,1938.9,44,85311.6,37966078.0
2025-08-01 11:34:19 AM,1938.9,4,7755.6,37973833.6
2025-08-01 11:34:20 AM,1939.9,1,1939.9,37975773.5
2025-08-01 11:34:21 AM,1939.9,2,3879.8,37979653.3
2025-08-01 11:34:22 AM,1939.0,0,0.0,37979653.3
2025-08-01 11:34:22 AM,1939.9,5,9699.5,37989352.8
2025-08-01 11:34:23 AM,1940.0,0,0.0,37989352.8
2025-08-01 11:34:23 AM,1940.0,7,13580.0,38002932.8
2025-08-01 11:34:23 AM,1938.9,32,62044.8,38064977.599999994
2025-08-01 11:34:24 AM,1939.8,0,0.0,38064977.599999994
2025-08-01 11:34:24 AM,1939.8,9,17458.2,38082435.8
2025-08-01 11:34:25 AM,1939.9,0,0.0,38082435.8
2025-08-01 11:34:25 AM,1939.9,6,11639.400000000001,38094075.199999996
2025-08-01 11:34:26 AM,1940.0,0,0.0,38094075.199999996
2025-08-01 11:34:26 AM,1940.0,7,13580.0,38107655.199999996
2025-08-01 11:34:28 AM,1939.2,2,3878.4,38111533.599999994
2025-08-01 11:34:29 AM,1939.2,298,577881.6,38689415.199999996
2025-08-01 11:34:29 AM,1938.5,0,0.0,38689415.199999996
2025-08-01 11:34:29 AM,1938.5,5,9692.5,38699107.699999996
2025-08-01 11:34:30 AM,1939.8,6,11638.8,38710746.49999999
2025-08-01 11:34:30 AM,1938.7,0,0.0,38710746.49999999
2025-08-01 11:34:30 AM,1939.8,22,42675.6,38753422.099999994
2025-08-01 11:34:31 AM,1938.6,0,0.0,38753422.099999994
2025-08-01 11:34:31 AM,1939.9,7,13579.300000000001,38767001.39999999
2025-08-01 11:34:33 AM,1938.9,0,0.0,38767001.39999999
2025-08-01 11:34:33 AM,1940.0,10,19400.0,38786401.39999999
2025-08-01 11:34:33 AM,1938.8,32,62041.6,38848442.99999999
2025-08-01 11:34:37 AM,1939.9,10,19399.0,38867841.99999999
2025-08-01 11:34:39 AM,1938.9,0,0.0,38867841.99999999
2025-08-01 11:34:39 AM,1938.9,15,29083.5,38896925.49999999
2025-08-01 11:34:40 AM,1938.9,4,7755.6,38904681.099999994
2025-08-01 11:34:41 AM,1938.9,4,7755.6,38912436.699999996
2025-08-01 11:34:41 AM,1938.5,10,19385.0,38931821.699999996
2025-08-01 11:34:43 AM,1938.5,32,62032.0,38993853.699999996
2025-08-01 11:34:45 AM,1939.7,0,0.0,38993853.699999996
2025-08-01 11:34:45 AM,1939.7,12,23276.4,39017130.099999994
2025-08-01 11:34:48 AM,1938.6,33,63973.799999999996,39081103.89999999
2025-08-01 11:34:48 AM,1938.6,3,5815.799999999999,39086919.69999999
2025-08-01 11:34:49 AM,1939.8,6,11638.8,39098558.499999985
2025-08-01 11:34:52 AM,1940.0,1,1940.0,39100498.499999985
2025-08-01 11:34:53 AM,1939.0,19,36841.0,39137339.499999985
2025-08-01 11:34:54 AM,1939.0,6,11634.0,39148973.499999985
2025-08-01 11:34:55 AM,1939.0,4,7756.0,39156729.499999985
2025-08-01 11:34:56 AM,1939.0,4,7756.0,39164485.499999985
2025-08-01 11:34:56 AM,1938.5,1,1938.5,39166423.999999985
2025-08-01 11:34:57 AM,1939.9,0,0.0,39166423.999999985
2025-08-01 11:34:57 AM,1939.9,3,5819.700000000001,39172243.69999999
2025-08-01 11:34:58 AM,1938.9,0,0.0,39172243.69999999
2025-08-01 11:34:58 AM,1938.9,2,3877.8,39176121.499999985
2025-08-01 11:34:59 AM,1938.9,4,7755.6,39183877.09999999
2025-08-01 11:35:00 AM,1938.9,4,7755.6,39191632.69999999
2025-08-01 11:35:00 AM,1938.9,4,7755.6,39199388.29999999
2025-08-01 11:35:01 AM,1938.5,21,40708.5,39240096.79999999
2025-08-01 11:35:02 AM,1939.8,0,0.0,39240096.79999999
2025-08-01 11:35:02 AM,1939.8,10,19398.0,39259494.79999999
2025-08-01 11:35:03 AM,1939.9,0,0.0,39259494.79999999
2025-08-01 11:35:04 AM,1938.5,35,67847.5,39327342.29999999
2025-08-01 11:35:04 AM,1940.0,0,0.0,39327342.29999999
2025-08-01 11:35:05 AM,1940.0,1,1940.0,39329282.29999999
2025-08-01 11:35:05 AM,1938.8,0,0.0,39329282.29999999
2025-08-01 11:35:06 AM,1940.0,4,7760.0,39337042.29999999
2025-08-01 11:35:08 AM,1938.9,34,65922.6,39402964.89999999
2025-08-01 11:35:09 AM,1940.0,0,0.0,39402964.89999999
2025-08-01 11:35:09 AM,1940.0,12,23280.0,39426244.89999999
2025-08-01 11:35:13 AM,1938.7,16,31019.2,39457264.099999994
2025-08-01 11:35:13 AM,1938.7,4,7754.8,39465018.89999999
2025-08-01 11:35:14 AM,1938.7,4,7754.8,39472773.69999999
2025-08-01 11:35:15 AM,1938.2,0,0.0,39472773.69999999
2025-08-01 11:35:15 AM,1938.7,0,0.0,39472773.69999999
2025-08-01 11:35:15 AM,1938.7,7,13570.9,39486344.59999999
2025-08-01 11:35:17 AM,1938.7,4,7754.8,39494099.39999998
2025-08-01 11:35:17 AM,1939.5,0,0.0,39494099.39999998
2025-08-01 11:35:17 AM,1939.5,8,15516.0,39509615.39999998
2025-08-01 11:35:18 AM,1939.8,0,0.0,39509615.39999998
2025-08-01 11:35:19 AM,1938.1,36,69771.59999999999,39579386.999999985
2025-08-01 11:35:19 AM,1938.4,0,0.0,39579386.999999985
2025-08-01 11:35:20 AM,1938.4,4,7753.6,39587140.59999999
2025-08-01 11:35:20 AM,1939.8,0,0.0,39587140.59999999
2025-08-01 11:35:20 AM,1939.8,7,13578.6,39600719.19999999
2025-08-01 11:35:21 AM,1940.0,2,3880.0,39604599.19999999
2025-08-01 11:35:22 AM,1939.0,0,0.0,39604599.19999999
2025-08-01 11:35:22 AM,1939.0,4,7756.0,39612355.19999999
2025-08-01 11:35:23 AM,1940.0,33,64020.0,39676375.19999999
2025-08-01 11:35:25 AM,1938.9,0,0.0,39676375.19999999
2025-08-01 11:35:25 AM,1938.9,1,1938.9,39678314.09999999
2025-08-01 11:35:25 AM,1940.0,0,0.0,39678314.09999999
2025-08-01 11:35:26 AM,1940.0,1,1940.0,39680254.09999999
2025-08-01 11:35:26 AM,1938.7,0,0.0,39680254.09999999
2025-08-01 11:35:26 AM,1940.0,22,42680.0,39722934.09999999
2025-08-01 11:35:29 AM,1939.0,33,63987.0,39786921.09999999
2025-08-01 11:35:29 AM,1939.0,2,3878.0,39790799.09999999
2025-08-01 11:35:30 AM,1940.0,2,3880.0,39794679.09999999
2025-08-01 11:35:33 AM,1939.0,0,0.0,39794679.09999999
2025-08-01 11:35:33 AM,1939.0,3,5817.0,39800496.09999999
2025-08-01 11:35:34 AM,1939.0,32,62048.0,39862544.09999999
2025-08-01 11:35:35 AM,1940.0,0,0.0,39862544.09999999
2025-08-01 11:35:35 AM,1940.0,1,1940.0,39864484.09999999
2025-08-01 11:35:37 AM,1938.9,0,0.0,39864484.09999999
2025-08-01 11:35:37 AM,1938.9,5,9694.5,39874178.59999999
2025-08-01 11:35:38 AM,1940.0,0,0.0,39874178.59999999
2025-08-01 11:35:38 AM,1938.9,13,25205.7,39899384.29999999
2025-08-01 11:35:38 AM,1938.9,4,7755.6,39907139.89999999
2025-08-01 11:35:39 AM,1938.9,16,31022.4,39938162.29999999
2025-08-01 11:35:40 AM,1938.7,0,0.0,39938162.29999999
2025-08-01 11:35:40 AM,1938.9,0,0.0,39938162.29999999
2025-08-01 11:35:40 AM,1938.9,5,9694.5,39947856.79999999
2025-08-01 11:35:41 AM,1938.9,14,27144.600000000002,39975001.39999999
2025-08-01 11:35:42 AM,1938.7,0,0.0,39975001.39999999
2025-08-01 11:35:42 AM,1939.8,0,0.0,39975001.39999999
2025-08-01 11:35:42 AM,1939.8,14,27157.2,40002158.599999994
2025-08-01 11:35:43 AM,1939.9,0,0.0,40002158.599999994
2025-08-01 11:35:44 AM,1938.9,16,31022.4,40033180.99999999
2025-08-01 11:35:44 AM,1938.9,23,44594.700000000004,40077775.699999996
2025-08-01 11:35:45 AM,1940.0,0,0.0,40077775.699999996
2025-08-01 11:35:45 AM,1940.0,2,3880.0,40081655.699999996
2025-08-01 11:35:46 AM,1940.0,8,15520.0,40097175.699999996
2025-08-01 11:35:46 AM,1939.0,0,0.0,40097175.699999996
2025-08-01 11:35:46 AM,1939.0,3,5817.0,40102992.699999996
2025-08-01 11:35:47 AM,1938.9,1,1938.9,40104931.599999994
2025-08-01 11:35:48 AM,1938.9,2,3877.8,40108809.39999999
2025-08-01 11:35:48 AM,1938.5,4,7754.0,40116563.39999999
2025-08-01 11:35:49 AM,1938.8,34,65919.2,40182482.599999994
2025-08-01 11:35:49 AM,1938.9,0,0.0,40182482.599999994
2025-08-01 11:35:50 AM,1938.9,2,3877.8,40186360.39999999
2025-08-01 11:35:51 AM,1938.9,2,3877.8,40190238.19999999
2025-08-01 11:35:51 AM,1938.2,4,7752.8,40197990.999999985
2025-08-01 11:35:51 AM,1938.9,0,0.0,40197990.999999985
2025-08-01 11:35:52 AM,1938.2,9,17443.8,40215434.79999998
2025-08-01 11:35:52 AM,1938.9,0,0.0,40215434.79999998
2025-08-01 11:35:52 AM,1938.9,2,3877.8,40219312.59999998
2025-08-01 11:35:52 AM,1939.9,0,0.0,40219312.59999998
2025-08-01 11:35:53 AM,1939.9,25,48497.5,40267810.09999998
2025-08-01 11:35:54 AM,1939.7,33,64010.1,40331820.19999998
2025-08-01 11:35:54 AM,1938.6,0,0.0,40331820.19999998
2025-08-01 11:35:54 AM,1938.6,3,5815.799999999999,40337635.99999998
2025-08-01 11:35:55 AM,1939.8,6,11638.8,40349274.799999975
2025-08-01 11:35:56 AM,1939.8,1,1939.8,40351214.59999997
2025-08-01 11:35:57 AM,1939.9,3,5819.700000000001,40357034.299999975
2025-08-01 11:35:57 AM,1939.0,0,0.0,40357034.299999975
2025-08-01 11:35:57 AM,1939.9,4,7759.6,40364793.899999976
2025-08-01 11:35:58 AM,1938.6,33,63973.799999999996,40428767.69999997
2025-08-01 11:36:00 AM,1940.0,1,1940.0,40430707.69999997
2025-08-01 11:36:01 AM,1939.8,0,0.0,40430707.69999997
2025-08-01 11:36:02 AM,1940.0,0,0.0,40430707.69999997
2025-08-01 11:36:04 AM,1939.7,0,0.0,40430707.69999997
2025-08-01 11:36:05 AM,1939.7,40,77588.0,40508295.69999997
2025-08-01 11:36:05 AM,1938.7,0,0.0,40508295.69999997
2025-08-01 11:36:05 AM,1938.7,3,5816.1,40514111.799999975
2025-08-01 11:36:06 AM,1939.6,0,0.0,40514111.799999975
2025-08-01 11:36:07 AM,1940.0,0,0.0,40514111.799999975
2025-08-01 11:36:10 AM,1940.0,38,73720.0,40587831.799999975
2025-08-01 11:36:10 AM,1938.5,3,5815.5,40593647.299999975
2025-08-01 11:36:11 AM,1939.9,0,0.0,40593647.299999975
2025-08-01 11:36:14 AM,1940.0,0,0.0,40593647.299999975
2025-08-01 11:36:15 AM,1940.0,44,85360.0,40679007.299999975
2025-08-01 11:36:16 AM,1939.9,10,19399.0,40698406.299999975
2025-08-01 11:36:17 AM,1940.0,0,0.0,40698406.299999975
2025-08-01 11:36:19 AM,1938.8,0,0.0,40698406.299999975
2025-08-01 11:36:20 AM,1938.8,34,65919.2,40764325.49999998
2025-08-01 11:36:21 AM,1940.0,5,9700.0,40774025.49999998
2025-08-01 11:36:21 AM,1938.5,0,0.0,40774025.49999998
2025-08-01 11:36:22 AM,1939.8,0,0.0,40774025.49999998
2025-08-01 11:36:24 AM,1940.0,0,0.0,40774025.49999998
2025-08-01 11:36:25 AM,1940.0,45,87300.0,40861325.49999998
2025-08-01 11:36:26 AM,1939.0,4,7756.0,40869081.49999998
2025-08-01 11:36:27 AM,1939.9,0,0.0,40869081.49999998
2025-08-01 11:36:29 AM,1939.0,0,0.0,40869081.49999998
2025-08-01 11:36:30 AM,1939.0,22,42658.0,40911739.49999998
2025-08-01 11:36:32 AM,1938.4,0,0.0,40911739.49999998
2025-08-01 11:36:33 AM,1939.9,0,0.0,40911739.49999998
2025-08-01 11:36:34 AM,1939.7,0,0.0,40911739.49999998
2025-08-01 11:36:35 AM,1939.9,0,0.0,40911739.49999998
2025-08-01 11:36:36 AM,1939.9,77,149372.30000000002,41061111.799999975
2025-08-01 11:36:36 AM,1938.6,9,17447.399999999998,41078559.19999997
2025-08-01 11:36:37 AM,1939.9,0,0.0,41078559.19999997
2025-08-01 11:36:38 AM,1940.0,0,0.0,41078559.19999997
2025-08-01 11:36:41 AM,1939.9,0,0.0,41078559.19999997
2025-08-01 11:36:41 AM,1939.9,1051,2038834.9000000001,43117394.09999997
2025-08-01 11:36:41 AM,1938.6,53,102745.79999999999,43220139.89999997
2025-08-01 11:36:42 AM,1939.7,0,0.0,43220139.89999997
2025-08-01 11:36:43 AM,1940.0,0,0.0,43220139.89999997
2025-08-01 11:36:47 AM,1940.0,38,73720.0,43293859.89999997
2025-08-01 11:36:52 AM,1940.0,397,770180.0,44064039.89999997
2025-08-01 11:36:57 AM,1940.0,75,145500.0,44209539.89999997
2025-08-01 11:37:02 AM,1940.0,147,285180.0,44494719.89999997
2025-08-01 11:37:07 AM,1940.0,38,73720.0,44568439.89999997
2025-08-01 11:37:13 AM,1940.0,52,100880.0,44669319.89999997
2025-08-01 11:37:13 AM,1940.0,32,62080.0,44731399.89999997
2025-08-01 11:37:18 AM,1940.0,33,64020.0,44795419.89999997
2025-08-01 11:37:24 AM,1940.0,32,62080.0,44857499.89999997
2025-08-01 11:37:29 AM,1940.0,33,64020.0,44921519.89999997
2025-08-01 11:37:31 AM,1940.1,0,0.0,44921519.89999997
2025-08-01 11:37:34 AM,1940.0,0,0.0,44921519.89999997
2025-08-01 11:37:34 AM,1940.0,83,161020.0,45082539.89999997
2025-08-01 11:37:39 AM,1940.0,33,64020.0,45146559.89999997
2025-08-01 11:37:44 AM,1940.0,32,62080.0,45208639.89999997
2025-08-01 11:37:50 AM,1940.0,33,64020.0,45272659.89999997
2025-08-01 11:37:53 AM,1940.1,0,0.0,45272659.89999997
2025-08-01 11:37:54 AM,1940.0,0,0.0,45272659.89999997
2025-08-01 11:37:55 AM,1940.0,1143,2217420.0,47490079.89999997
2025-08-01 11:37:55 AM,1940.0,62,120280.0,47610359.89999997
2025-08-01 11:37:59 AM,1940.0,8,15520.0,47625879.89999997
2025-08-01 11:38:00 AM,1939.0,0,0.0,47625879.89999997
2025-08-01 11:38:00 AM,1939.0,17,32963.0,47658842.89999997
2025-08-01 11:38:01 AM,1940.0,0,0.0,47658842.89999997
2025-08-01 11:38:02 AM,1939.8,0,0.0,47658842.89999997
2025-08-01 11:38:04 AM,1939.0,0,0.0,47658842.89999997
2025-08-01 11:38:04 AM,1939.0,56,108584.0,47767426.89999997
2025-08-01 11:38:05 AM,1938.8,51,98878.8,47866305.699999966
2025-08-01 11:38:06 AM,1939.0,0,0.0,47866305.699999966
2025-08-01 11:38:07 AM,1938.3,0,0.0,47866305.699999966
2025-08-01 11:38:08 AM,1938.8,0,0.0,47866305.699999966
2025-08-01 11:38:09 AM,1938.8,48,93062.4,47959368.099999964
2025-08-01 11:38:10 AM,1938.4,8,15507.2,47974875.29999997
2025-08-01 11:38:11 AM,1938.8,0,0.0,47974875.29999997
2025-08-01 11:38:12 AM,1938.4,0,0.0,47974875.29999997
2025-08-01 11:38:13 AM,1940.0,0,0.0,47974875.29999997
2025-08-01 11:38:15 AM,1939.1,80,155128.0,48130003.29999997
2025-08-01 11:38:15 AM,1938.8,11,21326.8,48151330.099999964
2025-08-01 11:38:19 AM,1939.1,0,0.0,48151330.099999964
2025-08-01 11:38:19 AM,1939.1,42,81442.2,48232772.29999997
2025-08-01 11:38:20 AM,1938.6,0,0.0,48232772.29999997
2025-08-01 11:38:20 AM,1938.6,5,9693.0,48242465.29999997
2025-08-01 11:38:21 AM,1939.0,0,0.0,48242465.29999997
2025-08-01 11:38:23 AM,1938.6,0,0.0,48242465.29999997
2025-08-01 11:38:24 AM,1940.7,498,966468.6,49208933.89999997
2025-08-01 11:38:25 AM,1940.7,3,5822.1,49214755.99999997
2025-08-01 11:38:30 AM,1940.0,0,0.0,49214755.99999997
2025-08-01 11:38:31 AM,1940.0,37,71780.0,49286535.99999997
2025-08-01 11:38:35 AM,1940.0,166,322040.0,49608575.99999997
2025-08-01 11:38:36 AM,1940.0,16,31040.0,49639615.99999997
2025-08-01 11:38:40 AM,1940.0,33,64020.0,49703635.99999997
2025-08-01 11:38:45 AM,1940.0,39,75660.0,49779295.99999997
2025-08-01 11:38:50 AM,1940.0,487,944780.0,50724075.99999997
2025-08-01 11:38:51 AM,1940.0,46,89240.0,50813315.99999997
2025-08-01 11:38:53 AM,1940.8,0,0.0,50813315.99999997
2025-08-01 11:38:54 AM,1940.0,0,0.0,50813315.99999997
2025-08-01 11:38:55 AM,1940.0,72,139680.0,50952995.99999997
2025-08-01 11:39:00 AM,1940.0,39,75660.0,51028655.99999997
2025-08-01 11:39:01 AM,1940.0,13,25220.0,51053875.99999997
2025-08-01 11:39:05 AM,1940.0,32,62080.0,51115955.99999997
2025-08-01 11:39:21 AM,1940.0,6,11640.0,51127595.99999997
2025-08-01 11:39:34 AM,1942.8,0,0.0,51127595.99999997
2025-08-01 11:39:35 AM,1940.9,121,234848.90000000002,51362444.89999997
2025-08-01 11:39:36 AM,1941.0,0,0.0,51362444.89999997
2025-08-01 11:39:37 AM,1941.0,1,1941.0,51364385.89999997
2025-08-01 11:39:39 AM,1940.3,0,0.0,51364385.89999997
2025-08-01 11:39:41 AM,1940.3,7,13582.1,51377967.99999997
2025-08-01 11:39:43 AM,1939.5,0,0.0,51377967.99999997
2025-08-01 11:39:43 AM,1939.5,15,29092.5,51407060.49999997
2025-08-01 11:39:47 AM,1939.5,14,27153.0,51434213.49999997
2025-08-01 11:39:49 AM,1939.5,7,13576.5,51447789.99999997
2025-08-01 11:39:52 AM,1939.5,7,13576.5,51461366.49999997
2025-08-01 11:39:54 AM,1939.4,2,3878.8,51465245.29999997
2025-08-01 11:39:59 AM,1939.2,1,1939.2,51467184.49999997
2025-08-01 11:40:01 AM,1939.0,0,0.0,51467184.49999997
2025-08-01 11:40:02 AM,1939.0,25,48475.0,51515659.49999997
2025-08-01 11:40:04 AM,1938.9,3,5816.700000000001,51521476.19999997
2025-08-01 11:40:09 AM,1938.7,1,1938.7,51523414.899999976
2025-08-01 11:40:13 AM,1940.0,0,0.0,51523414.899999976
2025-08-01 11:40:14 AM,1940.0,9,17460.0,51540874.899999976
2025-08-01 11:40:19 AM,1938.9,0,0.0,51540874.899999976
2025-08-01 11:40:19 AM,1938.9,1,1938.9,51542813.799999975
2025-08-01 11:40:23 AM,1938.9,25,48472.5,51591286.299999975
2025-08-01 11:40:24 AM,1940.0,0,0.0,51591286.299999975
2025-08-01 11:40:24 AM,1940.0,13,25220.0,51616506.299999975
2025-08-01 11:40:29 AM,1939.2,2,3878.4,51620384.69999997
2025-08-01 11:40:34 AM,1939.1,0,0.0,51620384.69999997
2025-08-01 11:40:34 AM,1939.1,1,1939.1,51622323.799999975
2025-08-01 11:41:53 AM,1940.5,0,0.0,51622323.799999975
2025-08-01 11:41:54 AM,1940.5,20,38810.0,51661133.799999975
2025-08-01 11:41:55 AM,1939.2,0,0.0,51661133.799999975
2025-08-01 11:41:59 AM,1939.2,6,11635.2,51672768.99999998
2025-08-01 11:42:04 AM,1938.9,1,1938.9,51674707.899999976
2025-08-01 11:42:37 AM,1940.0,0,0.0,51674707.899999976
2025-08-01 11:42:41 AM,1940.0,10,19400.0,51694107.899999976
2025-08-01 11:42:46 AM,1940.0,1,1940.0,51696047.899999976
2025-08-01 11:43:39 AM,1940.0,200,388000.0,52084047.899999976
2025-08-01 11:43:39 AM,1940.0,18,34920.0,52118967.899999976
2025-08-01 11:43:44 AM,1940.0,44,85360.0,52204327.899999976
2025-08-01 11:43:49 AM,1940.0,10,19400.0,52223727.899999976
2025-08-01 11:43:54 AM,1940.0,5,9700.0,52233427.899999976
2025-08-01 11:43:59 AM,1940.0,1,1940.0,52235367.899999976
2025-08-01 11:47:19 AM,1940.0,106,205640.0,52441007.899999976
2025-08-01 11:47:20 AM,1940.0,14,27160.0,52468167.899999976
2025-08-01 11:47:24 AM,1940.0,16,31040.0,52499207.899999976
2025-08-01 11:47:29 AM,1940.0,4,7760.0,52506967.899999976
2025-08-01 11:47:34 AM,1940.0,1,1940.0,52508907.899999976
2025-08-01 11:47:50 AM,1939.3,0,0.0,52508907.899999976
2025-08-01 11:47:50 AM,1939.3,3,5817.9,52514725.799999975
2025-08-01 11:47:53 AM,1940.0,0,0.0,52514725.799999975
2025-08-01 11:47:55 AM,1939.1,12,23269.199999999997,52537994.99999998
2025-08-01 11:47:55 AM,1940.0,0,0.0,52537994.99999998
2025-08-01 11:47:55 AM,1940.0,2,3880.0,52541874.99999998
2025-08-01 11:47:59 AM,1939.1,0,0.0,52541874.99999998
2025-08-01 11:48:00 AM,1939.1,6,11634.599999999999,52553509.59999998
2025-08-01 11:48:01 AM,1940.0,0,0.0,52553509.59999998
2025-08-01 11:48:04 AM,1939.0,0,0.0,52553509.59999998
2025-08-01 11:48:05 AM,1939.0,5,9695.0,52563204.59999998
2025-08-01 11:48:05 AM,1939.2,1,1939.2,52565143.79999998
2025-08-01 11:48:06 AM,1940.0,0,0.0,52565143.79999998
2025-08-01 11:48:10 AM,1940.0,1,1940.0,52567083.79999998
2025-08-01 11:48:13 AM,1939.2,0,0.0,52567083.79999998
2025-08-01 11:48:15 AM,1939.2,2,3878.4,52570962.19999998
2025-08-01 11:48:18 AM,1940.1,0,0.0,52570962.19999998
2025-08-01 11:48:19 AM,1940.0,0,0.0,52570962.19999998
2025-08-01 11:48:20 AM,1940.0,3,5820.0,52576782.19999998
2025-08-01 11:50:44 AM,1940.0,16,31040.0,52607822.19999998
2025-08-01 11:50:49 AM,1939.2,3,5817.6,52613639.79999998
2025-08-01 11:50:50 AM,1939.1,0,0.0,52613639.79999998
2025-08-01 11:50:54 AM,1939.1,2,3878.2,52617517.999999985
2025-08-01 11:50:57 AM,1939.9,0,0.0,52617517.999999985
2025-08-01 11:50:59 AM,1939.0,77,149303.0,52766820.999999985
2025-08-01 11:51:00 AM,1938.9,0,0.0,52766820.999999985
2025-08-01 11:51:01 AM,1940.0,0,0.0,52766820.999999985
2025-08-01 11:51:03 AM,1939.0,19,36841.0,52803661.999999985
2025-08-01 11:51:05 AM,1940.0,0,0.0,52803661.999999985
2025-08-01 11:51:08 AM,1939.0,4,7756.0,52811417.999999985
2025-08-01 11:51:09 AM,1940.0,0,0.0,52811417.999999985
2025-08-01 11:51:12 AM,1939.1,0,0.0,52811417.999999985
2025-08-01 11:51:13 AM,1940.0,0,0.0,52811417.999999985
2025-08-01 11:51:13 AM,1939.0,11,21329.0,52832746.999999985
2025-08-01 11:51:15 AM,1940.0,0,0.0,52832746.999999985
2025-08-01 11:51:18 AM,1939.1,2,3878.2,52836625.19999999
2025-08-01 11:51:23 AM,1939.2,1,1939.2,52838564.39999999
2025-08-01 11:51:26 AM,1938.8,0,0.0,52838564.39999999
2025-08-01 11:51:28 AM,1938.8,31,60102.799999999996,52898667.19999999
2025-08-01 11:51:29 AM,1938.4,0,0.0,52898667.19999999
2025-08-01 11:51:33 AM,1938.4,3,5815.200000000001,52904482.39999999
2025-08-01 11:51:34 AM,1938.4,4,7753.6,52912235.99999999
2025-08-01 11:51:37 AM,1940.1,0,0.0,52912235.99999999
2025-08-01 11:51:38 AM,1940.1,4,7760.4,52919996.39999999
2025-08-01 11:51:38 AM,1938.4,1,1938.4,52921934.79999999
2025-08-01 11:51:41 AM,1940.0,0,0.0,52921934.79999999
2025-08-01 11:51:43 AM,1940.0,2,3880.0,52925814.79999999
2025-08-01 11:51:43 AM,1938.6,1,1938.6,52927753.39999999
2025-08-01 11:51:49 AM,1938.3,1,1938.3,52929691.69999999
2025-08-01 11:51:54 AM,1939.4,0,0.0,52929691.69999999
2025-08-01 11:51:58 AM,1939.4,1,1939.4,52931631.09999999
2025-08-01 11:52:18 AM,1939.4,59,114424.6,53046055.69999999
2025-08-01 11:52:23 AM,1939.4,2,3878.8,53049934.499999985
2025-08-01 11:52:24 AM,1939.4,10,19394.0,53069328.499999985
2025-08-01 11:52:28 AM,1939.4,1,1939.4,53071267.89999998
2025-08-01 11:52:29 AM,1939.4,2,3878.8,53075146.69999998
2025-08-01 11:52:33 AM,1939.4,6,11636.400000000001,53086783.09999998
2025-08-01 11:52:38 AM,1939.4,1,1939.4,53088722.49999998
2025-08-01 11:53:19 AM,1939.4,1,1939.4,53090661.899999976
2025-08-01 11:53:55 AM,1939.4,15,29091.0,53119752.899999976
2025-08-01 11:53:55 AM,1939.4,3,5818.200000000001,53125571.09999998
2025-08-01 11:53:59 AM,1938.0,0,0.0,53125571.09999998
2025-08-01 11:54:00 AM,1938.0,6,11628.0,53137199.09999998
2025-08-01 11:54:05 AM,1938.0,4,7752.0,53144951.09999998
2025-08-01 11:56:56 AM,1936.1,0,0.0,53144951.09999998
2025-08-01 11:56:57 AM,1936.1,247,478216.69999999995,53623167.79999998
2025-08-01 11:56:59 AM,1936.7,0,0.0,53623167.79999998
2025-08-01 11:57:00 AM,1937.5,0,0.0,53623167.79999998
2025-08-01 11:57:02 AM,1938.0,55,106590.0,53729757.79999998
2025-08-01 11:57:03 AM,1936.9,0,0.0,53729757.79999998
2025-08-01 11:57:05 AM,1938.0,0,0.0,53729757.79999998
2025-08-01 11:57:07 AM,1938.0,29,56202.0,53785959.79999998
2025-08-01 11:57:12 AM,1938.0,5,9690.0,53795649.79999998
2025-08-01 11:57:13 AM,1937.1,0,0.0,53795649.79999998
2025-08-01 11:57:14 AM,1938.0,0,0.0,53795649.79999998
2025-08-01 11:57:17 AM,1938.0,11,21318.0,53816967.79999998
2025-08-01 11:57:19 AM,1937.0,0,0.0,53816967.79999998
2025-08-01 11:57:20 AM,1938.0,0,0.0,53816967.79999998
2025-08-01 11:57:22 AM,1938.0,6,11628.0,53828595.79999998
2025-08-01 11:57:23 AM,1936.9,0,0.0,53828595.79999998
2025-08-01 11:57:27 AM,1936.9,2,3873.8,53832469.59999998
2025-08-01 11:57:31 AM,1938.0,0,0.0,53832469.59999998
2025-08-01 11:57:32 AM,1938.0,2,3876.0,53836345.59999998
2025-08-01 11:57:36 AM,1937.1,0,0.0,53836345.59999998
2025-08-01 11:57:37 AM,1938.0,9,17442.0,53853787.59999998
2025-08-01 11:57:43 AM,1936.8,0,0.0,53853787.59999998
2025-08-01 11:57:43 AM,1936.8,1,1936.8,53855724.399999976
2025-08-01 11:57:48 AM,1938.0,0,0.0,53855724.399999976
2025-08-01 11:57:48 AM,1938.0,5,9690.0,53865414.399999976
2025-08-01 11:57:49 AM,1937.1,0,0.0,53865414.399999976
2025-08-01 11:57:50 AM,1938.0,0,0.0,53865414.399999976
2025-08-01 11:57:52 AM,1938.0,3,5814.0,53871228.399999976
2025-08-01 11:57:53 AM,1937.1,0,0.0,53871228.399999976
2025-08-01 11:57:53 AM,1937.1,2,3874.2,53875102.59999998
2025-08-01 11:57:55 AM,1937.8,0,0.0,53875102.59999998
2025-08-01 11:57:57 AM,1937.8,16,31004.8,53906107.399999976
2025-08-01 11:57:58 AM,1936.9,4,7747.6,53913854.99999998
2025-08-01 11:58:00 AM,1937.8,0,0.0,53913854.99999998
2025-08-01 11:58:02 AM,1937.8,21,40693.799999999996,53954548.799999975
2025-08-01 11:58:03 AM,1937.0,0,0.0,53954548.799999975
2025-08-01 11:58:03 AM,1937.0,4,7748.0,53962296.799999975
2025-08-01 11:58:04 AM,1937.9,0,0.0,53962296.799999975
2025-08-01 11:58:06 AM,1937.1,0,0.0,53962296.799999975
2025-08-01 11:58:07 AM,1937.1,12,23245.199999999997,53985541.99999998
2025-08-01 11:58:09 AM,1937.1,4,7748.4,53993290.399999976
2025-08-01 11:58:15 AM,1937.1,2,3874.2,53997164.59999998
2025-08-01 11:58:44 AM,1938.4,0,0.0,53997164.59999998
2025-08-01 11:58:45 AM,1938.4,20,38768.0,54035932.59999998
2025-08-01 11:58:48 AM,1937.1,0,0.0,54035932.59999998
2025-08-01 11:58:50 AM,1937.1,6,11622.599999999999,54047555.19999998
2025-08-01 11:58:54 AM,1937.0,0,0.0,54047555.19999998
2025-08-01 11:58:56 AM,1937.0,1,1937.0,54049492.19999998
2025-08-01 11:58:58 AM,1938.4,0,0.0,54049492.19999998
2025-08-01 11:59:01 AM,1938.4,8,15507.2,54064999.39999998
2025-08-01 11:59:04 AM,1937.1,0,0.0,54064999.39999998
2025-08-01 11:59:06 AM,1937.1,2,3874.2,54068873.59999999
2025-08-01 11:59:33 AM,1938.0,8,15504.0,54084377.59999999
2025-08-01 11:59:34 AM,1936.9,0,0.0,54084377.59999999
2025-08-01 11:59:34 AM,1937.9,0,0.0,54084377.59999999
2025-08-01 11:59:37 AM,1937.9,5,9689.5,54094067.09999999
2025-08-01 11:59:44 AM,1936.9,0,0.0,54094067.09999999
2025-08-01 11:59:44 AM,1936.9,1,1936.9,54096003.999999985
2025-08-01 11:59:57 AM,1937.9,1,1937.9,54097941.89999998
2025-08-01 11:59:58 AM,1937.8,0,0.0,54097941.89999998
2025-08-01 12:00:00 PM,1938.0,14,27132.0,54125073.89999998
2025-08-01 12:00:05 PM,1937.3,0,0.0,54125073.89999998
2025-08-01 12:00:05 PM,1937.3,2,3874.6,54128948.499999985
2025-08-01 12:00:08 PM,1937.3,1,1937.3,54130885.79999998
2025-08-01 12:00:11 PM,1937.2,0,0.0,54130885.79999998
2025-08-01 12:00:14 PM,1937.2,2,3874.4,54134760.19999998
2025-08-01 12:00:30 PM,1940.2,0,0.0,54134760.19999998
2025-08-01 12:00:31 PM,1942.5,482,936285.0,55071045.19999998
2025-08-01 12:00:32 PM,1941.0,0,0.0,55071045.19999998
2025-08-01 12:00:34 PM,1941.0,13,25233.0,55096278.19999998
2025-08-01 12:00:37 PM,1938.7,0,0.0,55096278.19999998
2025-08-01 12:00:39 PM,1938.7,74,143463.80000000002,55239741.99999998
2025-08-01 12:00:41 PM,1938.7,3,5816.1,55245558.09999998
2025-08-01 12:00:41 PM,1938.6,0,0.0,55245558.09999998
2025-08-01 12:00:44 PM,1938.6,12,23263.199999999997,55268821.29999998
2025-08-01 12:00:47 PM,1938.4,0,0.0,55268821.29999998
2025-08-01 12:00:49 PM,1937.8,46,89138.8,55357960.09999998
2025-08-01 12:00:54 PM,1937.8,21,40693.799999999996,55398653.899999976
2025-08-01 12:00:57 PM,1937.3,0,0.0,55398653.899999976
2025-08-01 12:00:58 PM,1937.3,5,9686.5,55408340.399999976
2025-08-01 12:01:13 PM,1938.0,2,3876.0,55412216.399999976
2025-08-01 12:01:18 PM,1937.6,1,1937.6,55414153.99999998
2025-08-01 12:02:07 PM,1937.4,0,0.0,55414153.99999998
2025-08-01 12:02:07 PM,1937.4,144,278985.60000000003,55693139.59999998
2025-08-01 12:02:10 PM,1937.4,22,42622.8,55735762.399999976
2025-08-01 12:02:13 PM,1937.2,0,0.0,55735762.399999976
2025-08-01 12:02:15 PM,1937.2,15,29058.0,55764820.399999976
2025-08-01 12:02:19 PM,1936.6,0,0.0,55764820.399999976
2025-08-01 12:02:20 PM,1936.6,2,3873.2,55768693.59999998
2025-08-01 12:02:44 PM,1937.8,0,0.0,55768693.59999998
2025-08-01 12:02:46 PM,1937.8,7,13564.6,55782258.19999998
2025-08-01 12:02:48 PM,1937.6,0,0.0,55782258.19999998
2025-08-01 12:02:49 PM,1936.5,0,0.0,55782258.19999998
2025-08-01 12:02:51 PM,1936.5,8,15492.0,55797750.19999998
2025-08-01 12:02:53 PM,1936.6,0,0.0,55797750.19999998
2025-08-01 12:02:55 PM,1938.2,0,0.0,55797750.19999998
2025-08-01 12:02:56 PM,1938.2,13,25196.600000000002,55822946.79999998
2025-08-01 12:02:59 PM,1936.7,0,0.0,55822946.79999998
2025-08-01 12:03:01 PM,1936.7,2,3873.4,55826820.19999998
2025-08-01 12:03:04 PM,1937.7,0,0.0,55826820.19999998
2025-08-01 12:03:06 PM,1937.7,3,5813.1,55832633.29999998
2025-08-01 12:03:16 PM,1938.0,0,0.0,55832633.29999998
2025-08-01 12:03:17 PM,1938.0,1,1938.0,55834571.29999998
2025-08-01 12:04:20 PM,1938.0,5,9690.0,55844261.29999998
2025-08-01 12:04:23 PM,1937.2,0,0.0,55844261.29999998
2025-08-01 12:04:25 PM,1937.2,1,1937.2,55846198.499999985
2025-08-01 12:04:56 PM,1938.0,0,0.0,55846198.499999985
2025-08-01 12:04:57 PM,1938.0,8,15504.0,55861702.499999985
2025-08-01 12:05:04 PM,1937.0,0,0.0,55861702.499999985
2025-08-01 12:05:06 PM,1937.0,2,3874.0,55865576.499999985
2025-08-01 12:05:08 PM,1940.2,0,0.0,55865576.499999985
2025-08-01 12:05:10 PM,1940.0,0,0.0,55865576.499999985
2025-08-01 12:05:11 PM,1940.0,929,1802260.0,57667836.499999985
2025-08-01 12:05:13 PM,1940.0,29,56260.0,57724096.499999985
2025-08-01 12:05:16 PM,1940.0,29,56260.0,57780356.499999985
2025-08-01 12:05:18 PM,1940.0,223,432620.0,58212976.499999985
2025-08-01 12:05:21 PM,1940.0,83,161020.0,58373996.499999985
2025-08-01 12:05:23 PM,1940.0,55,106700.0,58480696.499999985
2025-08-01 12:05:26 PM,1940.0,77,149380.0,58630076.499999985
2025-08-01 12:05:31 PM,1940.0,20,38800.0,58668876.499999985
2025-08-01 12:05:32 PM,1940.0,21,40740.0,58709616.499999985
2025-08-01 12:05:36 PM,1940.0,14,27160.0,58736776.499999985
2025-08-01 12:05:38 PM,1940.1,0,0.0,58736776.499999985
2025-08-01 12:05:38 PM,1940.0,0,0.0,58736776.499999985
2025-08-01 12:05:41 PM,1940.0,25,48500.0,58785276.499999985
2025-08-01 12:05:46 PM,1940.0,4,7760.0,58793036.499999985
2025-08-01 12:05:56 PM,1940.0,22,42680.0,58835716.499999985
2025-08-01 12:05:57 PM,1940.0,16,31040.0,58866756.499999985
2025-08-01 12:06:01 PM,1940.0,4,7760.0,58874516.499999985
2025-08-01 12:06:07 PM,1940.0,10,19400.0,58893916.499999985
2025-08-01 12:06:11 PM,1940.0,1,1940.0,58895856.499999985
2025-08-01 12:06:16 PM,1940.0,1,1940.0,58897796.499999985
2025-08-01 12:06:42 PM,1940.1,0,0.0,58897796.499999985
2025-08-01 12:06:45 PM,1940.1,10,19401.0,58917197.499999985
2025-08-01 12:06:48 PM,1940.0,0,0.0,58917197.499999985
2025-08-01 12:06:50 PM,1940.0,11,21340.0,58938537.499999985
2025-08-01 12:06:55 PM,1940.0,1,1940.0,58940477.499999985
2025-08-01 12:07:00 PM,1940.0,1,1940.0,58942417.499999985
2025-08-01 12:07:06 PM,1940.0,1,1940.0,58944357.499999985
2025-08-01 12:07:36 PM,1940.0,1,1940.0,58946297.499999985
2025-08-01 12:07:42 PM,1938.7,6,11632.2,58957929.69999999
2025-08-01 12:07:48 PM,1938.1,0,0.0,58957929.69999999
2025-08-01 12:07:51 PM,1938.1,1,1938.1,58959867.79999999
2025-08-01 12:08:11 PM,1939.0,1,1939.0,58961806.79999999
2025-08-01 12:08:12 PM,1940.1,0,0.0,58961806.79999999
2025-08-01 12:08:16 PM,1940.1,200,388020.0,59349826.79999999
2025-08-01 12:08:16 PM,1940.8,0,0.0,59349826.79999999
2025-08-01 12:08:17 PM,1940.8,2,3881.6,59353708.39999999
2025-08-01 12:08:22 PM,1939.5,11,21334.5,59375042.89999999
2025-08-01 12:08:28 PM,1938.3,0,0.0,59375042.89999999
2025-08-01 12:08:30 PM,1938.5,0,0.0,59375042.89999999
2025-08-01 12:08:31 PM,1938.5,32,62032.0,59437074.89999999
2025-08-01 12:08:32 PM,1938.6,5,9693.0,59446767.89999999
2025-08-01 12:08:36 PM,1938.6,5,9693.0,59456460.89999999
2025-08-01 12:08:36 PM,1938.8,0,0.0,59456460.89999999
2025-08-01 12:08:36 PM,1938.8,3,5816.4,59462277.29999999
2025-08-01 12:08:41 PM,1938.0,2,3876.0,59466153.29999999
2025-08-01 12:08:46 PM,1938.0,8,15504.0,59481657.29999999
2025-08-01 12:08:51 PM,1938.0,3,5814.0,59487471.29999999
2025-08-01 12:08:54 PM,1937.7,0,0.0,59487471.29999999
2025-08-01 12:08:56 PM,1940.0,134,259960.0,59747431.29999999
2025-08-01 12:09:01 PM,1940.0,90,174600.0,59922031.29999999
2025-08-01 12:09:06 PM,1940.0,134,259960.0,60181991.29999999
2025-08-01 12:09:11 PM,1940.0,46,89240.0,60271231.29999999
2025-08-01 12:09:16 PM,1940.0,7,13580.0,60284811.29999999
2025-08-01 12:09:21 PM,1940.0,1,1940.0,60286751.29999999
2025-08-01 12:09:36 PM,1940.1,0,0.0,60286751.29999999
2025-08-01 12:09:41 PM,1940.1,4,7760.4,60294511.69999999
2025-08-01 12:09:44 PM,1940.0,0,0.0,60294511.69999999
2025-08-01 12:09:45 PM,1940.0,3,5820.0,60300331.69999999
2025-08-01 12:09:50 PM,1940.0,1,1940.0,60302271.69999999
2025-08-01 12:10:00 PM,1940.0,1,1940.0,60304211.69999999
2025-08-01 12:10:38 PM,1938.2,0,0.0,60304211.69999999
2025-08-01 12:10:41 PM,1939.2,5,9696.0,60313907.69999999
2025-08-01 12:10:42 PM,1937.6,0,0.0,60313907.69999999
2025-08-01 12:10:44 PM,1938.7,0,0.0,60313907.69999999
2025-08-01 12:10:46 PM,1938.7,20,38774.0,60352681.69999999
2025-08-01 12:10:48 PM,1938.2,0,0.0,60352681.69999999
2025-08-01 12:10:51 PM,1938.2,3,5814.6,60358496.29999999
2025-08-01 12:11:34 PM,1940.9,0,0.0,60358496.29999999
2025-08-01 12:11:35 PM,1940.9,200,388180.0,60746676.29999999
2025-08-01 12:11:36 PM,1938.4,0,0.0,60746676.29999999
2025-08-01 12:11:40 PM,1938.4,5,9692.0,60756368.29999999
2025-08-01 12:11:44 PM,1938.2,0,0.0,60756368.29999999
2025-08-01 12:11:45 PM,1938.2,43,83342.6,60839710.89999999
2025-08-01 12:11:46 PM,1938.6,0,0.0,60839710.89999999
2025-08-01 12:11:50 PM,1938.6,10,19386.0,60859096.89999999
2025-08-01 12:11:55 PM,1938.6,2,3877.2,60862974.099999994
2025-08-01 12:11:56 PM,1938.5,0,0.0,60862974.099999994
2025-08-01 12:11:59 PM,1938.5,16,31016.0,60893990.099999994
2025-08-01 12:12:04 PM,1938.5,3,5815.5,60899805.599999994
2025-08-01 12:12:56 PM,1938.1,0,0.0,60899805.599999994
2025-08-01 12:13:00 PM,1938.1,3,5814.299999999999,60905619.89999999
2025-08-01 12:13:04 PM,1938.0,0,0.0,60905619.89999999
2025-08-01 12:13:06 PM,1938.0,1,1938.0,60907557.89999999
2025-08-01 12:13:40 PM,1938.0,1,1938.0,60909495.89999999
2025-08-01 12:13:44 PM,1939.8,0,0.0,60909495.89999999
2025-08-01 12:13:45 PM,1939.8,42,81471.59999999999,60990967.49999999
2025-08-01 12:13:46 PM,1938.2,0,0.0,60990967.49999999
2025-08-01 12:13:50 PM,1938.2,10,19382.0,61010349.49999999
2025-08-01 12:13:54 PM,1938.6,0,0.0,61010349.49999999
2025-08-01 12:13:55 PM,1938.6,2,3877.2,61014226.699999996
2025-08-01 12:14:22 PM,1940.0,0,0.0,61014226.699999996
2025-08-01 12:14:25 PM,1940.0,5,9700.0,61023926.699999996
2025-08-01 12:14:32 PM,1938.6,0,0.0,61023926.699999996
2025-08-01 12:14:34 PM,1938.6,1,1938.6,61025865.3
2025-08-01 12:15:30 PM,1940.0,0,0.0,61025865.3
2025-08-01 12:15:31 PM,1940.0,5,9700.0,61035565.3
2025-08-01 12:15:36 PM,1940.0,5,9700.0,61045265.3
2025-08-01 12:15:46 PM,1940.0,3,5820.0,61051085.3
2025-08-01 12:15:48 PM,1939.4,0,0.0,61051085.3
2025-08-01 12:15:52 PM,1939.4,1,1939.4,61053024.699999996
2025-08-01 12:16:08 PM,1940.3,0,0.0,61053024.699999996
2025-08-01 12:16:11 PM,1940.3,5,9701.5,61062726.199999996
2025-08-01 12:16:14 PM,1939.4,0,0.0,61062726.199999996
2025-08-01 12:16:16 PM,1939.4,1,1939.4,61064665.599999994
2025-08-01 12:16:30 PM,1940.0,0,0.0,61064665.599999994
2025-08-01 12:16:31 PM,1940.0,1,1940.0,61066605.599999994
2025-08-01 12:16:31 PM,1939.7,5,9698.5,61076304.099999994
2025-08-01 12:16:34 PM,1939.8,0,0.0,61076304.099999994
2025-08-01 12:16:36 PM,1939.8,1,1939.8,61078243.89999999
