date,price,qty,trnvr,cum_trnvr
2025-08-01 09:15:07 AM,29.63,112789,3341938.07,3341938.07
2025-08-01 09:15:09 AM,29.56,4238,125275.28,3467213.3499999996
2025-08-01 09:15:15 AM,29.62,0,0.0,3467213.3499999996
2025-08-01 09:15:19 AM,29.56,1208,35708.479999999996,3502921.8299999996
2025-08-01 09:15:20 AM,29.63,679,20118.77,3523040.5999999996
2025-08-01 09:15:24 AM,29.68,0,0.0,3523040.5999999996
2025-08-01 09:15:26 AM,29.64,0,0.0,3523040.5999999996
2025-08-01 09:15:28 AM,29.63,25273,748838.99,4271879.59
2025-08-01 09:15:29 AM,29.68,516,15314.88,4287194.47
2025-08-01 09:15:36 AM,29.65,3257,96570.04999999999,4383764.52
2025-08-01 09:15:38 AM,29.68,1000,29680.0,4413444.52
2025-08-01 09:15:44 AM,29.71,0,0.0,4413444.52
2025-08-01 09:15:45 AM,29.71,1674,49734.54,4463179.06
2025-08-01 09:15:48 AM,29.72,0,0.0,4463179.06
2025-08-01 09:15:51 AM,29.71,0,0.0,4463179.06
2025-08-01 09:15:53 AM,29.71,337,10012.27,4473191.329999999
2025-08-01 09:15:55 AM,29.72,1001,29749.719999999998,4502941.049999999
2025-08-01 09:16:01 AM,29.58,29891,884175.7799999999,5387116.829999999
2025-08-01 09:16:05 AM,29.6,0,0.0,5387116.829999999
2025-08-01 09:16:09 AM,29.56,6830,201894.8,5589011.629999999
2025-08-01 09:16:11 AM,29.58,22127,654516.6599999999,6243528.289999999
2025-08-01 09:16:17 AM,29.58,1815,53687.7,6297215.989999999
2025-08-01 09:16:19 AM,29.56,25668,758746.08,7055962.069999999
2025-08-01 09:16:23 AM,29.58,0,0.0,7055962.069999999
2025-08-01 09:16:26 AM,29.61,3124,92501.64,7148463.709999999
2025-08-01 09:16:27 AM,29.58,500,14790.0,7163253.709999999
2025-08-01 09:16:33 AM,29.54,0,0.0,7163253.709999999
2025-08-01 09:16:34 AM,29.54,4012,118514.48,7281768.1899999995
2025-08-01 09:16:35 AM,29.54,390,11520.6,7293288.789999999
2025-08-01 09:16:41 AM,29.6,0,0.0,7293288.789999999
2025-08-01 09:16:42 AM,29.6,2265,67044.0,7360332.789999999
2025-08-01 09:16:50 AM,29.53,20250,597982.5,7958315.289999999
2025-08-01 09:16:51 AM,29.59,0,0.0,7958315.289999999
2025-08-01 09:16:52 AM,29.59,2,59.18,7958374.469999999
2025-08-01 09:16:59 AM,29.6,11544,341702.4,8300076.869999999
2025-08-01 09:17:00 AM,29.6,80,2368.0,8302444.869999999
2025-08-01 09:17:01 AM,29.59,0,0.0,8302444.869999999
2025-08-01 09:17:07 AM,29.63,8738,258906.94,8561351.809999999
2025-08-01 09:17:09 AM,29.64,0,0.0,8561351.809999999
2025-08-01 09:17:11 AM,29.61,0,0.0,8561351.809999999
2025-08-01 09:17:15 AM,29.61,3277,97031.97,8658383.78
2025-08-01 09:17:20 AM,29.66,0,0.0,8658383.78
2025-08-01 09:17:23 AM,29.65,2020,59893.0,8718276.78
2025-08-01 09:17:28 AM,29.66,0,0.0,8718276.78
2025-08-01 09:17:31 AM,29.73,37855,1125429.15,9843705.93
2025-08-01 09:17:32 AM,29.72,334,9926.48,9853632.41
2025-08-01 09:17:34 AM,29.73,0,0.0,9853632.41
2025-08-01 09:17:36 AM,29.7,0,0.0,9853632.41
2025-08-01 09:17:40 AM,29.71,1011,30036.81,9883669.22
2025-08-01 09:17:41 AM,29.71,5358,159186.18,10042855.4
2025-08-01 09:17:43 AM,29.69,0,0.0,10042855.4
2025-08-01 09:17:45 AM,29.7,0,0.0,10042855.4
2025-08-01 09:17:48 AM,29.7,5034,149509.8,10192365.200000001
2025-08-01 09:17:52 AM,29.69,0,0.0,10192365.200000001
2025-08-01 09:17:54 AM,29.71,0,0.0,10192365.200000001
2025-08-01 09:17:56 AM,29.7,17958,533352.6,10725717.8
2025-08-01 09:17:57 AM,29.73,7352,218574.96,10944292.760000002
2025-08-01 09:18:00 AM,29.76,0,0.0,10944292.760000002
2025-08-01 09:18:03 AM,29.75,0,0.0,10944292.760000002
2025-08-01 09:18:05 AM,29.75,5055,150386.25,11094679.010000002
2025-08-01 09:18:06 AM,29.77,11,327.46999999999997,11095006.480000002
2025-08-01 09:18:08 AM,29.8,0,0.0,11095006.480000002
2025-08-01 09:18:13 AM,29.81,41391,1233865.71,12328872.190000001
2025-08-01 09:18:21 AM,29.8,1,29.8,12328901.990000002
2025-08-01 09:18:23 AM,29.8,11,327.8,12329229.790000003
2025-08-01 09:18:29 AM,29.8,1211,36087.8,12365317.590000004
2025-08-01 09:18:38 AM,29.76,668,19879.68,12385197.270000003
2025-08-01 09:18:40 AM,29.8,0,0.0,12385197.270000003
2025-08-01 09:18:46 AM,29.77,5732,170641.63999999998,12555838.910000004
2025-08-01 09:18:48 AM,29.79,0,0.0,12555838.910000004
2025-08-01 09:18:54 AM,29.79,95,2830.0499999999997,12558668.960000005
2025-08-01 09:18:55 AM,29.78,253,7534.34,12566203.300000004
2025-08-01 09:18:58 AM,29.79,0,0.0,12566203.300000004
2025-08-01 09:19:02 AM,29.79,334,9949.86,12576153.160000004
2025-08-01 09:19:07 AM,29.84,0,0.0,12576153.160000004
2025-08-01 09:19:10 AM,29.8,20150,600470.0,13176623.160000004
2025-08-01 09:19:20 AM,29.81,0,0.0,13176623.160000004
2025-08-01 09:19:21 AM,29.84,0,0.0,13176623.160000004
2025-08-01 09:19:26 AM,29.84,7846,234124.63999999998,13410747.800000004
2025-08-01 09:19:34 AM,29.83,0,0.0,13410747.800000004
2025-08-01 09:19:34 AM,29.83,1187,35408.21,13446156.010000005
2025-08-01 09:19:37 AM,29.8,0,0.0,13446156.010000005
2025-08-01 09:19:42 AM,29.83,0,0.0,13446156.010000005
2025-08-01 09:19:43 AM,29.83,375,11186.25,13457342.260000005
2025-08-01 09:19:44 AM,29.83,13,387.78999999999996,13457730.050000004
2025-08-01 09:19:51 AM,29.83,402,11991.66,13469721.710000005
2025-08-01 09:19:52 AM,29.84,1,29.84,13469751.550000004
2025-08-01 09:19:58 AM,29.85,0,0.0,13469751.550000004
2025-08-01 09:19:58 AM,29.85,3179,94893.15000000001,13564644.700000005
2025-08-01 09:20:00 AM,29.84,1,29.84,13564674.540000005
2025-08-01 09:20:06 AM,29.84,2012,60038.08,13624712.620000005
2025-08-01 09:20:08 AM,29.82,431,12852.42,13637565.040000005
2025-08-01 09:20:13 AM,29.81,0,0.0,13637565.040000005
2025-08-01 09:20:14 AM,29.83,0,0.0,13637565.040000005
2025-08-01 09:20:14 AM,29.83,651,19419.329999999998,13656984.370000005
2025-08-01 09:20:16 AM,29.83,388,11574.039999999999,13668558.410000004
2025-08-01 09:20:22 AM,29.81,0,0.0,13668558.410000004
2025-08-01 09:20:22 AM,29.81,2356,70232.36,13738790.770000003
2025-08-01 09:20:30 AM,29.81,34,1013.54,13739804.310000002
2025-08-01 09:20:32 AM,29.81,83,2474.23,13742278.540000003
2025-08-01 09:20:33 AM,29.84,0,0.0,13742278.540000003
2025-08-01 09:20:38 AM,29.84,7438,221949.92,13964228.460000003
2025-08-01 09:20:46 AM,29.84,376,11219.84,13975448.300000003
2025-08-01 09:20:47 AM,29.8,5561,165717.80000000002,14141166.100000003
2025-08-01 09:20:54 AM,29.8,2,59.6,14141225.700000003
2025-08-01 09:20:58 AM,29.81,0,0.0,14141225.700000003
2025-08-01 09:21:01 AM,29.81,1723,51362.63,14192588.330000004
2025-08-01 09:21:05 AM,29.78,0,0.0,14192588.330000004
2025-08-01 09:21:07 AM,29.79,0,0.0,14192588.330000004
2025-08-01 09:21:09 AM,29.79,3541,105486.39,14298074.720000004
2025-08-01 09:21:10 AM,29.77,2,59.54,14298134.260000004
2025-08-01 09:21:17 AM,29.75,5059,150505.25,14448639.510000004
2025-08-01 09:21:18 AM,29.75,1,29.75,14448669.260000004
2025-08-01 09:21:19 AM,29.77,0,0.0,14448669.260000004
2025-08-01 09:21:25 AM,29.76,4418,131479.68,14580148.940000003
2025-08-01 09:21:26 AM,29.77,16811,500463.47,15080612.410000004
2025-08-01 09:21:28 AM,29.79,0,0.0,15080612.410000004
2025-08-01 09:21:33 AM,29.75,11388,338793.0,15419405.410000004
2025-08-01 09:21:35 AM,29.76,0,0.0,15419405.410000004
2025-08-01 09:21:40 AM,29.76,1691,50324.16,15469729.570000004
2025-08-01 09:21:45 AM,29.78,0,0.0,15469729.570000004
2025-08-01 09:21:48 AM,29.74,3543,105368.81999999999,15575098.390000004
2025-08-01 09:21:48 AM,29.72,0,0.0,15575098.390000004
2025-08-01 09:21:49 AM,29.72,1,29.72,15575128.110000005
2025-08-01 09:21:54 AM,29.74,0,0.0,15575128.110000005
2025-08-01 09:21:56 AM,29.75,302,8984.5,15584112.610000005
2025-08-01 09:22:03 AM,29.75,1,29.75,15584142.360000005
2025-08-01 09:22:04 AM,29.75,1,29.75,15584172.110000005
2025-08-01 09:22:08 AM,29.78,0,0.0,15584172.110000005
2025-08-01 09:22:11 AM,29.78,12202,363375.56,15947547.670000006
2025-08-01 09:22:12 AM,29.77,928,27626.56,15975174.230000006
2025-08-01 09:22:18 AM,29.75,793,23591.75,15998765.980000006
2025-08-01 09:22:26 AM,29.78,505,15038.900000000001,16013804.880000006
2025-08-01 09:22:34 AM,29.77,1676,49894.52,16063699.400000006
2025-08-01 09:22:35 AM,29.78,700,20846.0,16084545.400000006
2025-08-01 09:22:41 AM,29.75,515,15321.25,16099866.650000006
2025-08-01 09:22:48 AM,29.77,0,0.0,16099866.650000006
2025-08-01 09:22:49 AM,29.77,440,13098.8,16112965.450000007
2025-08-01 09:22:56 AM,29.77,3,89.31,16113054.760000007
2025-08-01 09:23:03 AM,29.75,0,0.0,16113054.760000007
2025-08-01 09:23:04 AM,29.77,430,12801.1,16125855.860000007
2025-08-01 09:23:08 AM,29.78,0,0.0,16125855.860000007
2025-08-01 09:23:09 AM,29.77,0,0.0,16125855.860000007
2025-08-01 09:23:12 AM,29.77,352,10479.039999999999,16136334.900000006
2025-08-01 09:23:19 AM,29.77,350,10419.5,16146754.400000006
2025-08-01 09:23:21 AM,29.76,3657,108832.32,16255586.720000006
2025-08-01 09:23:22 AM,29.77,0,0.0,16255586.720000006
2025-08-01 09:23:27 AM,29.76,511,15207.36,16270794.080000006
2025-08-01 09:23:42 AM,29.76,6190,184214.40000000002,16455008.480000006
2025-08-01 09:23:44 AM,29.78,3,89.34,16455097.820000006
2025-08-01 09:23:51 AM,29.77,50,1488.5,16456586.320000006
2025-08-01 09:23:54 AM,29.78,0,0.0,16456586.320000006
2025-08-01 09:23:57 AM,29.78,8,238.24,16456824.560000006
2025-08-01 09:23:59 AM,29.78,100,2978.0,16459802.560000006
2025-08-01 09:24:05 AM,29.78,1,29.78,16459832.340000005
2025-08-01 09:24:14 AM,29.78,15,446.70000000000005,16460279.040000005
2025-08-01 09:24:21 AM,29.78,1190,35438.200000000004,16495717.240000004
2025-08-01 09:24:22 AM,29.78,100,2978.0,16498695.240000004
2025-08-01 09:24:30 AM,29.78,1,29.78,16498725.020000003
2025-08-01 09:24:36 AM,29.78,194,5777.320000000001,16504502.340000004
2025-08-01 09:24:37 AM,29.78,1001,29809.780000000002,16534312.120000003
2025-08-01 09:24:43 AM,29.78,1833,54586.740000000005,16588898.860000003
2025-08-01 09:24:45 AM,29.78,10,297.8,16589196.660000004
2025-08-01 09:24:51 AM,29.78,40,1191.2,16590387.860000003
2025-08-01 09:24:51 AM,29.76,0,0.0,16590387.860000003
2025-08-01 09:24:53 AM,29.78,68,2025.04,16592412.900000002
2025-08-01 09:24:57 AM,29.76,0,0.0,16592412.900000002
2025-08-01 09:24:58 AM,29.76,10470,311587.2,16904000.1
2025-08-01 09:25:00 AM,29.76,14,416.64000000000004,16904416.740000002
2025-08-01 09:25:13 AM,29.76,100,2976.0,16907392.740000002
2025-08-01 09:25:18 AM,29.74,0,0.0,16907392.740000002
2025-08-01 09:25:19 AM,29.75,0,0.0,16907392.740000002
2025-08-01 09:25:20 AM,29.75,2783,82794.25,16990186.990000002
2025-08-01 09:25:23 AM,29.76,0,0.0,16990186.990000002
2025-08-01 09:25:24 AM,29.77,0,0.0,16990186.990000002
2025-08-01 09:25:28 AM,29.76,3062,91125.12000000001,17081312.110000003
2025-08-01 09:25:29 AM,29.75,0,0.0,17081312.110000003
2025-08-01 09:25:30 AM,29.75,333,9906.75,17091218.860000003
2025-08-01 09:25:35 AM,29.75,8480,252280.0,17343498.860000003
2025-08-01 09:25:38 AM,29.75,50,1487.5,17344986.360000003
2025-08-01 09:25:41 AM,29.76,0,0.0,17344986.360000003
2025-08-01 09:25:43 AM,29.76,1037,30861.120000000003,17375847.480000004
2025-08-01 09:25:58 AM,29.76,790,23510.4,17399357.880000003
2025-08-01 09:26:00 AM,29.76,10,297.6,17399655.480000004
2025-08-01 09:26:06 AM,29.76,1,29.76,17399685.240000006
2025-08-01 09:26:08 AM,29.76,855,25444.800000000003,17425130.040000007
2025-08-01 09:26:12 AM,29.71,0,0.0,17425130.040000007
2025-08-01 09:26:13 AM,29.71,28778,854994.38,18280124.420000006
2025-08-01 09:26:18 AM,29.72,0,0.0,18280124.420000006
2025-08-01 09:26:21 AM,29.71,831,24689.010000000002,18304813.430000007
2025-08-01 09:26:29 AM,29.7,5249,155895.3,18460708.730000008
2025-08-01 09:26:30 AM,29.71,0,0.0,18460708.730000008
2025-08-01 09:26:31 AM,29.71,17427,517756.17000000004,18978464.90000001
2025-08-01 09:26:34 AM,29.72,0,0.0,18978464.90000001
2025-08-01 09:26:36 AM,29.74,0,0.0,18978464.90000001
2025-08-01 09:26:37 AM,29.74,758,22542.92,19001007.82000001
2025-08-01 09:26:42 AM,29.72,0,0.0,19001007.82000001
2025-08-01 09:26:44 AM,29.72,1500,44580.0,19045587.82000001
2025-08-01 09:26:48 AM,29.73,0,0.0,19045587.82000001
2025-08-01 09:26:52 AM,29.74,15,446.09999999999997,19046033.920000013
2025-08-01 09:26:59 AM,29.73,45,1337.85,19047371.770000014
2025-08-01 09:27:07 AM,29.73,179,5321.67,19052693.440000016
2025-08-01 09:27:14 AM,29.71,3,89.13,19052782.570000015
2025-08-01 09:27:15 AM,29.72,0,0.0,19052782.570000015
2025-08-01 09:27:15 AM,29.72,50,1486.0,19054268.570000015
2025-08-01 09:27:19 AM,29.73,0,0.0,19054268.570000015
2025-08-01 09:27:21 AM,29.73,161,4786.53,19059055.100000016
2025-08-01 09:27:29 AM,29.73,400,11892.0,19070947.100000016
2025-08-01 09:27:38 AM,29.73,25,743.25,19071690.350000016
2025-08-01 09:27:44 AM,29.73,380,11297.4,19082987.750000015
2025-08-01 09:27:53 AM,29.73,338,10048.74,19093036.490000013
2025-08-01 09:27:59 AM,29.72,200,5944.0,19098980.490000013
2025-08-01 09:28:01 AM,29.72,50,1486.0,19100466.490000013
2025-08-01 09:28:05 AM,29.73,0,0.0,19100466.490000013
2025-08-01 09:28:07 AM,29.73,2311,68706.03,19169172.520000014
2025-08-01 09:28:12 AM,29.72,0,0.0,19169172.520000014
2025-08-01 09:28:15 AM,29.73,315,9364.95,19178537.470000014
2025-08-01 09:28:22 AM,29.73,1,29.73,19178567.200000014
2025-08-01 09:28:29 AM,29.72,0,0.0,19178567.200000014
2025-08-01 09:28:30 AM,29.72,382,11353.039999999999,19189920.240000013
2025-08-01 09:28:34 AM,29.73,0,0.0,19189920.240000013
2025-08-01 09:28:38 AM,29.73,103,3062.19,19192982.430000015
2025-08-01 09:28:45 AM,29.72,5623,167115.56,19360097.990000013
2025-08-01 09:28:46 AM,29.72,50,1486.0,19361583.990000013
2025-08-01 09:28:53 AM,29.72,3,89.16,19361673.150000013
2025-08-01 09:28:54 AM,29.72,50,1486.0,19363159.150000013
2025-08-01 09:29:00 AM,29.75,14476,430661.0,19793820.150000013
2025-08-01 09:29:07 AM,29.74,0,0.0,19793820.150000013
2025-08-01 09:29:08 AM,29.73,1651,49084.23,19842904.380000014
2025-08-01 09:29:19 AM,29.72,0,0.0,19842904.380000014
2025-08-01 09:29:23 AM,29.72,26,772.72,19843677.100000013
2025-08-01 09:29:28 AM,29.73,0,0.0,19843677.100000013
2025-08-01 09:29:31 AM,29.73,30,891.9,19844569.00000001
2025-08-01 09:29:32 AM,29.71,1003,29799.13,19874368.13000001
2025-08-01 09:29:38 AM,29.73,1553,46170.69,19920538.82000001
2025-08-01 09:29:46 AM,29.73,3641,108246.93000000001,20028785.75000001
2025-08-01 09:29:47 AM,29.73,1,29.73,20028815.48000001
2025-08-01 09:29:53 AM,29.74,3,89.22,20028904.70000001
2025-08-01 09:29:59 AM,29.73,0,0.0,20028904.70000001
2025-08-01 09:30:01 AM,29.73,153,4548.6900000000005,20033453.39000001
2025-08-01 09:30:08 AM,29.7,5941,176447.69999999998,20209901.09000001
2025-08-01 09:30:17 AM,29.69,274,8135.06,20218036.15000001
2025-08-01 09:30:23 AM,29.7,3653,108494.09999999999,20326530.25000001
2025-08-01 09:30:31 AM,29.69,410,12172.9,20338703.15000001
2025-08-01 09:30:35 AM,29.68,0,0.0,20338703.15000001
2025-08-01 09:30:38 AM,29.68,904,26830.72,20365533.87000001
2025-08-01 09:30:45 AM,29.68,356,10566.08,20376099.950000007
2025-08-01 09:30:53 AM,29.68,233,6915.44,20383015.390000008
2025-08-01 09:31:00 AM,29.68,53,1573.04,20384588.430000007
2025-08-01 09:31:06 AM,29.67,0,0.0,20384588.430000007
2025-08-01 09:31:08 AM,29.67,862,25575.54,20410163.970000006
2025-08-01 09:31:08 AM,29.66,101,2995.66,20413159.630000006
2025-08-01 09:31:10 AM,29.67,0,0.0,20413159.630000006
2025-08-01 09:31:15 AM,29.67,1806,53584.020000000004,20466743.650000006
2025-08-01 09:31:21 AM,29.68,0,0.0,20466743.650000006
2025-08-01 09:31:22 AM,29.68,1550,46004.0,20512747.650000006
2025-08-01 09:31:30 AM,29.68,8,237.44,20512985.090000007
2025-08-01 09:31:30 AM,29.68,524,15552.32,20528537.410000008
2025-08-01 09:31:37 AM,29.67,1054,31272.18,20559809.590000007
2025-08-01 09:31:41 AM,29.68,0,0.0,20559809.590000007
2025-08-01 09:31:44 AM,29.68,6,178.07999999999998,20559987.670000006
2025-08-01 09:31:51 AM,29.68,24,712.3199999999999,20560699.990000006
2025-08-01 09:31:51 AM,29.7,7,207.9,20560907.890000004
2025-08-01 09:31:56 AM,29.68,0,0.0,20560907.890000004
2025-08-01 09:31:58 AM,29.68,233,6915.44,20567823.330000006
2025-08-01 09:32:02 AM,29.69,0,0.0,20567823.330000006
2025-08-01 09:32:05 AM,29.69,5,148.45000000000002,20567971.780000005
2025-08-01 09:32:05 AM,29.68,283,8399.44,20576371.220000006
2025-08-01 09:32:12 AM,29.68,356,10566.08,20586937.300000004
2025-08-01 09:32:26 AM,29.68,5037,149498.16,20736435.460000005
2025-08-01 09:32:31 AM,29.7,0,0.0,20736435.460000005
2025-08-01 09:32:32 AM,29.7,4,118.8,20736554.260000005
2025-08-01 09:32:37 AM,29.69,0,0.0,20736554.260000005
2025-08-01 09:32:39 AM,29.7,34,1009.8,20737564.060000006
2025-08-01 09:32:47 AM,29.69,235,6977.150000000001,20744541.210000005
2025-08-01 09:32:54 AM,29.68,4752,141039.36,20885580.570000004
2025-08-01 09:33:00 AM,29.7,50,1485.0,20887065.570000004
2025-08-01 09:33:07 AM,29.71,0,0.0,20887065.570000004
2025-08-01 09:33:07 AM,29.71,3201,95101.71,20982167.280000005
2025-08-01 09:33:13 AM,29.7,0,0.0,20982167.280000005
2025-08-01 09:33:14 AM,29.7,16,475.2,20982642.480000004
2025-08-01 09:33:18 AM,29.68,0,0.0,20982642.480000004
2025-08-01 09:33:21 AM,29.7,133,3950.1,20986592.580000006
2025-08-01 09:33:28 AM,29.7,346,10276.199999999999,20996868.780000005
2025-08-01 09:33:33 AM,29.76,0,0.0,20996868.780000005
2025-08-01 09:33:33 AM,29.75,0,0.0,20996868.780000005
2025-08-01 09:33:35 AM,29.75,7914,235441.5,21232310.280000005
2025-08-01 09:33:38 AM,29.74,0,0.0,21232310.280000005
2025-08-01 09:33:42 AM,29.74,625,18587.5,21250897.780000005
2025-08-01 09:33:43 AM,29.76,0,0.0,21250897.780000005
2025-08-01 09:33:49 AM,29.76,46,1368.96,21252266.740000006
2025-08-01 09:33:56 AM,29.76,1034,30771.84,21283038.580000006
2025-08-01 09:33:57 AM,29.77,0,0.0,21283038.580000006
2025-08-01 09:34:03 AM,29.77,5561,165550.97,21448589.550000004
2025-08-01 09:34:03 AM,29.8,0,0.0,21448589.550000004
2025-08-01 09:34:08 AM,29.79,0,0.0,21448589.550000004
2025-08-01 09:34:10 AM,29.79,2051,61099.29,21509688.840000004
2025-08-01 09:34:13 AM,29.8,0,0.0,21509688.840000004
2025-08-01 09:34:17 AM,29.8,502,14959.6,21524648.440000005
2025-08-01 09:34:18 AM,29.81,0,0.0,21524648.440000005
2025-08-01 09:34:22 AM,29.79,0,0.0,21524648.440000005
2025-08-01 09:34:24 AM,29.8,2635,78523.0,21603171.440000005
2025-08-01 09:34:31 AM,29.8,1382,41183.6,21644355.040000007
2025-08-01 09:34:38 AM,29.8,187,5572.6,21649927.640000008
2025-08-01 09:34:45 AM,29.8,2,59.6,21649987.24000001
2025-08-01 09:34:48 AM,29.78,0,0.0,21649987.24000001
2025-08-01 09:34:51 AM,29.79,0,0.0,21649987.24000001
2025-08-01 09:34:52 AM,29.79,1671,49779.09,21699766.33000001
2025-08-01 09:34:52 AM,29.79,100,2979.0,21702745.33000001
2025-08-01 09:34:59 AM,29.79,15,446.84999999999997,21703192.18000001
2025-08-01 09:35:05 AM,29.78,270,8040.6,21711232.780000012
2025-08-01 09:35:06 AM,29.77,101,3006.77,21714239.550000012
2025-08-01 09:35:20 AM,29.77,26,774.02,21715013.57000001
2025-08-01 09:35:27 AM,29.75,30,892.5,21715906.07000001
2025-08-01 09:35:32 AM,29.76,0,0.0,21715906.07000001
2025-08-01 09:35:34 AM,29.76,5900,175584.0,21891490.07000001
2025-08-01 09:35:37 AM,29.77,0,0.0,21891490.07000001
2025-08-01 09:35:41 AM,29.76,167,4969.92,21896459.990000013
2025-08-01 09:35:54 AM,29.76,3038,90410.88,21986870.870000012
2025-08-01 09:36:00 AM,29.76,311,9255.36,21996126.23000001
2025-08-01 09:36:07 AM,29.76,6,178.56,21996304.79000001
2025-08-01 09:36:14 AM,29.76,5,148.8,21996453.59000001
2025-08-01 09:36:21 AM,29.76,52,1547.52,21998001.11000001
2025-08-01 09:36:27 AM,29.76,6,178.56,21998179.67000001
2025-08-01 09:36:46 AM,29.76,176,5237.76,22003417.43000001
2025-08-01 09:36:53 AM,29.78,5025,149644.5,22153061.93000001
2025-08-01 09:37:06 AM,29.77,0,0.0,22153061.93000001
2025-08-01 09:37:07 AM,29.77,1,29.77,22153091.70000001
2025-08-01 09:37:20 AM,29.76,0,0.0,22153091.70000001
2025-08-01 09:37:21 AM,29.75,542,16124.5,22169216.20000001
2025-08-01 09:37:22 AM,29.76,0,0.0,22169216.20000001
2025-08-01 09:37:28 AM,29.76,11,327.36,22169543.56000001
2025-08-01 09:37:35 AM,29.76,50,1488.0,22171031.56000001
2025-08-01 09:37:36 AM,29.75,0,0.0,22171031.56000001
2025-08-01 09:37:40 AM,29.76,0,0.0,22171031.56000001
2025-08-01 09:37:41 AM,29.76,201,5981.76,22177013.32000001
2025-08-01 09:37:48 AM,29.75,2298,68365.5,22245378.82000001
2025-08-01 09:38:00 AM,29.73,0,0.0,22245378.82000001
2025-08-01 09:38:01 AM,29.75,2001,59529.75,22304908.57000001
2025-08-01 09:38:06 AM,29.76,0,0.0,22304908.57000001
2025-08-01 09:38:08 AM,29.75,0,0.0,22304908.57000001
2025-08-01 09:38:08 AM,29.75,2103,62564.25,22367472.82000001
2025-08-01 09:38:15 AM,29.75,619,18415.25,22385888.07000001
2025-08-01 09:38:22 AM,29.73,1873,55684.29,22441572.36000001
2025-08-01 09:38:29 AM,29.74,15,446.09999999999997,22442018.460000012
2025-08-01 09:38:49 AM,29.74,41,1219.34,22443237.800000012
2025-08-01 09:38:50 AM,29.71,0,0.0,22443237.800000012
2025-08-01 09:38:54 AM,29.74,0,0.0,22443237.800000012
2025-08-01 09:38:55 AM,29.74,95,2825.2999999999997,22446063.100000013
2025-08-01 09:38:58 AM,29.73,0,0.0,22446063.100000013
2025-08-01 09:39:02 AM,29.73,6,178.38,22446241.48000001
2025-08-01 09:39:09 AM,29.71,0,0.0,22446241.48000001
2025-08-01 09:39:09 AM,29.71,50,1485.5,22447726.98000001
2025-08-01 09:39:16 AM,29.73,275,8175.75,22455902.73000001
2025-08-01 09:39:29 AM,29.73,21,624.33,22456527.06000001
2025-08-01 09:39:35 AM,29.73,105,3121.65,22459648.71000001
2025-08-01 09:39:42 AM,29.73,86,2556.78,22462205.49000001
2025-08-01 09:39:49 AM,29.73,366,10881.18,22473086.67000001
2025-08-01 09:39:51 AM,29.71,0,0.0,22473086.67000001
2025-08-01 09:39:55 AM,29.71,572,16994.12,22490080.79000001
2025-08-01 09:39:59 AM,29.73,0,0.0,22490080.79000001
2025-08-01 09:40:02 AM,29.73,195,5797.35,22495878.14000001
2025-08-01 09:40:15 AM,29.72,506,15038.32,22510916.460000012
2025-08-01 09:40:15 AM,29.72,100,2972.0,22513888.460000012
2025-08-01 09:40:28 AM,29.72,2,59.44,22513947.900000013
2025-08-01 09:40:29 AM,29.69,6001,178169.69,22692117.590000015
2025-08-01 09:40:31 AM,29.7,0,0.0,22692117.590000015
2025-08-01 09:40:34 AM,29.72,0,0.0,22692117.590000015
2025-08-01 09:40:35 AM,29.72,5,148.6,22692266.190000016
2025-08-01 09:40:35 AM,29.72,56,1664.32,22693930.510000017
2025-08-01 09:40:37 AM,29.7,0,0.0,22693930.510000017
2025-08-01 09:40:41 AM,29.7,2,59.4,22693989.910000015
2025-08-01 09:40:42 AM,29.72,31,921.3199999999999,22694911.230000015
2025-08-01 09:41:01 AM,29.72,16,475.52,22695386.750000015
2025-08-01 09:41:01 AM,29.72,5,148.6,22695535.350000016
2025-08-01 09:41:08 AM,29.72,3397,100958.84,22796494.190000016
2025-08-01 09:41:14 AM,29.72,1,29.72,22796523.910000015
2025-08-01 09:41:18 AM,29.7,0,0.0,22796523.910000015
2025-08-01 09:41:21 AM,29.7,71,2108.7,22798632.610000014
2025-08-01 09:41:27 AM,29.7,910,27027.0,22825659.610000014
2025-08-01 09:41:30 AM,29.72,0,0.0,22825659.610000014
2025-08-01 09:41:34 AM,29.73,840,24973.2,22850632.810000014
2025-08-01 09:41:41 AM,29.7,554,16453.8,22867086.610000014
2025-08-01 09:41:54 AM,29.74,104,3092.96,22870179.570000015
2025-08-01 09:41:58 AM,29.73,0,0.0,22870179.570000015
2025-08-01 09:42:00 AM,29.73,15,445.95,22870625.520000014
2025-08-01 09:42:01 AM,29.73,10,297.3,22870922.820000015
2025-08-01 09:42:07 AM,29.73,22,654.0600000000001,22871576.880000014
2025-08-01 09:42:08 AM,29.73,1,29.73,22871606.610000014
2025-08-01 09:42:11 AM,29.69,0,0.0,22871606.610000014
2025-08-01 09:42:13 AM,29.69,30000,890700.0,23762306.610000014
2025-08-01 09:42:19 AM,29.73,0,0.0,23762306.610000014
2025-08-01 09:42:20 AM,29.73,100,2973.0,23765279.610000014
2025-08-01 09:42:26 AM,29.73,35,1040.55,23766320.160000015
2025-08-01 09:42:28 AM,29.71,20,594.2,23766914.360000014
2025-08-01 09:42:36 AM,29.73,0,0.0,23766914.360000014
2025-08-01 09:42:39 AM,29.73,60,1783.8,23768698.160000015
2025-08-01 09:42:41 AM,29.73,10,297.3,23768995.460000016
2025-08-01 09:42:44 AM,29.7,0,0.0,23768995.460000016
2025-08-01 09:42:46 AM,29.71,2085,61945.35,23830940.810000017
2025-08-01 09:42:47 AM,29.73,20,594.6,23831535.41000002
2025-08-01 09:42:52 AM,29.72,82,2437.04,23833972.450000018
2025-08-01 09:43:05 AM,29.72,8,237.76,23834210.21000002
2025-08-01 09:43:19 AM,29.72,20,594.4,23834804.610000018
2025-08-01 09:43:25 AM,29.71,0,0.0,23834804.610000018
2025-08-01 09:43:26 AM,29.71,15,445.65000000000003,23835250.260000017
2025-08-01 09:43:26 AM,29.72,33,980.76,23836231.02000002
2025-08-01 09:43:33 AM,29.7,0,0.0,23836231.02000002
2025-08-01 09:43:36 AM,29.72,0,0.0,23836231.02000002
2025-08-01 09:43:39 AM,29.72,12,356.64,23836587.66000002
2025-08-01 09:43:45 AM,29.72,1923,57151.56,23893739.220000017
2025-08-01 09:43:53 AM,29.73,0,0.0,23893739.220000017
2025-08-01 09:43:53 AM,29.73,3,89.19,23893828.41000002
2025-08-01 09:43:58 AM,29.73,41,1218.93,23895047.34000002
2025-08-01 09:44:05 AM,29.73,100,2973.0,23898020.34000002
2025-08-01 09:44:12 AM,29.71,1709,50774.39,23948794.73000002
2025-08-01 09:44:21 AM,29.69,0,0.0,23948794.73000002
2025-08-01 09:44:23 AM,29.72,0,0.0,23948794.73000002
2025-08-01 09:44:25 AM,29.72,805,23924.6,23972719.33000002
2025-08-01 09:44:26 AM,29.72,3,89.16,23972808.49000002
2025-08-01 09:44:38 AM,29.72,10,297.2,23973105.69000002
2025-08-01 09:44:44 AM,29.72,561,16672.92,23989778.61000002
2025-08-01 09:44:50 AM,29.72,500,14860.0,24004638.61000002
2025-08-01 09:44:52 AM,29.72,93,2763.96,24007402.570000023
2025-08-01 09:44:57 AM,29.72,902,26807.44,24034210.010000024
2025-08-01 09:44:58 AM,29.72,12,356.64,24034566.650000025
2025-08-01 09:45:01 AM,29.7,0,0.0,24034566.650000025
2025-08-01 09:45:03 AM,29.7,11,326.7,24034893.350000024
2025-08-01 09:45:10 AM,29.7,4410,130977.0,24165870.350000024
2025-08-01 09:45:11 AM,29.71,0,0.0,24165870.350000024
2025-08-01 09:45:12 AM,29.71,1,29.71,24165900.060000025
2025-08-01 09:45:17 AM,29.71,18,534.78,24166434.840000026
2025-08-01 09:45:29 AM,29.72,0,0.0,24166434.840000026
2025-08-01 09:45:30 AM,29.72,493,14651.96,24181086.800000027
2025-08-01 09:45:33 AM,29.7,0,0.0,24181086.800000027
2025-08-01 09:45:36 AM,29.7,127,3771.9,24184858.700000025
2025-08-01 09:45:41 AM,29.72,0,0.0,24184858.700000025
2025-08-01 09:45:43 AM,29.72,501,14889.72,24199748.420000024
2025-08-01 09:45:44 AM,29.69,18,534.4200000000001,24200282.840000026
2025-08-01 09:45:49 AM,29.72,301,8945.72,24209228.560000025
2025-08-01 09:46:03 AM,29.72,10,297.2,24209525.760000024
2025-08-01 09:46:09 AM,29.71,99,2941.29,24212467.050000023
2025-08-01 09:46:13 AM,29.72,0,0.0,24212467.050000023
2025-08-01 09:46:15 AM,29.69,202,5997.38,24218464.430000022
2025-08-01 09:46:22 AM,29.72,0,0.0,24218464.430000022
2025-08-01 09:46:22 AM,29.72,150,4458.0,24222922.430000022
2025-08-01 09:46:28 AM,29.72,2,59.44,24222981.870000023
2025-08-01 09:46:30 AM,29.73,0,0.0,24222981.870000023
2025-08-01 09:46:30 AM,29.73,2000,59460.0,24282441.870000023
2025-08-01 09:46:34 AM,29.7,0,0.0,24282441.870000023
2025-08-01 09:46:34 AM,29.7,170,5049.0,24287490.870000023
2025-08-01 09:46:42 AM,29.72,1,29.72,24287520.590000022
2025-08-01 09:46:47 AM,29.72,50,1486.0,24289006.590000022
2025-08-01 09:46:49 AM,29.7,1801,53489.7,24342496.29000002
2025-08-01 09:46:51 AM,29.72,0,0.0,24342496.29000002
2025-08-01 09:46:53 AM,29.72,5,148.6,24342644.890000023
2025-08-01 09:47:01 AM,29.72,160,4755.2,24347400.090000022
2025-08-01 09:47:07 AM,29.7,10,297.0,24347697.090000022
2025-08-01 09:47:14 AM,29.72,0,0.0,24347697.090000022
2025-08-01 09:47:14 AM,29.72,10,297.2,24347994.29000002
2025-08-01 09:47:18 AM,29.72,335,9956.199999999999,24357950.49000002
2025-08-01 09:47:24 AM,29.72,133,3952.7599999999998,24361903.250000022
2025-08-01 09:47:26 AM,29.72,150,4458.0,24366361.250000022
2025-08-01 09:47:30 AM,29.7,0,0.0,24366361.250000022
2025-08-01 09:47:30 AM,29.7,100,2970.0,24369331.250000022
2025-08-01 09:47:46 AM,29.72,33,980.76,24370312.010000024
2025-08-01 09:47:51 AM,29.7,507,15057.9,24385369.910000023
2025-08-01 09:47:55 AM,29.72,0,0.0,24385369.910000023
2025-08-01 09:47:57 AM,29.72,200,5944.0,24391313.910000023
2025-08-01 09:48:00 AM,29.72,50,1486.0,24392799.910000023
2025-08-01 09:48:04 AM,29.72,2202,65443.439999999995,24458243.350000024
2025-08-01 09:48:10 AM,29.72,200,5944.0,24464187.350000024
2025-08-01 09:48:16 AM,29.71,166,4931.860000000001,24469119.210000023
2025-08-01 09:48:23 AM,29.71,153,4545.63,24473664.840000022
2025-08-01 09:48:41 AM,29.72,0,0.0,24473664.840000022
2025-08-01 09:48:42 AM,29.72,5001,148629.72,24622294.56000002
2025-08-01 09:48:49 AM,29.72,100,2972.0,24625266.56000002
2025-08-01 09:48:49 AM,29.7,0,0.0,24625266.56000002
2025-08-01 09:48:51 AM,29.7,4,118.8,24625385.36000002
2025-08-01 09:49:00 AM,29.72,0,0.0,24625385.36000002
2025-08-01 09:49:01 AM,29.72,2,59.44,24625444.800000023
2025-08-01 09:49:16 AM,29.73,5001,148679.73,24774124.530000024
2025-08-01 09:49:20 AM,29.74,0,0.0,24774124.530000024
2025-08-01 09:49:23 AM,29.74,150,4461.0,24778585.530000024
2025-08-01 09:49:39 AM,29.74,5,148.7,24778734.230000023
2025-08-01 09:49:45 AM,29.74,1,29.74,24778763.97000002
2025-08-01 09:49:53 AM,29.73,0,0.0,24778763.97000002
2025-08-01 09:49:54 AM,29.73,114,3389.2200000000003,24782153.19000002
2025-08-01 09:49:57 AM,29.72,0,0.0,24782153.19000002
2025-08-01 09:49:58 AM,29.72,20,594.4,24782747.59000002
2025-08-01 09:50:00 AM,29.73,0,0.0,24782747.59000002
2025-08-01 09:50:01 AM,29.73,7705,229069.65,25011817.240000017
2025-08-01 09:50:04 AM,29.74,0,0.0,25011817.240000017
2025-08-01 09:50:04 AM,29.74,330,9814.199999999999,25021631.440000016
2025-08-01 09:50:12 AM,29.73,0,0.0,25021631.440000016
2025-08-01 09:50:14 AM,29.73,500,14865.0,25036496.440000016
2025-08-01 09:50:17 AM,29.73,1000,29730.0,25066226.440000016
2025-08-01 09:50:42 AM,29.73,11145,331340.85,25397567.290000018
2025-08-01 09:50:49 AM,29.73,2500,74325.0,25471892.290000018
2025-08-01 09:51:00 AM,29.75,0,0.0,25471892.290000018
2025-08-01 09:51:01 AM,29.75,1,29.75,25471922.040000018
2025-08-01 09:51:15 AM,29.76,0,0.0,25471922.040000018
2025-08-01 09:51:16 AM,29.76,650,19344.0,25491266.040000018
2025-08-01 09:51:32 AM,29.72,1894,56289.68,25547555.720000017
2025-08-01 09:51:40 AM,29.71,0,0.0,25547555.720000017
2025-08-01 09:51:41 AM,29.71,100,2971.0,25550526.720000017
2025-08-01 09:51:44 AM,29.72,0,0.0,25550526.720000017
2025-08-01 09:51:45 AM,29.72,2094,62233.68,25612760.400000017
2025-08-01 09:51:47 AM,29.71,0,0.0,25612760.400000017
2025-08-01 09:51:48 AM,29.71,20,594.2,25613354.600000016
2025-08-01 09:51:50 AM,29.74,0,0.0,25613354.600000016
2025-08-01 09:51:51 AM,29.74,3000,89220.0,25702574.600000016
2025-08-01 09:51:57 AM,29.73,2,59.46,25702634.060000017
2025-08-01 09:52:06 AM,29.74,10,297.4,25702931.460000016
2025-08-01 09:52:09 AM,29.74,3,89.22,25703020.680000015
2025-08-01 09:52:12 AM,29.74,101,3003.74,25706024.420000013
2025-08-01 09:52:15 AM,29.72,0,0.0,25706024.420000013
2025-08-01 09:52:15 AM,29.72,78,2318.16,25708342.580000013
2025-08-01 09:52:21 AM,29.73,0,0.0,25708342.580000013
2025-08-01 09:52:22 AM,29.73,50,1486.5,25709829.080000013
2025-08-01 09:52:25 AM,29.73,100,2973.0,25712802.080000013
2025-08-01 09:52:33 AM,29.72,0,0.0,25712802.080000013
2025-08-01 09:52:34 AM,29.72,201,5973.719999999999,25718775.800000012
2025-08-01 09:52:45 AM,29.74,0,0.0,25718775.800000012
2025-08-01 09:52:46 AM,29.74,1,29.74,25718805.54000001
2025-08-01 09:52:55 AM,29.74,1,29.74,25718835.28000001
2025-08-01 09:53:03 AM,29.73,0,0.0,25718835.28000001
2025-08-01 09:53:04 AM,29.74,345,10260.3,25729095.58000001
2025-08-01 09:53:10 AM,29.74,8,237.92,25729333.50000001
2025-08-01 09:53:15 AM,29.72,0,0.0,25729333.50000001
2025-08-01 09:53:17 AM,29.71,1186,35236.06,25764569.56000001
2025-08-01 09:53:18 AM,29.72,0,0.0,25764569.56000001
2025-08-01 09:53:19 AM,29.72,1,29.72,25764599.28000001
2025-08-01 09:53:22 AM,29.73,0,0.0,25764599.28000001
2025-08-01 09:53:23 AM,29.73,300,8919.0,25773518.28000001
2025-08-01 09:53:31 AM,29.73,30,891.9,25774410.180000007
2025-08-01 09:53:35 AM,29.73,4,118.92,25774529.10000001
2025-08-01 09:53:40 AM,29.71,0,0.0,25774529.10000001
2025-08-01 09:53:42 AM,29.72,1546,45947.119999999995,25820476.22000001
2025-08-01 09:53:49 AM,29.73,0,0.0,25820476.22000001
2025-08-01 09:53:50 AM,29.73,80,2378.4,25822854.62000001
2025-08-01 09:53:54 AM,29.73,20,594.6,25823449.22000001
2025-08-01 09:53:56 AM,29.73,620,18432.6,25841881.82000001
2025-08-01 09:54:00 AM,29.73,40,1189.2,25843071.02000001
2025-08-01 09:54:01 AM,29.71,0,0.0,25843071.02000001
2025-08-01 09:54:02 AM,29.71,20,594.2,25843665.22000001
2025-08-01 09:54:16 AM,29.73,0,0.0,25843665.22000001
2025-08-01 09:54:16 AM,29.71,0,0.0,25843665.22000001
2025-08-01 09:54:19 AM,29.71,76,2257.96,25845923.18000001
2025-08-01 09:54:20 AM,29.72,1024,30433.28,25876356.460000012
2025-08-01 09:54:26 AM,29.71,611,18152.81,25894509.27000001
2025-08-01 09:54:28 AM,29.7,0,0.0,25894509.27000001
2025-08-01 09:54:32 AM,29.7,2000,59400.0,25953909.27000001
2025-08-01 09:54:32 AM,29.72,50,1486.0,25955395.27000001
2025-08-01 09:54:44 AM,29.72,2,59.44,25955454.710000012
2025-08-01 09:54:50 AM,29.72,5,148.6,25955603.310000014
2025-08-01 09:54:56 AM,29.72,8,237.76,25955841.070000015
2025-08-01 09:55:01 AM,29.72,3001,89189.72,26045030.790000014
2025-08-01 09:55:13 AM,29.72,4,118.88,26045149.670000013
2025-08-01 09:55:19 AM,29.7,21,623.6999999999999,26045773.370000012
2025-08-01 09:55:20 AM,29.7,23481,697385.7,26743159.07000001
2025-08-01 09:55:25 AM,29.71,1,29.71,26743188.780000012
2025-08-01 09:55:26 AM,29.7,672,19958.399999999998,26763147.18000001
2025-08-01 09:55:31 AM,29.7,25,742.5,26763889.68000001
2025-08-01 09:55:43 AM,29.71,0,0.0,26763889.68000001
2025-08-01 09:55:43 AM,29.71,3006,89308.26000000001,26853197.940000013
2025-08-01 09:55:44 AM,29.71,400,11884.0,26865081.940000013
2025-08-01 09:56:07 AM,29.71,520,15449.2,26880531.14000001
2025-08-01 09:56:13 AM,29.71,555,16489.05,26897020.190000013
2025-08-01 09:56:17 AM,29.7,0,0.0,26897020.190000013
2025-08-01 09:56:19 AM,29.71,0,0.0,26897020.190000013
2025-08-01 09:56:19 AM,29.71,200,5942.0,26902962.190000013
2025-08-01 09:56:32 AM,29.71,34,1010.14,26903972.330000013
2025-08-01 09:56:37 AM,29.71,584,17350.64,26921322.970000014
2025-08-01 09:56:43 AM,29.69,0,0.0,26921322.970000014
2025-08-01 09:56:43 AM,29.69,23250,690292.5,27611615.470000014
2025-08-01 09:56:44 AM,29.7,10,297.0,27611912.470000014
2025-08-01 09:56:49 AM,29.7,3380,100386.0,27712298.470000014
2025-08-01 09:56:55 AM,29.71,3,89.13,27712387.600000013
2025-08-01 09:57:01 AM,29.7,105,3118.5,27715506.100000013
2025-08-01 09:57:02 AM,29.71,22,653.62,27716159.720000014
2025-08-01 09:57:07 AM,29.7,0,0.0,27716159.720000014
2025-08-01 09:57:07 AM,29.7,423,12563.1,27728722.820000015
2025-08-01 09:57:09 AM,29.71,500,14855.0,27743577.820000015
2025-08-01 09:57:13 AM,29.71,100,2971.0,27746548.820000015
2025-08-01 09:57:18 AM,29.69,0,0.0,27746548.820000015
2025-08-01 09:57:19 AM,29.69,1,29.69,27746578.510000017
2025-08-01 09:57:22 AM,29.7,0,0.0,27746578.510000017
2025-08-01 09:57:24 AM,29.7,21,623.6999999999999,27747202.210000016
2025-08-01 09:57:30 AM,29.7,4,118.8,27747321.010000017
2025-08-01 09:57:32 AM,29.7,5,148.5,27747469.510000017
2025-08-01 09:57:35 AM,29.68,0,0.0,27747469.510000017
2025-08-01 09:57:36 AM,29.7,1750,51975.0,27799444.510000017
2025-08-01 09:57:48 AM,29.7,1,29.7,27799474.210000016
2025-08-01 09:57:54 AM,29.69,347,10302.43,27809776.640000015
2025-08-01 09:58:03 AM,29.67,336,9969.12,27819745.760000017
2025-08-01 09:58:06 AM,29.69,3,89.07000000000001,27819834.830000017
2025-08-01 09:58:09 AM,29.69,30,890.7,27820725.530000016
2025-08-01 09:58:13 AM,29.69,1,29.69,27820755.220000017
2025-08-01 09:58:19 AM,29.68,54,1602.72,27822357.940000016
2025-08-01 09:58:21 AM,29.69,100,2969.0,27825326.940000016
2025-08-01 09:58:25 AM,29.69,2000,59380.0,27884706.940000016
2025-08-01 09:58:27 AM,29.69,1,29.69,27884736.630000018
2025-08-01 09:58:31 AM,29.69,8,237.52,27884974.150000017
2025-08-01 09:58:33 AM,29.67,592,17564.64,27902538.790000018
2025-08-01 09:58:40 AM,29.69,0,0.0,27902538.790000018
2025-08-01 09:58:40 AM,29.69,7,207.83,27902746.620000016
2025-08-01 09:58:46 AM,29.67,250,7417.5,27910164.120000016
2025-08-01 09:58:49 AM,29.69,100,2969.0,27913133.120000016
2025-08-01 09:58:55 AM,29.67,850,25219.5,27938352.620000016
2025-08-01 09:58:58 AM,29.67,4,118.68,27938471.300000016
2025-08-01 09:59:04 AM,29.66,0,0.0,27938471.300000016
2025-08-01 09:59:04 AM,29.66,501,14859.66,27953330.960000016
2025-08-01 09:59:07 AM,29.65,1,29.65,27953360.610000014
2025-08-01 09:59:10 AM,29.67,100,2967.0,27956327.610000014
2025-08-01 09:59:16 AM,29.65,50,1482.5,27957810.110000014
2025-08-01 09:59:20 AM,29.65,500,14825.0,27972635.110000014
2025-08-01 09:59:32 AM,29.67,30,890.1,27973525.210000016
2025-08-01 09:59:35 AM,29.66,510,15126.6,27988651.810000017
2025-08-01 09:59:39 AM,29.66,633,18774.78,28007426.59000002
2025-08-01 09:59:41 AM,29.67,10,296.70000000000005,28007723.290000018
2025-08-01 09:59:51 AM,29.66,231,6851.46,28014574.75000002
2025-08-01 09:59:54 AM,29.67,10,296.70000000000005,28014871.450000018
2025-08-01 09:59:57 AM,29.67,50,1483.5,28016354.950000018
2025-08-01 10:00:00 AM,29.67,5,148.35000000000002,28016503.30000002
2025-08-01 10:00:01 AM,29.66,0,0.0,28016503.30000002
2025-08-01 10:00:03 AM,29.66,376,11152.16,28027655.46000002
2025-08-01 10:00:06 AM,29.66,255,7563.3,28035218.76000002
2025-08-01 10:00:10 AM,29.66,30,889.8,28036108.56000002
2025-08-01 10:00:13 AM,29.66,36,1067.76,28037176.320000023
2025-08-01 10:00:16 AM,29.66,6,177.96,28037354.280000024
2025-08-01 10:00:19 AM,29.67,0,0.0,28037354.280000024
2025-08-01 10:00:19 AM,29.67,1560,46285.200000000004,28083639.480000023
2025-08-01 10:00:23 AM,29.67,101,2996.67,28086636.150000025
2025-08-01 10:00:25 AM,29.67,3,89.01,28086725.160000026
2025-08-01 10:00:29 AM,29.67,14,415.38,28087140.540000025
2025-08-01 10:00:32 AM,29.66,14,415.24,28087555.780000024
2025-08-01 10:00:35 AM,29.66,1976,58608.16,28146163.940000024
2025-08-01 10:00:41 AM,29.66,50,1483.0,28147646.940000024
2025-08-01 10:00:42 AM,29.63,0,0.0,28147646.940000024
2025-08-01 10:00:44 AM,29.65,11950,354317.5,28501964.440000024
2025-08-01 10:00:47 AM,29.63,353,10459.39,28512423.830000024
2025-08-01 10:00:48 AM,29.64,0,0.0,28512423.830000024
2025-08-01 10:00:51 AM,29.64,150,4446.0,28516869.830000024
2025-08-01 10:00:54 AM,29.63,18,533.34,28517403.170000024
2025-08-01 10:00:57 AM,29.62,468,13862.16,28531265.330000024
2025-08-01 10:01:00 AM,29.62,1004,29738.48,28561003.810000025
2025-08-01 10:01:03 AM,29.63,17,503.71,28561507.520000026
2025-08-01 10:01:06 AM,29.62,100,2962.0,28564469.520000026
2025-08-01 10:01:10 AM,29.62,725,21474.5,28585944.020000026
2025-08-01 10:01:13 AM,29.62,17,503.54,28586447.560000025
2025-08-01 10:01:16 AM,29.62,100,2962.0,28589409.560000025
2025-08-01 10:01:19 AM,29.62,1705,50502.1,28639911.660000026
2025-08-01 10:01:29 AM,29.62,1,29.62,28639941.280000027
2025-08-01 10:01:43 AM,29.65,10794,320042.1,28959983.38000003
2025-08-01 10:01:45 AM,29.67,0,0.0,28959983.38000003
2025-08-01 10:01:47 AM,29.67,103,3056.01,28963039.39000003
2025-08-01 10:02:00 AM,29.67,3,89.01,28963128.400000032
2025-08-01 10:02:01 AM,29.67,135,4005.4500000000003,28967133.85000003
2025-08-01 10:02:06 AM,29.67,2223,65956.41,29033090.26000003
2025-08-01 10:02:12 AM,29.68,6,178.07999999999998,29033268.34000003
2025-08-01 10:02:18 AM,29.68,2,59.36,29033327.70000003
2025-08-01 10:02:25 AM,29.68,1,29.68,29033357.38000003
2025-08-01 10:02:37 AM,29.68,33,979.4399999999999,29034336.82000003
2025-08-01 10:02:42 AM,29.67,0,0.0,29034336.82000003
2025-08-01 10:02:44 AM,29.67,246,7298.820000000001,29041635.64000003
2025-08-01 10:02:46 AM,29.67,66,1958.22,29043593.86000003
2025-08-01 10:02:50 AM,29.68,5267,156324.56,29199918.420000028
2025-08-01 10:02:56 AM,29.69,0,0.0,29199918.420000028
2025-08-01 10:02:57 AM,29.69,1,29.69,29199948.11000003
2025-08-01 10:03:03 AM,29.69,100,2969.0,29202917.11000003
2025-08-01 10:03:04 AM,29.69,2,59.38,29202976.49000003
2025-08-01 10:03:09 AM,29.69,3,89.07000000000001,29203065.56000003
2025-08-01 10:03:11 AM,29.67,1,29.67,29203095.23000003
2025-08-01 10:03:16 AM,29.69,0,0.0,29203095.23000003
2025-08-01 10:03:16 AM,29.69,520,15438.800000000001,29218534.03000003
2025-08-01 10:03:20 AM,29.67,0,0.0,29218534.03000003
2025-08-01 10:03:22 AM,29.67,1,29.67,29218563.700000033
2025-08-01 10:03:28 AM,29.67,250,7417.5,29225981.200000033
2025-08-01 10:03:35 AM,29.65,6000,177900.0,29403881.200000033
2025-08-01 10:03:43 AM,29.69,4,118.76,29403999.960000034
2025-08-01 10:03:54 AM,29.69,16,475.04,29404475.000000034
2025-08-01 10:03:56 AM,29.69,9,267.21000000000004,29404742.210000034
2025-08-01 10:04:00 AM,29.69,1,29.69,29404771.900000036
2025-08-01 10:04:02 AM,29.69,100,2969.0,29407740.900000036
2025-08-01 10:04:06 AM,29.69,1,29.69,29407770.590000037
2025-08-01 10:04:08 AM,29.69,3,89.07000000000001,29407859.660000037
2025-08-01 10:04:25 AM,29.69,1000,29690.0,29437549.660000037
2025-08-01 10:04:27 AM,29.69,101,2998.69,29440548.35000004
2025-08-01 10:04:31 AM,29.69,51,1514.19,29442062.54000004
2025-08-01 10:04:38 AM,29.69,1018,30224.420000000002,29472286.960000042
2025-08-01 10:04:40 AM,29.69,3,89.07000000000001,29472376.030000042
2025-08-01 10:04:44 AM,29.69,15,445.35,29472821.380000044
2025-08-01 10:04:46 AM,29.69,200,5938.0,29478759.380000044
2025-08-01 10:04:50 AM,29.69,13,385.97,29479145.350000042
2025-08-01 10:04:54 AM,29.7,0,0.0,29479145.350000042
2025-08-01 10:04:56 AM,29.7,2,59.4,29479204.75000004
2025-08-01 10:05:09 AM,29.69,170,5047.3,29484252.05000004
2025-08-01 10:05:13 AM,29.7,0,0.0,29484252.05000004
2025-08-01 10:05:15 AM,29.69,197,5848.93,29490100.98000004
2025-08-01 10:05:21 AM,29.69,9559,283806.71,29773907.690000042
2025-08-01 10:05:23 AM,29.69,2,59.38,29773967.07000004
2025-08-01 10:05:27 AM,29.7,3,89.1,29774056.170000043
2025-08-01 10:05:33 AM,29.7,2,59.4,29774115.57000004
2025-08-01 10:05:38 AM,29.68,0,0.0,29774115.57000004
2025-08-01 10:05:39 AM,29.68,500,14840.0,29788955.57000004
2025-08-01 10:05:44 AM,29.7,0,0.0,29788955.57000004
2025-08-01 10:05:45 AM,29.7,42,1247.3999999999999,29790202.97000004
2025-08-01 10:05:53 AM,29.7,3,89.1,29790292.07000004
2025-08-01 10:05:57 AM,29.7,50,1485.0,29791777.07000004
2025-08-01 10:06:00 AM,29.7,13,386.09999999999997,29792163.170000043
2025-08-01 10:06:03 AM,29.7,6,178.2,29792341.370000042
2025-08-01 10:06:09 AM,29.7,2,59.4,29792400.77000004
2025-08-01 10:06:11 AM,29.67,1000,29670.0,29822070.77000004
2025-08-01 10:06:13 AM,29.69,0,0.0,29822070.77000004
2025-08-01 10:06:15 AM,29.68,370,10981.6,29833052.370000042
2025-08-01 10:06:16 AM,29.69,0,0.0,29833052.370000042
2025-08-01 10:06:17 AM,29.69,30,890.7,29833943.07000004
2025-08-01 10:06:19 AM,29.67,0,0.0,29833943.07000004
2025-08-01 10:06:21 AM,29.68,1004,29798.72,29863741.79000004
2025-08-01 10:06:25 AM,29.69,0,0.0,29863741.79000004
2025-08-01 10:06:27 AM,29.69,38,1128.22,29864870.01000004
2025-08-01 10:06:33 AM,29.67,404,11986.68,29876856.69000004
2025-08-01 10:06:34 AM,29.65,0,0.0,29876856.69000004
2025-08-01 10:06:35 AM,29.65,925,27426.25,29904282.94000004
2025-08-01 10:06:39 AM,29.65,56,1660.3999999999999,29905943.340000037
2025-08-01 10:06:45 AM,29.65,15442,457855.3,30363798.640000038
2025-08-01 10:06:49 AM,29.64,0,0.0,30363798.640000038
2025-08-01 10:06:51 AM,29.64,5527,163820.28,30527618.92000004
2025-08-01 10:06:53 AM,29.64,274,8121.360000000001,30535740.28000004
2025-08-01 10:06:57 AM,29.63,3355,99408.65,30635148.930000037
2025-08-01 10:07:03 AM,29.63,411,12177.93,30647326.860000037
2025-08-01 10:07:05 AM,29.63,419,12414.97,30659741.830000035
2025-08-01 10:07:10 AM,29.62,703,20822.86,30680564.690000035
2025-08-01 10:07:12 AM,29.62,66,1954.92,30682519.610000037
2025-08-01 10:07:16 AM,29.65,20,593.0,30683112.610000037
2025-08-01 10:07:18 AM,29.65,200,5930.0,30689042.610000037
2025-08-01 10:07:22 AM,29.66,605,17944.3,30706986.910000037
2025-08-01 10:07:24 AM,29.63,390,11555.699999999999,30718542.610000037
2025-08-01 10:07:28 AM,29.65,469,13905.849999999999,30732448.46000004
2025-08-01 10:07:30 AM,29.63,855,25333.649999999998,30757782.110000037
2025-08-01 10:07:34 AM,29.63,2401,71141.63,30828923.740000036
2025-08-01 10:07:40 AM,29.63,817,24207.71,30853131.450000037
2025-08-01 10:07:42 AM,29.62,5113,151447.06,31004578.510000035
2025-08-01 10:07:45 AM,29.64,0,0.0,31004578.510000035
2025-08-01 10:07:46 AM,29.64,371,10996.44,31015574.950000037
2025-08-01 10:07:48 AM,29.64,500,14820.0,31030394.950000037
2025-08-01 10:07:55 AM,29.61,3289,97387.29,31127782.240000036
2025-08-01 10:07:59 AM,29.61,345,10215.449999999999,31137997.690000035
2025-08-01 10:08:04 AM,29.66,0,0.0,31137997.690000035
2025-08-01 10:08:05 AM,29.62,11500,340630.0,31478627.690000035
2025-08-01 10:08:07 AM,29.61,3599,106566.39,31585194.080000035
2025-08-01 10:08:11 AM,29.61,5431,160811.91,31746005.990000036
2025-08-01 10:08:13 AM,29.64,237,7024.68,31753030.670000035
2025-08-01 10:08:18 AM,29.63,0,0.0,31753030.670000035
2025-08-01 10:08:18 AM,29.63,10912,323322.56,32076353.230000034
2025-08-01 10:08:20 AM,29.64,5,148.2,32076501.430000033
2025-08-01 10:08:24 AM,29.64,10,296.4,32076797.83000003
2025-08-01 10:08:43 AM,29.66,0,0.0,32076797.83000003
2025-08-01 10:08:44 AM,29.66,1,29.66,32076827.490000032
2025-08-01 10:08:49 AM,29.64,0,0.0,32076827.490000032
2025-08-01 10:08:50 AM,29.66,354,10499.64,32087327.130000032
2025-08-01 10:08:51 AM,29.67,0,0.0,32087327.130000032
2025-08-01 10:08:54 AM,29.67,25,741.75,32088068.880000032
2025-08-01 10:08:55 AM,29.67,17,504.39000000000004,32088573.270000033
2025-08-01 10:09:06 AM,29.67,20,593.4000000000001,32089166.67000003
2025-08-01 10:09:10 AM,29.65,0,0.0,32089166.67000003
2025-08-01 10:09:12 AM,29.65,1317,39049.049999999996,32128215.720000032
2025-08-01 10:09:16 AM,29.67,0,0.0,32128215.720000032
2025-08-01 10:09:17 AM,29.67,1,29.67,32128245.390000034
2025-08-01 10:09:41 AM,29.67,31,919.7700000000001,32129165.160000034
2025-08-01 10:09:52 AM,29.67,20,593.4000000000001,32129758.560000032
2025-08-01 10:10:03 AM,29.67,1000,29670.0,32159428.560000032
2025-08-01 10:10:15 AM,29.67,10,296.70000000000005,32159725.26000003
2025-08-01 10:10:17 AM,29.67,200,5934.0,32165659.26000003
2025-08-01 10:10:21 AM,29.67,1,29.67,32165688.930000033
2025-08-01 10:10:23 AM,29.65,158,4684.7,32170373.630000032
2025-08-01 10:10:27 AM,29.67,1983,58835.61,32229209.240000032
2025-08-01 10:10:29 AM,29.68,3,89.03999999999999,32229298.28000003
2025-08-01 10:10:33 AM,29.69,1000,29690.0,32258988.28000003
2025-08-01 10:10:39 AM,29.69,338,10035.220000000001,32269023.50000003
2025-08-01 10:10:41 AM,29.65,11000,326150.0,32595173.50000003
2025-08-01 10:10:47 AM,29.68,100,2968.0,32598141.50000003
2025-08-01 10:10:53 AM,29.65,5019,148813.35,32746954.85000003
2025-08-01 10:10:58 AM,29.68,1500,44520.0,32791474.85000003
2025-08-01 10:11:01 AM,29.72,0,0.0,32791474.85000003
2025-08-01 10:11:03 AM,29.72,33299,989646.2799999999,33781121.13000003
2025-08-01 10:11:09 AM,29.72,2,59.44,33781180.57000003
2025-08-01 10:11:15 AM,29.72,18,534.96,33781715.53000003
2025-08-01 10:11:21 AM,29.73,0,0.0,33781715.53000003
2025-08-01 10:11:21 AM,29.73,1100,32703.0,33814418.53000003
2025-08-01 10:11:26 AM,29.72,1118,33226.96,33847645.49000003
2025-08-01 10:11:32 AM,29.71,1,29.71,33847675.20000003
2025-08-01 10:11:37 AM,29.73,0,0.0,33847675.20000003
2025-08-01 10:11:37 AM,29.73,308,9156.84,33856832.04000004
2025-08-01 10:11:39 AM,29.73,5,148.65,33856980.690000035
2025-08-01 10:11:40 AM,29.71,0,0.0,33856980.690000035
2025-08-01 10:11:43 AM,29.73,0,0.0,33856980.690000035
2025-08-01 10:11:43 AM,29.73,2,59.46,33857040.150000036
2025-08-01 10:11:51 AM,29.73,100,2973.0,33860013.150000036
2025-08-01 10:12:07 AM,29.71,2569,76324.99,33936338.14000004
2025-08-01 10:12:25 AM,29.72,1,29.72,33936367.86000004
2025-08-01 10:12:36 AM,29.72,150,4458.0,33940825.86000004
2025-08-01 10:12:48 AM,29.71,3,89.13,33940914.99000004
2025-08-01 10:12:59 AM,29.71,3000,89130.0,34030044.99000004
2025-08-01 10:13:05 AM,29.72,10,297.2,34030342.19000004
2025-08-01 10:13:11 AM,29.72,20,594.4,34030936.59000004
2025-08-01 10:13:31 AM,29.73,0,0.0,34030936.59000004
2025-08-01 10:13:35 AM,29.73,1400,41622.0,34072558.59000004
2025-08-01 10:13:53 AM,29.73,500,14865.0,34087423.59000004
2025-08-01 10:13:53 AM,29.73,1,29.73,34087453.32000004
2025-08-01 10:14:10 AM,29.73,100,2973.0,34090426.32000004
2025-08-01 10:14:10 AM,29.71,3661,108768.31,34199194.63000004
2025-08-01 10:14:13 AM,29.73,0,0.0,34199194.63000004
2025-08-01 10:14:16 AM,29.71,1010,30007.100000000002,34229201.73000004
2025-08-01 10:14:27 AM,29.73,0,0.0,34229201.73000004
2025-08-01 10:14:27 AM,29.73,581,17273.13,34246474.860000044
2025-08-01 10:14:33 AM,29.73,534,15875.82,34262350.680000044
2025-08-01 10:14:37 AM,29.74,0,0.0,34262350.680000044
2025-08-01 10:14:39 AM,29.74,200,5948.0,34268298.680000044
2025-08-01 10:15:02 AM,29.75,4165,123908.75,34392207.430000044
2025-08-01 10:15:07 AM,29.75,76,2261.0,34394468.430000044
2025-08-01 10:15:13 AM,29.75,651,19367.25,34413835.680000044
2025-08-01 10:15:19 AM,29.75,5,148.75,34413984.430000044
2025-08-01 10:15:26 AM,29.74,1728,51390.719999999994,34465375.15000004
2025-08-01 10:15:30 AM,29.75,0,0.0,34465375.15000004
2025-08-01 10:15:32 AM,29.75,2,59.5,34465434.65000004
2025-08-01 10:15:32 AM,29.74,478,14215.72,34479650.37000004
2025-08-01 10:15:44 AM,29.74,6,178.44,34479828.81000004
2025-08-01 10:15:50 AM,29.74,2,59.48,34479888.29000004
2025-08-01 10:15:56 AM,29.74,14,416.35999999999996,34480304.650000036
2025-08-01 10:15:57 AM,29.75,0,0.0,34480304.650000036
2025-08-01 10:16:01 AM,29.75,1250,37187.5,34517492.150000036
2025-08-01 10:16:04 AM,29.74,0,0.0,34517492.150000036
2025-08-01 10:16:07 AM,29.74,25,743.5,34518235.650000036
2025-08-01 10:16:12 AM,29.75,0,0.0,34518235.650000036
2025-08-01 10:16:13 AM,29.75,5,148.75,34518384.400000036
2025-08-01 10:16:19 AM,29.75,37,1100.75,34519485.150000036
2025-08-01 10:16:25 AM,29.75,20,595.0,34520080.150000036
2025-08-01 10:16:30 AM,29.75,10,297.5,34520377.650000036
2025-08-01 10:16:36 AM,29.75,7378,219495.5,34739873.150000036
2025-08-01 10:16:42 AM,29.76,0,0.0,34739873.150000036
2025-08-01 10:16:42 AM,29.76,1,29.76,34739902.91000003
2025-08-01 10:16:53 AM,29.76,30,892.8000000000001,34740795.71000003
2025-08-01 10:16:59 AM,29.76,4208,125230.08,34866025.79000003
2025-08-01 10:17:04 AM,29.77,5,148.85,34866174.64000003
2025-08-01 10:17:06 AM,29.8,0,0.0,34866174.64000003
2025-08-01 10:17:10 AM,29.8,4000,119200.0,34985374.64000003
2025-08-01 10:17:15 AM,29.76,0,0.0,34985374.64000003
2025-08-01 10:17:16 AM,29.76,2378,70769.28,35056143.92000003
2025-08-01 10:17:43 AM,29.78,0,0.0,35056143.92000003
2025-08-01 10:17:45 AM,29.78,17,506.26,35056650.18000003
2025-08-01 10:17:54 AM,29.76,0,0.0,35056650.18000003
2025-08-01 10:17:56 AM,29.76,201,5981.76,35062631.94000003
2025-08-01 10:18:02 AM,29.76,5082,151240.32,35213872.26000003
2025-08-01 10:18:14 AM,29.75,0,0.0,35213872.26000003
2025-08-01 10:18:14 AM,29.75,19,565.25,35214437.51000003
2025-08-01 10:18:20 AM,29.77,28,833.56,35215271.07000003
2025-08-01 10:18:22 AM,29.75,0,0.0,35215271.07000003
2025-08-01 10:18:24 AM,29.77,0,0.0,35215271.07000003
2025-08-01 10:18:25 AM,29.77,4042,120330.34,35335601.41000003
2025-08-01 10:18:27 AM,29.78,0,0.0,35335601.41000003
2025-08-01 10:18:31 AM,29.78,801,23853.780000000002,35359455.190000035
2025-08-01 10:18:43 AM,29.78,1,29.78,35359484.970000036
2025-08-01 10:18:49 AM,29.78,1,29.78,35359514.75000004
2025-08-01 10:18:59 AM,29.75,0,0.0,35359514.75000004
2025-08-01 10:19:00 AM,29.75,105,3123.75,35362638.50000004
2025-08-01 10:19:05 AM,29.78,0,0.0,35362638.50000004
2025-08-01 10:19:05 AM,29.78,5,148.9,35362787.400000036
2025-08-01 10:19:06 AM,29.78,3,89.34,35362876.74000004
2025-08-01 10:19:23 AM,29.76,0,0.0,35362876.74000004
2025-08-01 10:19:23 AM,29.76,25,744.0,35363620.74000004
2025-08-01 10:19:28 AM,29.77,0,0.0,35363620.74000004
2025-08-01 10:19:29 AM,29.77,19,565.63,35364186.37000004
2025-08-01 10:19:40 AM,29.75,0,0.0,35364186.37000004
2025-08-01 10:19:40 AM,29.75,2000,59500.0,35423686.37000004
2025-08-01 10:19:50 AM,29.77,0,0.0,35423686.37000004
2025-08-01 10:19:52 AM,29.77,100,2977.0,35426663.37000004
2025-08-01 10:19:55 AM,29.75,0,0.0,35426663.37000004
2025-08-01 10:19:57 AM,29.75,1,29.75,35426693.12000004
2025-08-01 10:20:14 AM,29.77,0,0.0,35426693.12000004
2025-08-01 10:20:15 AM,29.77,16,476.32,35427169.44000004
2025-08-01 10:20:21 AM,29.77,1,29.77,35427199.210000046
2025-08-01 10:20:25 AM,29.77,141,4197.57,35431396.780000046
2025-08-01 10:20:31 AM,29.77,5,148.85,35431545.63000005
2025-08-01 10:20:33 AM,29.75,0,0.0,35431545.63000005
2025-08-01 10:20:37 AM,29.78,0,0.0,35431545.63000005
2025-08-01 10:20:37 AM,29.78,3067,91335.26000000001,35522880.890000045
2025-08-01 10:20:43 AM,29.78,2,59.56,35522940.45000005
2025-08-01 10:20:45 AM,29.78,10,297.8,35523238.250000045
2025-08-01 10:20:55 AM,29.78,147,4377.66,35527615.91000004
2025-08-01 10:21:12 AM,29.78,30,893.4000000000001,35528509.31000004
2025-08-01 10:21:17 AM,29.78,1,29.78,35528539.09000004
2025-08-01 10:21:19 AM,29.78,5,148.9,35528687.99000004
2025-08-01 10:21:23 AM,29.78,3,89.34,35528777.33000004
2025-08-01 10:21:36 AM,29.78,25,744.5,35529521.83000004
2025-08-01 10:21:39 AM,29.78,500,14890.0,35544411.83000004
2025-08-01 10:21:41 AM,29.78,15,446.70000000000005,35544858.530000046
2025-08-01 10:21:44 AM,29.78,20,595.6,35545454.13000005
2025-08-01 10:21:51 AM,29.76,500,14880.0,35560334.13000005
2025-08-01 10:21:58 AM,29.78,1800,53604.0,35613938.13000005
2025-08-01 10:22:02 AM,29.78,228,6789.84,35620727.97000005
2025-08-01 10:22:08 AM,29.78,2,59.56,35620787.53000005
2025-08-01 10:22:13 AM,29.78,36,1072.08,35621859.61000005
2025-08-01 10:22:15 AM,29.78,64,1905.92,35623765.53000005
2025-08-01 10:22:19 AM,29.78,10,297.8,35624063.33000005
2025-08-01 10:22:25 AM,29.78,735,21888.3,35645951.63000005
2025-08-01 10:22:33 AM,29.78,86,2561.08,35648512.710000046
2025-08-01 10:22:40 AM,29.79,0,0.0,35648512.710000046
2025-08-01 10:22:42 AM,29.79,120,3574.7999999999997,35652087.51000004
2025-08-01 10:22:47 AM,29.79,200,5958.0,35658045.51000004
2025-08-01 10:22:58 AM,29.79,15,446.84999999999997,35658492.360000044
2025-08-01 10:23:00 AM,29.8,0,0.0,35658492.360000044
2025-08-01 10:23:01 AM,29.8,50,1490.0,35659982.360000044
2025-08-01 10:23:04 AM,29.79,1000,29790.0,35689772.360000044
2025-08-01 10:23:06 AM,29.8,1400,41720.0,35731492.360000044
2025-08-01 10:23:15 AM,29.8,10,298.0,35731790.360000044
2025-08-01 10:23:18 AM,29.79,1200,35748.0,35767538.360000044
2025-08-01 10:23:21 AM,29.8,0,0.0,35767538.360000044
2025-08-01 10:23:21 AM,29.8,250,7450.0,35774988.360000044
2025-08-01 10:23:24 AM,29.8,967,28816.600000000002,35803804.960000046
2025-08-01 10:23:27 AM,29.8,150,4470.0,35808274.960000046
2025-08-01 10:23:30 AM,29.8,200,5960.0,35814234.960000046
2025-08-01 10:23:41 AM,29.8,50,1490.0,35815724.960000046
2025-08-01 10:23:43 AM,29.8,250,7450.0,35823174.960000046
2025-08-01 10:23:49 AM,29.8,10000,298000.0,36121174.960000046
2025-08-01 10:23:52 AM,29.8,37,1102.6000000000001,36122277.56000005
2025-08-01 10:23:57 AM,29.76,0,0.0,36122277.56000005
2025-08-01 10:23:58 AM,29.76,10000,297600.0,36419877.56000005
2025-08-01 10:24:09 AM,29.77,49,1458.73,36421336.290000044
2025-08-01 10:24:15 AM,29.79,0,0.0,36421336.290000044
2025-08-01 10:24:15 AM,29.79,292,8698.68,36430034.97000004
2025-08-01 10:24:27 AM,29.79,332,9890.279999999999,36439925.250000045
2025-08-01 10:24:42 AM,29.79,100,2979.0,36442904.250000045
2025-08-01 10:24:43 AM,29.8,0,0.0,36442904.250000045
2025-08-01 10:24:44 AM,29.8,1,29.8,36442934.05000004
2025-08-01 10:24:49 AM,29.8,38,1132.4,36444066.45000004
2025-08-01 10:24:55 AM,29.8,6,178.8,36444245.25000004
2025-08-01 10:25:01 AM,29.8,51,1519.8,36445765.050000034
2025-08-01 10:25:04 AM,29.8,118,3516.4,36449281.45000003
2025-08-01 10:25:10 AM,29.8,1,29.8,36449311.25000003
2025-08-01 10:25:13 AM,29.8,26,774.8000000000001,36450086.05000003
2025-08-01 10:25:16 AM,29.8,156,4648.8,36454734.850000024
2025-08-01 10:25:19 AM,29.8,398,11860.4,36466595.25000002
2025-08-01 10:25:27 AM,29.8,500,14900.0,36481495.25000002
2025-08-01 10:25:50 AM,29.8,1000,29800.0,36511295.25000002
2025-08-01 10:26:06 AM,29.8,50,1490.0,36512785.25000002
2025-08-01 10:26:19 AM,29.8,30,894.0,36513679.25000002
2025-08-01 10:26:29 AM,29.8,14,417.2,36514096.450000025
2025-08-01 10:26:37 AM,29.8,44,1311.2,36515407.65000003
2025-08-01 10:26:40 AM,29.8,102,3039.6,36518447.25000003
2025-08-01 10:26:43 AM,29.8,30,894.0,36519341.25000003
2025-08-01 10:26:46 AM,29.8,1,29.8,36519371.05000003
2025-08-01 10:27:00 AM,29.8,101,3009.8,36522380.850000024
2025-08-01 10:27:02 AM,29.78,0,0.0,36522380.850000024
2025-08-01 10:27:03 AM,29.78,10,297.8,36522678.65000002
2025-08-01 10:27:06 AM,29.78,1,29.78,36522708.43000002
2025-08-01 10:27:10 AM,29.8,0,0.0,36522708.43000002
2025-08-01 10:27:11 AM,29.78,0,0.0,36522708.43000002
2025-08-01 10:27:12 AM,29.78,1001,29809.780000000002,36552518.21000002
2025-08-01 10:27:25 AM,29.8,3,89.4,36552607.61000002
2025-08-01 10:27:31 AM,29.8,1000,29800.0,36582407.61000002
2025-08-01 10:27:39 AM,29.8,7,208.6,36582616.21000002
2025-08-01 10:27:42 AM,29.78,1,29.78,36582645.990000024
2025-08-01 10:27:46 AM,29.8,0,0.0,36582645.990000024
2025-08-01 10:27:47 AM,29.8,1200,35760.0,36618405.990000024
2025-08-01 10:27:53 AM,29.79,10,297.9,36618703.89000002
2025-08-01 10:28:01 AM,29.79,100,2979.0,36621682.89000002
2025-08-01 10:28:06 AM,29.79,20,595.8,36622278.69000002
2025-08-01 10:28:09 AM,29.79,3,89.37,36622368.06000002
2025-08-01 10:28:14 AM,29.79,1,29.79,36622397.85000002
2025-08-01 10:28:17 AM,29.79,50,1489.5,36623887.35000002
2025-08-01 10:28:33 AM,29.79,100,2979.0,36626866.35000002
2025-08-01 10:28:36 AM,29.79,80,2383.2,36629249.55000002
2025-08-01 10:28:37 AM,29.78,0,0.0,36629249.55000002
2025-08-01 10:28:39 AM,29.78,100,2978.0,36632227.55000002
2025-08-01 10:28:50 AM,29.78,1,29.78,36632257.33000002
2025-08-01 10:28:53 AM,29.79,3500,104265.0,36736522.33000002
2025-08-01 10:28:59 AM,29.78,0,0.0,36736522.33000002
2025-08-01 10:28:59 AM,29.78,102,3037.56,36739559.89000002
2025-08-01 10:29:09 AM,29.79,0,0.0,36739559.89000002
2025-08-01 10:29:10 AM,29.79,1,29.79,36739589.68000002
2025-08-01 10:29:12 AM,29.79,1,29.79,36739619.47000002
2025-08-01 10:29:18 AM,29.79,6,178.74,36739798.21000002
2025-08-01 10:29:21 AM,29.79,3,89.37,36739887.58000002
2025-08-01 10:29:32 AM,29.79,408,12154.32,36752041.90000002
2025-08-01 10:29:39 AM,29.78,0,0.0,36752041.90000002
2025-08-01 10:29:40 AM,29.78,124,3692.7200000000003,36755734.62000002
2025-08-01 10:29:43 AM,29.79,0,0.0,36755734.62000002
2025-08-01 10:29:43 AM,29.79,400,11916.0,36767650.62000002
2025-08-01 10:29:46 AM,29.78,1,29.78,36767680.40000002
2025-08-01 10:29:51 AM,29.79,0,0.0,36767680.40000002
2025-08-01 10:29:51 AM,29.79,1000,29790.0,36797470.40000002
2025-08-01 10:29:54 AM,29.79,466,13882.14,36811352.54000002
2025-08-01 10:30:11 AM,29.78,66,1965.48,36813318.02000002
2025-08-01 10:30:14 AM,29.79,80,2383.2,36815701.22000002
2025-08-01 10:30:20 AM,29.8,0,0.0,36815701.22000002
2025-08-01 10:30:20 AM,29.8,15048,448430.4,37264131.62000002
2025-08-01 10:30:23 AM,29.79,318,9473.22,37273604.84000002
2025-08-01 10:30:35 AM,29.8,0,0.0,37273604.84000002
2025-08-01 10:30:37 AM,29.8,10,298.0,37273902.84000002
2025-08-01 10:30:43 AM,29.8,50,1490.0,37275392.84000002
2025-08-01 10:30:51 AM,29.8,230,6854.0,37282246.84000002
2025-08-01 10:31:00 AM,29.8,400,11920.0,37294166.84000002
2025-08-01 10:31:08 AM,29.8,122,3635.6,37297802.44000002
2025-08-01 10:31:12 AM,29.8,400,11920.0,37309722.44000002
2025-08-01 10:31:14 AM,29.8,20,596.0,37310318.44000002
2025-08-01 10:31:23 AM,29.8,404,12039.2,37322357.64000002
2025-08-01 10:31:34 AM,29.78,0,0.0,37322357.64000002
2025-08-01 10:31:34 AM,29.78,104,3097.12,37325454.76000002
2025-08-01 10:31:36 AM,29.8,0,0.0,37325454.76000002
2025-08-01 10:31:36 AM,29.8,4,119.2,37325573.96000002
2025-08-01 10:31:48 AM,29.8,2149,64040.200000000004,37389614.160000026
2025-08-01 10:31:50 AM,29.81,0,0.0,37389614.160000026
2025-08-01 10:31:51 AM,29.82,2153,64202.46,37453816.62000003
2025-08-01 10:32:14 AM,29.83,0,0.0,37453816.62000003
2025-08-01 10:32:14 AM,29.83,8,238.64,37454055.26000003
2025-08-01 10:32:17 AM,29.84,0,0.0,37454055.26000003
2025-08-01 10:32:17 AM,29.84,872,26020.48,37480075.740000024
2025-08-01 10:32:20 AM,29.85,1,29.85,37480105.590000026
2025-08-01 10:32:27 AM,29.85,209,6238.650000000001,37486344.240000024
2025-08-01 10:32:30 AM,29.85,20,597.0,37486941.240000024
2025-08-01 10:32:34 AM,29.84,0,0.0,37486941.240000024
2025-08-01 10:32:36 AM,29.84,49,1462.16,37488403.40000002
2025-08-01 10:32:37 AM,29.85,0,0.0,37488403.40000002
2025-08-01 10:32:40 AM,29.84,0,0.0,37488403.40000002
2025-08-01 10:32:40 AM,29.84,350,10444.0,37498847.40000002
2025-08-01 10:32:43 AM,29.85,27843,831113.55,38329960.95000002
2025-08-01 10:32:45 AM,29.85,2774,82803.90000000001,38412764.85000002
2025-08-01 10:32:46 AM,29.86,0,0.0,38412764.85000002
2025-08-01 10:32:48 AM,29.86,25,746.5,38413511.35000002
2025-08-01 10:32:51 AM,29.86,100,2986.0,38416497.35000002
2025-08-01 10:32:54 AM,29.86,1003,29949.579999999998,38446446.930000015
2025-08-01 10:33:00 AM,29.86,300,8958.0,38455404.930000015
2025-08-01 10:33:07 AM,29.84,0,0.0,38455404.930000015
2025-08-01 10:33:08 AM,29.84,100,2984.0,38458388.930000015
2025-08-01 10:33:14 AM,29.84,200,5968.0,38464356.930000015
2025-08-01 10:33:19 AM,29.84,200,5968.0,38470324.930000015
2025-08-01 10:33:22 AM,29.84,100,2984.0,38473308.930000015
2025-08-01 10:33:35 AM,29.86,0,0.0,38473308.930000015
2025-08-01 10:33:36 AM,29.86,5842,174442.12,38647751.05000001
2025-08-01 10:33:38 AM,29.86,500,14930.0,38662681.05000001
2025-08-01 10:33:41 AM,29.83,0,0.0,38662681.05000001
2025-08-01 10:33:41 AM,29.83,138,4116.54,38666797.59000001
2025-08-01 10:33:57 AM,29.86,0,0.0,38666797.59000001
2025-08-01 10:33:58 AM,29.86,1,29.86,38666827.45000001
2025-08-01 10:34:21 AM,29.86,169,5046.34,38671873.790000014
2025-08-01 10:34:31 AM,29.85,0,0.0,38671873.790000014
2025-08-01 10:34:32 AM,29.85,57,1701.45,38673575.24000002
2025-08-01 10:34:35 AM,29.86,0,0.0,38673575.24000002
2025-08-01 10:34:38 AM,29.86,515,15377.9,38688953.140000015
2025-08-01 10:34:43 AM,29.85,25,746.25,38689699.390000015
2025-08-01 10:34:47 AM,29.87,0,0.0,38689699.390000015
2025-08-01 10:34:49 AM,29.87,7567,226026.29,38915725.680000015
2025-08-01 10:34:51 AM,29.88,333,9950.039999999999,38925675.72000001
2025-08-01 10:34:53 AM,29.86,0,0.0,38925675.72000001
2025-08-01 10:34:55 AM,29.86,890,26575.399999999998,38952251.12000001
2025-08-01 10:35:09 AM,29.88,50,1494.0,38953745.12000001
2025-08-01 10:35:11 AM,29.86,0,0.0,38953745.12000001
2025-08-01 10:35:12 AM,29.86,400,11944.0,38965689.12000001
2025-08-01 10:35:20 AM,29.88,100,2988.0,38968677.12000001
2025-08-01 10:35:28 AM,29.89,0,0.0,38968677.12000001
2025-08-01 10:35:29 AM,29.89,6001,179369.89,39148047.01000001
2025-08-01 10:35:32 AM,29.88,0,0.0,39148047.01000001
2025-08-01 10:35:35 AM,29.88,461,13774.68,39161821.69000001
2025-08-01 10:35:46 AM,29.88,1350,40338.0,39202159.69000001
2025-08-01 10:35:47 AM,29.85,0,0.0,39202159.69000001
2025-08-01 10:35:48 AM,29.85,132,3940.2000000000003,39206099.890000015
2025-08-01 10:35:49 AM,29.89,0,0.0,39206099.890000015
2025-08-01 10:35:50 AM,29.86,0,0.0,39206099.890000015
2025-08-01 10:35:52 AM,29.89,9754,291547.06,39497646.95000002
2025-08-01 10:35:57 AM,29.89,3,89.67,39497736.62000002
2025-08-01 10:36:05 AM,29.88,1312,39202.56,39536939.18000002
2025-08-01 10:36:08 AM,29.88,50,1494.0,39538433.18000002
2025-08-01 10:36:25 AM,29.88,1,29.88,39538463.060000025
2025-08-01 10:36:26 AM,29.87,0,0.0,39538463.060000025
2025-08-01 10:36:27 AM,29.87,349,10424.630000000001,39548887.69000003
2025-08-01 10:36:32 AM,29.84,0,0.0,39548887.69000003
2025-08-01 10:36:33 AM,29.84,1513,45147.92,39594035.61000003
2025-08-01 10:36:38 AM,29.87,100,2987.0,39597022.61000003
2025-08-01 10:36:41 AM,29.87,506,15114.220000000001,39612136.83000003
2025-08-01 10:36:47 AM,29.87,130,3883.1,39616019.93000003
2025-08-01 10:37:02 AM,29.85,0,0.0,39616019.93000003
2025-08-01 10:37:03 AM,29.85,60,1791.0,39617810.93000003
2025-08-01 10:37:11 AM,29.85,240,7164.0,39624974.93000003
2025-08-01 10:37:14 AM,29.87,0,0.0,39624974.93000003
2025-08-01 10:37:14 AM,29.87,50,1493.5,39626468.43000003
2025-08-01 10:37:24 AM,29.86,0,0.0,39626468.43000003
2025-08-01 10:37:25 AM,29.86,50,1493.0,39627961.43000003
2025-08-01 10:37:28 AM,29.85,50,1492.5,39629453.93000003
2025-08-01 10:37:39 AM,29.85,250,7462.5,39636916.43000003
2025-08-01 10:37:48 AM,29.85,2261,67490.85,39704407.28000003
2025-08-01 10:38:01 AM,29.84,200,5968.0,39710375.28000003
2025-08-01 10:38:11 AM,29.86,0,0.0,39710375.28000003
2025-08-01 10:38:11 AM,29.86,20,597.2,39710972.480000034
2025-08-01 10:38:23 AM,29.85,0,0.0,39710972.480000034
2025-08-01 10:38:23 AM,29.86,51,1522.86,39712495.34000003
2025-08-01 10:38:26 AM,29.85,0,0.0,39712495.34000003
2025-08-01 10:38:26 AM,29.85,5,149.25,39712644.59000003
2025-08-01 10:38:30 AM,29.86,5,149.3,39712793.89000003
2025-08-01 10:38:35 AM,29.85,1,29.85,39712823.74000003
2025-08-01 10:38:46 AM,29.86,0,0.0,39712823.74000003
2025-08-01 10:38:47 AM,29.86,5,149.3,39712973.04000003
2025-08-01 10:39:01 AM,29.86,72,2149.92,39715122.96000003
2025-08-01 10:39:12 AM,29.86,928,27710.079999999998,39742833.04000003
2025-08-01 10:39:15 AM,29.86,200,5972.0,39748805.04000003
2025-08-01 10:39:23 AM,29.86,357,10660.02,39759465.06000003
2025-08-01 10:39:32 AM,29.86,400,11944.0,39771409.06000003
2025-08-01 10:39:34 AM,29.86,400,11944.0,39783353.06000003
2025-08-01 10:39:37 AM,29.86,30,895.8,39784248.86000003
2025-08-01 10:39:48 AM,29.86,77,2299.22,39786548.08000003
2025-08-01 10:39:55 AM,29.85,0,0.0,39786548.08000003
2025-08-01 10:39:56 AM,29.85,1,29.85,39786577.93000003
2025-08-01 10:40:13 AM,29.85,85,2537.25,39789115.18000003
2025-08-01 10:40:14 AM,29.86,0,0.0,39789115.18000003
2025-08-01 10:40:16 AM,29.83,0,0.0,39789115.18000003
2025-08-01 10:40:16 AM,29.83,9033,269454.38999999996,40058569.57000003
2025-08-01 10:40:28 AM,29.85,0,0.0,40058569.57000003
2025-08-01 10:40:30 AM,29.85,6,179.10000000000002,40058748.67000003
2025-08-01 10:40:41 AM,29.85,30,895.5,40059644.17000003
2025-08-01 10:40:44 AM,29.85,100,2985.0,40062629.17000003
2025-08-01 10:40:46 AM,29.85,6,179.10000000000002,40062808.27000003
2025-08-01 10:41:00 AM,29.85,500,14925.0,40077733.27000003
2025-08-01 10:41:06 AM,29.85,5,149.25,40077882.52000003
2025-08-01 10:41:12 AM,29.85,1,29.85,40077912.370000035
2025-08-01 10:41:30 AM,29.85,10,298.5,40078210.870000035
2025-08-01 10:41:40 AM,29.85,7,208.95000000000002,40078419.82000004
2025-08-01 10:41:45 AM,29.83,0,0.0,40078419.82000004
2025-08-01 10:41:46 AM,29.83,400,11932.0,40090351.82000004
2025-08-01 10:41:47 AM,29.85,500,14925.0,40105276.82000004
2025-08-01 10:41:58 AM,29.83,2,59.66,40105336.480000034
2025-08-01 10:42:12 AM,29.85,0,0.0,40105336.480000034
2025-08-01 10:42:13 AM,29.85,55,1641.75,40106978.230000034
2025-08-01 10:42:31 AM,29.85,648,19342.8,40126321.03000003
2025-08-01 10:42:52 AM,29.85,75,2238.75,40128559.78000003
2025-08-01 10:43:03 AM,29.85,400,11940.0,40140499.78000003
2025-08-01 10:43:05 AM,29.85,10,298.5,40140798.28000003
2025-08-01 10:43:14 AM,29.85,1257,37521.450000000004,40178319.730000034
2025-08-01 10:43:19 AM,29.85,169,5044.650000000001,40183364.38000003
2025-08-01 10:43:24 AM,29.84,100,2984.0,40186348.38000003
2025-08-01 10:43:29 AM,29.85,0,0.0,40186348.38000003
2025-08-01 10:43:30 AM,29.85,200,5970.0,40192318.38000003
2025-08-01 10:43:35 AM,29.85,300,8955.0,40201273.38000003
2025-08-01 10:43:37 AM,29.83,0,0.0,40201273.38000003
2025-08-01 10:43:37 AM,29.83,20,596.5999999999999,40201869.980000034
2025-08-01 10:43:39 AM,29.85,0,0.0,40201869.980000034
2025-08-01 10:43:40 AM,29.85,20,597.0,40202466.980000034
2025-08-01 10:43:46 AM,29.85,118,3522.3,40205989.28000003
2025-08-01 10:43:58 AM,29.85,3,89.55000000000001,40206078.83000003
2025-08-01 10:44:06 AM,29.84,31,925.04,40207003.87000003
2025-08-01 10:44:07 AM,29.85,0,0.0,40207003.87000003
2025-08-01 10:44:09 AM,29.85,50,1492.5,40208496.37000003
2025-08-01 10:44:14 AM,29.85,338,10089.300000000001,40218585.670000024
2025-08-01 10:44:21 AM,29.83,0,0.0,40218585.670000024
2025-08-01 10:44:23 AM,29.83,1090,32514.699999999997,40251100.37000003
2025-08-01 10:44:39 AM,29.8,0,0.0,40251100.37000003
2025-08-01 10:44:39 AM,29.8,3000,89400.0,40340500.37000003
2025-08-01 10:44:40 AM,29.84,0,0.0,40340500.37000003
2025-08-01 10:44:41 AM,29.84,4,119.36,40340619.73000003
2025-08-01 10:44:44 AM,29.8,0,0.0,40340619.73000003
2025-08-01 10:44:44 AM,29.8,905,26969.0,40367588.73000003
2025-08-01 10:44:55 AM,29.8,3500,104300.0,40471888.73000003
2025-08-01 10:44:57 AM,29.84,0,0.0,40471888.73000003
2025-08-01 10:44:57 AM,29.84,1,29.84,40471918.57000003
2025-08-01 10:45:00 AM,29.84,1,29.84,40471948.41000003
2025-08-01 10:45:09 AM,29.84,136,4058.24,40476006.650000036
2025-08-01 10:45:14 AM,29.84,45,1342.8,40477349.45000003
2025-08-01 10:45:53 AM,29.8,0,0.0,40477349.45000003
2025-08-01 10:45:55 AM,29.8,1838,54772.4,40532121.85000003
2025-08-01 10:46:02 AM,29.83,20,596.5999999999999,40532718.45000003
2025-08-01 10:46:08 AM,29.78,0,0.0,40532718.45000003
2025-08-01 10:46:08 AM,29.78,15567,463585.26,40996303.71000003
2025-08-01 10:46:09 AM,29.8,0,0.0,40996303.71000003
2025-08-01 10:46:12 AM,29.8,1109,33048.200000000004,41029351.91000003
2025-08-01 10:46:21 AM,29.79,0,0.0,41029351.91000003
2025-08-01 10:46:24 AM,29.79,1,29.79,41029381.70000003
2025-08-01 10:46:25 AM,29.8,0,0.0,41029381.70000003
2025-08-01 10:46:25 AM,29.8,650,19370.0,41048751.70000003
2025-08-01 10:46:36 AM,29.8,25,745.0,41049496.70000003
2025-08-01 10:46:40 AM,29.8,306,9118.800000000001,41058615.50000003
2025-08-01 10:46:46 AM,29.78,0,0.0,41058615.50000003
2025-08-01 10:46:46 AM,29.78,1,29.78,41058645.28000003
2025-08-01 10:46:47 AM,29.8,50,1490.0,41060135.28000003
2025-08-01 10:46:51 AM,29.8,6,178.8,41060314.08000003
2025-08-01 10:46:53 AM,29.8,4,119.2,41060433.28000003
2025-08-01 10:47:02 AM,29.8,100,2980.0,41063413.28000003
2025-08-01 10:47:10 AM,29.78,0,0.0,41063413.28000003
2025-08-01 10:47:13 AM,29.78,1118,33294.04,41096707.32000003
2025-08-01 10:47:18 AM,29.79,2010,59877.9,41156585.22000003
2025-08-01 10:47:23 AM,29.78,0,0.0,41156585.22000003
2025-08-01 10:47:24 AM,29.78,902,26861.56,41183446.78000003
2025-08-01 10:47:27 AM,29.8,0,0.0,41183446.78000003
2025-08-01 10:47:29 AM,29.8,2732,81413.6,41264860.38000003
2025-08-01 10:47:34 AM,29.8,11397,339630.60000000003,41604490.980000034
2025-08-01 10:47:40 AM,29.8,1,29.8,41604520.78000003
2025-08-01 10:47:50 AM,29.8,4,119.2,41604639.980000034
2025-08-01 10:48:09 AM,29.8,1000,29800.0,41634439.980000034
2025-08-01 10:48:17 AM,29.79,400,11916.0,41646355.980000034
2025-08-01 10:48:20 AM,29.79,200,5958.0,41652313.980000034
2025-08-01 10:48:25 AM,29.79,3,89.37,41652403.35000003
2025-08-01 10:48:29 AM,29.78,0,0.0,41652403.35000003
2025-08-01 10:48:30 AM,29.78,4397,130942.66,41783346.01000003
2025-08-01 10:48:45 AM,29.78,442,13162.76,41796508.770000026
2025-08-01 10:48:53 AM,29.79,0,0.0,41796508.770000026
2025-08-01 10:48:56 AM,29.79,7,208.53,41796717.30000003
2025-08-01 10:49:08 AM,29.79,5,148.95,41796866.25000003
2025-08-01 10:49:41 AM,29.8,0,0.0,41796866.25000003
2025-08-01 10:49:44 AM,29.8,503,14989.4,41811855.65000003
2025-08-01 10:50:07 AM,29.8,11,327.8,41812183.450000025
2025-08-01 10:50:11 AM,29.8,2,59.6,41812243.05000003
2025-08-01 10:50:23 AM,29.8,10,298.0,41812541.05000003
2025-08-01 10:50:24 AM,29.82,2500,74550.0,41887091.05000003
2025-08-01 10:50:27 AM,29.8,0,0.0,41887091.05000003
2025-08-01 10:50:28 AM,29.8,2,59.6,41887150.65000003
2025-08-01 10:50:30 AM,29.78,0,0.0,41887150.65000003
2025-08-01 10:50:31 AM,29.81,0,0.0,41887150.65000003
2025-08-01 10:50:34 AM,29.81,866,25815.46,41912966.11000003
2025-08-01 10:50:45 AM,29.78,0,0.0,41912966.11000003
2025-08-01 10:50:45 AM,29.8,6,178.8,41913144.910000026
2025-08-01 10:50:46 AM,29.78,0,0.0,41913144.910000026
2025-08-01 10:50:49 AM,29.8,0,0.0,41913144.910000026
2025-08-01 10:50:51 AM,29.8,46,1370.8,41914515.71000002
2025-08-01 10:50:53 AM,29.78,0,0.0,41914515.71000002
2025-08-01 10:50:57 AM,29.78,7,208.46,41914724.170000024
2025-08-01 10:51:03 AM,29.77,1400,41678.0,41956402.170000024
2025-08-01 10:51:09 AM,29.78,0,0.0,41956402.170000024
2025-08-01 10:51:14 AM,29.78,1,29.78,41956431.950000025
2025-08-01 10:51:24 AM,29.78,60,1786.8000000000002,41958218.75000002
2025-08-01 10:51:30 AM,29.78,167,4973.26,41963192.01000002
2025-08-01 10:51:36 AM,29.78,9,268.02,41963460.03000002
2025-08-01 10:51:41 AM,29.8,0,0.0,41963460.03000002
2025-08-01 10:51:41 AM,29.8,3385,100873.0,42064333.03000002
2025-08-01 10:51:47 AM,29.8,2,59.6,42064392.630000025
2025-08-01 10:52:02 AM,29.8,231,6883.8,42071276.43000002
2025-08-01 10:52:03 AM,29.8,5,149.0,42071425.43000002
2025-08-01 10:52:13 AM,29.82,0,0.0,42071425.43000002
2025-08-01 10:52:13 AM,29.82,2000,59640.0,42131065.43000002
2025-08-01 10:52:19 AM,29.78,0,0.0,42131065.43000002
2025-08-01 10:52:19 AM,29.78,373,11107.94,42142173.37000002
2025-08-01 10:52:24 AM,29.8,150,4470.0,42146643.37000002
2025-08-01 10:52:33 AM,29.78,0,0.0,42146643.37000002
2025-08-01 10:52:35 AM,29.78,1,29.78,42146673.15000002
2025-08-01 10:52:39 AM,29.8,0,0.0,42146673.15000002
2025-08-01 10:52:40 AM,29.8,6,178.8,42146851.95000002
2025-08-01 10:52:56 AM,29.8,26,774.8000000000001,42147626.750000015
2025-08-01 10:53:01 AM,29.8,378,11264.4,42158891.15000001
2025-08-01 10:53:17 AM,29.78,0,0.0,42158891.15000001
2025-08-01 10:53:17 AM,29.78,1,29.78,42158920.930000015
2025-08-01 10:53:18 AM,29.8,100,2980.0,42161900.930000015
2025-08-01 10:53:23 AM,29.8,16,476.8,42162377.73000001
2025-08-01 10:53:28 AM,29.8,93,2771.4,42165149.13000001
2025-08-01 10:53:31 AM,29.78,0,0.0,42165149.13000001
2025-08-01 10:53:33 AM,29.78,1,29.78,42165178.91000001
2025-08-01 10:53:44 AM,29.78,200,5956.0,42171134.91000001
2025-08-01 10:54:06 AM,29.8,2,59.6,42171194.51000001
2025-08-01 10:54:16 AM,29.8,5,149.0,42171343.51000001
2025-08-01 10:54:32 AM,29.8,1,29.8,42171373.31000001
2025-08-01 10:54:37 AM,29.8,5,149.0,42171522.31000001
2025-08-01 10:54:45 AM,29.83,0,0.0,42171522.31000001
2025-08-01 10:54:48 AM,29.79,10100,300879.0,42472401.31000001
2025-08-01 10:54:55 AM,29.8,0,0.0,42472401.31000001
2025-08-01 10:54:59 AM,29.8,99,2950.2000000000003,42475351.51000001
2025-08-01 10:55:09 AM,29.8,50,1490.0,42476841.51000001
2025-08-01 10:55:13 AM,29.81,0,0.0,42476841.51000001
2025-08-01 10:55:14 AM,29.81,200,5962.0,42482803.51000001
2025-08-01 10:55:17 AM,29.79,0,0.0,42482803.51000001
2025-08-01 10:55:19 AM,29.79,37,1102.23,42483905.74000001
2025-08-01 10:55:36 AM,29.79,2113,62946.27,42546852.01000001
2025-08-01 10:55:42 AM,29.79,187,5570.73,42552422.74000001
2025-08-01 10:55:58 AM,29.79,1101,32798.79,42585221.53000001
2025-08-01 10:56:18 AM,29.79,8,238.32,42585459.85000001
2025-08-01 10:56:29 AM,29.79,1,29.79,42585489.64000001
2025-08-01 10:56:35 AM,29.76,0,0.0,42585489.64000001
2025-08-01 10:56:36 AM,29.76,36492,1086001.9200000002,43671491.56000001
2025-08-01 10:56:43 AM,29.77,0,0.0,43671491.56000001
2025-08-01 10:56:45 AM,29.77,1,29.77,43671521.33000001
2025-08-01 10:56:46 AM,29.77,500,14885.0,43686406.33000001
2025-08-01 10:56:59 AM,29.76,0,0.0,43686406.33000001
2025-08-01 10:57:01 AM,29.76,11,327.36,43686733.69000001
2025-08-01 10:57:07 AM,29.76,150,4464.0,43691197.69000001
2025-08-01 10:57:11 AM,29.79,0,0.0,43691197.69000001
2025-08-01 10:57:11 AM,29.79,19166,570955.14,44262152.83000001
2025-08-01 10:57:16 AM,29.8,1,29.8,44262182.63000001
2025-08-01 10:57:32 AM,29.8,31,923.8000000000001,44263106.43000001
2025-08-01 10:57:37 AM,29.77,0,0.0,44263106.43000001
2025-08-01 10:57:38 AM,29.77,1,29.77,44263136.20000001
2025-08-01 10:57:48 AM,29.77,2,59.54,44263195.74000001
2025-08-01 10:57:59 AM,29.77,100,2977.0,44266172.74000001
2025-08-01 10:58:10 AM,29.77,5,148.85,44266321.59000001
2025-08-01 10:58:37 AM,29.79,0,0.0,44266321.59000001
2025-08-01 10:58:37 AM,29.77,130,3870.1,44270191.69000001
2025-08-01 10:58:39 AM,29.79,0,0.0,44270191.69000001
2025-08-01 10:58:42 AM,29.79,10005,298048.95,44568240.640000015
2025-08-01 10:58:53 AM,29.79,250,7447.5,44575688.140000015
2025-08-01 10:58:54 AM,29.79,2000,59580.0,44635268.140000015
2025-08-01 10:58:55 AM,29.78,0,0.0,44635268.140000015
2025-08-01 10:58:59 AM,29.78,30,893.4000000000001,44636161.540000014
2025-08-01 10:59:24 AM,29.78,14,416.92,44636578.460000016
2025-08-01 10:59:31 AM,29.79,0,0.0,44636578.460000016
2025-08-01 10:59:34 AM,29.79,10,297.9,44636876.360000014
2025-08-01 10:59:45 AM,29.79,1,29.79,44636906.15000001
2025-08-01 10:59:50 AM,29.79,150,4468.5,44641374.65000001
2025-08-01 10:59:55 AM,29.78,0,0.0,44641374.65000001
2025-08-01 10:59:56 AM,29.78,1,29.78,44641404.430000015
2025-08-01 11:00:01 AM,29.78,199,5926.22,44647330.65000001
2025-08-01 11:00:08 AM,29.78,21,625.38,44647956.030000016
2025-08-01 11:00:13 AM,29.78,4,119.12,44648075.15000001
2025-08-01 11:00:19 AM,29.78,15,446.70000000000005,44648521.85000002
2025-08-01 11:00:25 AM,29.78,10,297.8,44648819.65000001
2025-08-01 11:00:30 AM,29.78,33,982.74,44649802.390000015
2025-08-01 11:00:35 AM,29.78,500,14890.0,44664692.390000015
2025-08-01 11:00:40 AM,29.78,101,3007.78,44667700.17000002
2025-08-01 11:00:51 AM,29.78,18,536.04,44668236.210000016
2025-08-01 11:01:18 AM,29.78,5,148.9,44668385.110000014
2025-08-01 11:01:18 AM,29.78,10,297.8,44668682.91000001
2025-08-01 11:01:23 AM,29.78,1000,29780.0,44698462.91000001
2025-08-01 11:01:33 AM,29.78,125,3722.5,44702185.41000001
2025-08-01 11:01:44 AM,29.78,6,178.68,44702364.09000001
2025-08-01 11:01:45 AM,29.78,50,1489.0,44703853.09000001
2025-08-01 11:01:49 AM,29.78,1,29.78,44703882.87000001
2025-08-01 11:01:59 AM,29.78,1250,37225.0,44741107.87000001
2025-08-01 11:02:09 AM,29.77,200,5954.0,44747061.87000001
2025-08-01 11:02:27 AM,29.78,3,89.34,44747151.210000016
2025-08-01 11:02:32 AM,29.78,1,29.78,44747180.99000002
2025-08-01 11:02:38 AM,29.78,80,2382.4,44749563.390000015
2025-08-01 11:02:39 AM,29.79,1873,55796.67,44805360.06000002
2025-08-01 11:03:02 AM,29.8,0,0.0,44805360.06000002
2025-08-01 11:03:04 AM,29.8,33,983.4,44806343.460000016
2025-08-01 11:03:10 AM,29.8,4,119.2,44806462.66000002
2025-08-01 11:03:44 AM,29.79,0,0.0,44806462.66000002
2025-08-01 11:03:45 AM,29.79,100,2979.0,44809441.66000002
2025-08-01 11:03:51 AM,29.79,2,59.58,44809501.24000002
2025-08-01 11:03:53 AM,29.79,231,6881.49,44816382.73000002
2025-08-01 11:03:58 AM,29.78,0,0.0,44816382.73000002
2025-08-01 11:03:58 AM,29.8,1589,47352.200000000004,44863734.93000002
2025-08-01 11:04:00 AM,29.78,0,0.0,44863734.93000002
2025-08-01 11:04:01 AM,29.78,1384,41215.520000000004,44904950.450000025
2025-08-01 11:04:10 AM,29.8,0,0.0,44904950.450000025
2025-08-01 11:04:11 AM,29.8,1,29.8,44904980.25000002
2025-08-01 11:04:14 AM,29.8,650,19370.0,44924350.25000002
2025-08-01 11:04:22 AM,29.8,3734,111273.2,45035623.450000025
2025-08-01 11:04:34 AM,29.8,1,29.8,45035653.25000002
2025-08-01 11:04:42 AM,29.8,25,745.0,45036398.25000002
2025-08-01 11:04:48 AM,29.8,22,655.6,45037053.850000024
2025-08-01 11:04:50 AM,29.8,2,59.6,45037113.450000025
2025-08-01 11:04:52 AM,29.79,0,0.0,45037113.450000025
2025-08-01 11:04:53 AM,29.79,499,14865.21,45051978.660000026
2025-08-01 11:04:58 AM,29.79,50,1489.5,45053468.160000026
2025-08-01 11:05:04 AM,29.79,1,29.79,45053497.950000025
2025-08-01 11:05:09 AM,29.79,10,297.9,45053795.850000024
2025-08-01 11:05:26 AM,29.79,51,1519.29,45055315.14000002
2025-08-01 11:05:30 AM,29.79,6,178.74,45055493.880000025
2025-08-01 11:05:32 AM,29.79,5,148.95,45055642.83000003
2025-08-01 11:05:36 AM,29.79,6,178.74,45055821.57000003
2025-08-01 11:05:41 AM,29.77,0,0.0,45055821.57000003
2025-08-01 11:05:41 AM,29.77,622,18516.94,45074338.51000003
2025-08-01 11:05:52 AM,29.77,215,6400.55,45080739.060000025
2025-08-01 11:05:54 AM,29.79,1,29.79,45080768.850000024
2025-08-01 11:05:59 AM,29.79,5,148.95,45080917.80000003
2025-08-01 11:06:02 AM,29.77,0,0.0,45080917.80000003
2025-08-01 11:06:03 AM,29.77,1,29.77,45080947.57000003
2025-08-01 11:06:14 AM,29.79,0,0.0,45080947.57000003
2025-08-01 11:06:15 AM,29.79,170,5064.3,45086011.87000003
2025-08-01 11:06:25 AM,29.79,2,59.58,45086071.450000025
2025-08-01 11:06:32 AM,29.79,58,1727.82,45087799.270000026
2025-08-01 11:06:33 AM,29.79,1,29.79,45087829.060000025
2025-08-01 11:06:38 AM,29.79,3,89.37,45087918.43000002
2025-08-01 11:06:40 AM,29.79,120,3574.7999999999997,45091493.23000002
2025-08-01 11:06:44 AM,29.79,50,1489.5,45092982.73000002
2025-08-01 11:06:46 AM,29.79,5,148.95,45093131.68000002
2025-08-01 11:07:22 AM,29.79,3,89.37,45093221.05000002
2025-08-01 11:07:40 AM,29.78,0,0.0,45093221.05000002
2025-08-01 11:07:40 AM,29.78,15,446.70000000000005,45093667.75000002
2025-08-01 11:07:52 AM,29.79,0,0.0,45093667.75000002
2025-08-01 11:07:55 AM,29.79,11,327.69,45093995.44000002
2025-08-01 11:07:56 AM,29.79,1007,29998.53,45123993.97000002
2025-08-01 11:08:00 AM,29.79,52,1549.08,45125543.05000002
2025-08-01 11:08:02 AM,29.77,0,0.0,45125543.05000002
2025-08-01 11:08:05 AM,29.77,24,714.48,45126257.530000016
2025-08-01 11:08:06 AM,29.79,0,0.0,45126257.530000016
2025-08-01 11:08:07 AM,29.79,1,29.79,45126287.320000015
2025-08-01 11:08:26 AM,29.77,0,0.0,45126287.320000015
2025-08-01 11:08:26 AM,29.77,5300,157781.0,45284068.320000015
2025-08-01 11:08:42 AM,29.78,40,1191.2,45285259.52000002
2025-08-01 11:08:44 AM,29.78,2,59.56,45285319.08000002
2025-08-01 11:08:52 AM,29.78,1,29.78,45285348.86000002
2025-08-01 11:08:58 AM,29.75,326,9698.5,45295047.36000002
2025-08-01 11:09:01 AM,29.74,1244,36996.56,45332043.920000024
2025-08-01 11:09:07 AM,29.74,1,29.74,45332073.660000026
2025-08-01 11:09:09 AM,29.75,0,0.0,45332073.660000026
2025-08-01 11:09:10 AM,29.75,600,17850.0,45349923.660000026
2025-08-01 11:09:17 AM,29.71,0,0.0,45349923.660000026
2025-08-01 11:09:18 AM,29.71,1800,53478.0,45403401.660000026
2025-08-01 11:09:21 AM,29.75,0,0.0,45403401.660000026
2025-08-01 11:09:21 AM,29.75,1100,32725.0,45436126.660000026
2025-08-01 11:09:32 AM,29.75,20,595.0,45436721.660000026
2025-08-01 11:09:45 AM,29.74,9,267.65999999999997,45436989.32000002
2025-08-01 11:09:53 AM,29.75,0,0.0,45436989.32000002
2025-08-01 11:09:54 AM,29.75,5,148.75,45437138.07000002
2025-08-01 11:09:59 AM,29.75,2,59.5,45437197.57000002
2025-08-01 11:10:10 AM,29.75,50,1487.5,45438685.07000002
2025-08-01 11:10:15 AM,29.75,1058,31475.5,45470160.57000002
2025-08-01 11:10:16 AM,29.75,10,297.5,45470458.07000002
2025-08-01 11:10:25 AM,29.75,1326,39448.5,45509906.57000002
2025-08-01 11:10:43 AM,29.74,0,0.0,45509906.57000002
2025-08-01 11:10:48 AM,29.74,57,1695.1799999999998,45511601.75000002
2025-08-01 11:11:01 AM,29.73,0,0.0,45511601.75000002
2025-08-01 11:11:04 AM,29.73,200,5946.0,45517547.75000002
2025-08-01 11:11:06 AM,29.75,0,0.0,45517547.75000002
2025-08-01 11:11:10 AM,29.75,730,21717.5,45539265.25000002
2025-08-01 11:11:11 AM,29.75,728,21658.0,45560923.25000002
2025-08-01 11:11:15 AM,29.75,1238,36830.5,45597753.75000002
2025-08-01 11:11:19 AM,29.74,0,0.0,45597753.75000002
2025-08-01 11:11:20 AM,29.74,57,1695.1799999999998,45599448.93000002
2025-08-01 11:11:21 AM,29.75,0,0.0,45599448.93000002
2025-08-01 11:11:21 AM,29.75,728,21658.0,45621106.93000002
2025-08-01 11:11:48 AM,29.75,50,1487.5,45622594.43000002
2025-08-01 11:12:08 AM,29.75,2,59.5,45622653.93000002
2025-08-01 11:12:14 AM,29.75,10,297.5,45622951.43000002
2025-08-01 11:12:30 AM,29.75,547,16273.25,45639224.68000002
2025-08-01 11:12:31 AM,29.75,1,29.75,45639254.43000002
2025-08-01 11:12:36 AM,29.75,100,2975.0,45642229.43000002
2025-08-01 11:12:41 AM,29.75,50,1487.5,45643716.93000002
2025-08-01 11:12:49 AM,29.73,0,0.0,45643716.93000002
2025-08-01 11:12:51 AM,29.73,983,29224.59,45672941.520000026
2025-08-01 11:12:53 AM,29.72,0,0.0,45672941.520000026
2025-08-01 11:12:55 AM,29.73,0,0.0,45672941.520000026
2025-08-01 11:12:56 AM,29.73,164,4875.72,45677817.240000024
2025-08-01 11:13:23 AM,29.73,800,23784.0,45701601.240000024
2025-08-01 11:13:57 AM,29.73,200,5946.0,45707547.240000024
2025-08-01 11:14:06 AM,29.75,0,0.0,45707547.240000024
2025-08-01 11:14:07 AM,29.75,2,59.5,45707606.740000024
2025-08-01 11:14:32 AM,29.73,0,0.0,45707606.740000024
2025-08-01 11:14:34 AM,29.73,300,8919.0,45716525.740000024
2025-08-01 11:14:40 AM,29.75,0,0.0,45716525.740000024
2025-08-01 11:14:40 AM,29.75,50,1487.5,45718013.240000024
2025-08-01 11:14:48 AM,29.73,0,0.0,45718013.240000024
2025-08-01 11:14:50 AM,29.73,500,14865.0,45732878.240000024
2025-08-01 11:15:16 AM,29.74,0,0.0,45732878.240000024
2025-08-01 11:15:17 AM,29.74,1356,40327.439999999995,45773205.68000002
2025-08-01 11:15:18 AM,29.75,0,0.0,45773205.68000002
2025-08-01 11:15:20 AM,29.74,0,0.0,45773205.68000002
2025-08-01 11:15:22 AM,29.74,67,1992.58,45775198.26000002
2025-08-01 11:15:23 AM,29.75,500,14875.0,45790073.26000002
2025-08-01 11:15:38 AM,29.74,22,654.28,45790727.54000002
2025-08-01 11:15:53 AM,29.74,1,29.74,45790757.28000002
2025-08-01 11:15:58 AM,29.75,0,0.0,45790757.28000002
2025-08-01 11:15:58 AM,29.75,3574,106326.5,45897083.78000002
2025-08-01 11:15:59 AM,29.75,40,1190.0,45898273.78000002
2025-08-01 11:16:03 AM,29.75,25,743.75,45899017.53000002
2025-08-01 11:16:09 AM,29.75,1700,50575.0,45949592.53000002
2025-08-01 11:16:14 AM,29.75,2,59.5,45949652.03000002
2025-08-01 11:16:16 AM,29.75,90,2677.5,45952329.53000002
2025-08-01 11:16:25 AM,29.75,3,89.25,45952418.78000002
2025-08-01 11:16:32 AM,29.75,2,59.5,45952478.28000002
2025-08-01 11:16:34 AM,29.76,0,0.0,45952478.28000002
2025-08-01 11:16:35 AM,29.74,3009,89487.65999999999,46041965.94000002
2025-08-01 11:17:06 AM,29.76,0,0.0,46041965.94000002
2025-08-01 11:17:07 AM,29.76,60,1785.6000000000001,46043751.54000002
2025-08-01 11:17:36 AM,29.76,10,297.6,46044049.14000002
2025-08-01 11:17:39 AM,29.76,20,595.2,46044644.340000026
2025-08-01 11:17:48 AM,29.75,0,0.0,46044644.340000026
2025-08-01 11:17:50 AM,29.75,50,1487.5,46046131.840000026
2025-08-01 11:18:08 AM,29.76,135,4017.6000000000004,46050149.44000003
2025-08-01 11:18:08 AM,29.75,0,0.0,46050149.44000003
2025-08-01 11:18:11 AM,29.75,10,297.5,46050446.94000003
2025-08-01 11:18:20 AM,29.76,0,0.0,46050446.94000003
2025-08-01 11:18:22 AM,29.76,20,595.2,46051042.14000003
2025-08-01 11:18:39 AM,29.76,5,148.8,46051190.94000003
2025-08-01 11:18:45 AM,29.76,10,297.6,46051488.54000003
2025-08-01 11:18:48 AM,29.75,0,0.0,46051488.54000003
2025-08-01 11:18:51 AM,29.75,50,1487.5,46052976.04000003
2025-08-01 11:19:14 AM,29.75,240,7140.0,46060116.04000003
2025-08-01 11:19:25 AM,29.75,5,148.75,46060264.79000003
2025-08-01 11:19:31 AM,29.75,10,297.5,46060562.29000003
2025-08-01 11:19:35 AM,29.74,0,0.0,46060562.29000003
2025-08-01 11:19:36 AM,29.74,37,1100.3799999999999,46061662.67000003
2025-08-01 11:19:41 AM,29.74,50,1487.0,46063149.67000003
2025-08-01 11:20:02 AM,29.74,1,29.74,46063179.41000003
2025-08-01 11:20:04 AM,29.75,0,0.0,46063179.41000003
2025-08-01 11:20:08 AM,29.75,2,59.5,46063238.91000003
2025-08-01 11:20:15 AM,29.74,0,0.0,46063238.91000003
2025-08-01 11:20:18 AM,29.74,46,1368.04,46064606.95000003
2025-08-01 11:20:24 AM,29.74,591,17576.34,46082183.29000004
2025-08-01 11:20:29 AM,29.74,4,118.96,46082302.25000004
2025-08-01 11:20:34 AM,29.74,1,29.74,46082331.99000004
2025-08-01 11:20:35 AM,29.74,50,1487.0,46083818.99000004
2025-08-01 11:20:41 AM,29.73,0,0.0,46083818.99000004
2025-08-01 11:20:43 AM,29.75,0,0.0,46083818.99000004
2025-08-01 11:20:45 AM,29.75,236,7021.0,46090839.99000004
2025-08-01 11:20:50 AM,29.75,50,1487.5,46092327.49000004
2025-08-01 11:21:11 AM,29.75,1000,29750.0,46122077.49000004
2025-08-01 11:21:27 AM,29.75,45,1338.75,46123416.24000004
2025-08-01 11:21:37 AM,29.75,50,1487.5,46124903.74000004
2025-08-01 11:21:47 AM,29.75,100,2975.0,46127878.74000004
2025-08-01 11:21:52 AM,29.75,5,148.75,46128027.49000004
2025-08-01 11:22:19 AM,29.75,450,13387.5,46141414.99000004
2025-08-01 11:22:21 AM,29.74,0,0.0,46141414.99000004
2025-08-01 11:22:24 AM,29.74,1000,29740.0,46171154.99000004
2025-08-01 11:22:29 AM,29.75,1850,55037.5,46226192.49000004
2025-08-01 11:22:31 AM,29.74,0,0.0,46226192.49000004
2025-08-01 11:22:33 AM,29.75,0,0.0,46226192.49000004
2025-08-01 11:22:35 AM,29.75,31,922.25,46227114.74000004
2025-08-01 11:22:40 AM,29.75,205,6098.75,46233213.49000004
2025-08-01 11:22:45 AM,29.75,10,297.5,46233510.99000004
2025-08-01 11:22:51 AM,29.75,200,5950.0,46239460.99000004
2025-08-01 11:23:06 AM,29.75,20,595.0,46240055.99000004
2025-08-01 11:23:38 AM,29.75,335,9966.25,46250022.24000004
2025-08-01 11:23:43 AM,29.75,200,5950.0,46255972.24000004
2025-08-01 11:23:53 AM,29.75,65,1933.75,46257905.99000004
2025-08-01 11:24:07 AM,29.75,335,9966.25,46267872.24000004
2025-08-01 11:24:12 AM,29.75,336,9996.0,46277868.24000004
2025-08-01 11:24:18 AM,29.75,35,1041.25,46278909.49000004
2025-08-01 11:24:23 AM,29.75,59,1755.25,46280664.74000004
2025-08-01 11:24:28 AM,29.74,0,0.0,46280664.74000004
2025-08-01 11:24:29 AM,29.74,650,19331.0,46299995.74000004
2025-08-01 11:24:41 AM,29.75,0,0.0,46299995.74000004
2025-08-01 11:24:45 AM,29.75,1,29.75,46300025.49000004
2025-08-01 11:25:11 AM,29.75,211,6277.25,46306302.74000004
2025-08-01 11:25:17 AM,29.75,1700,50575.0,46356877.74000004
2025-08-01 11:25:26 AM,29.75,3,89.25,46356966.99000004
2025-08-01 11:25:32 AM,29.75,327,9728.25,46366695.24000004
2025-08-01 11:25:53 AM,29.75,672,19992.0,46386687.24000004
2025-08-01 11:25:55 AM,29.74,0,0.0,46386687.24000004
2025-08-01 11:25:58 AM,29.74,1,29.74,46386716.98000004
2025-08-01 11:26:01 AM,29.75,0,0.0,46386716.98000004
2025-08-01 11:26:03 AM,29.75,5,148.75,46386865.73000004
2025-08-01 11:26:23 AM,29.74,0,0.0,46386865.73000004
2025-08-01 11:26:23 AM,29.74,300,8922.0,46395787.73000004
2025-08-01 11:26:28 AM,29.75,0,0.0,46395787.73000004
2025-08-01 11:26:29 AM,29.75,25,743.75,46396531.48000004
2025-08-01 11:26:30 AM,29.75,10,297.5,46396828.98000004
2025-08-01 11:26:33 AM,29.74,0,0.0,46396828.98000004
2025-08-01 11:26:34 AM,29.74,12,356.88,46397185.860000044
2025-08-01 11:26:38 AM,29.75,0,0.0,46397185.860000044
2025-08-01 11:26:39 AM,29.75,4,119.0,46397304.860000044
2025-08-01 11:26:44 AM,29.75,37,1100.75,46398405.610000044
2025-08-01 11:26:46 AM,29.74,0,0.0,46398405.610000044
2025-08-01 11:26:49 AM,29.75,6,178.5,46398584.110000044
2025-08-01 11:26:55 AM,29.75,5,148.75,46398732.860000044
2025-08-01 11:27:05 AM,29.75,100,2975.0,46401707.860000044
2025-08-01 11:27:16 AM,29.75,870,25882.5,46427590.360000044
2025-08-01 11:27:25 AM,29.76,0,0.0,46427590.360000044
2025-08-01 11:27:26 AM,29.76,1,29.76,46427620.12000004
2025-08-01 11:27:30 AM,29.76,18,535.6800000000001,46428155.80000004
2025-08-01 11:27:41 AM,29.75,1,29.75,46428185.55000004
2025-08-01 11:27:57 AM,29.75,500,14875.0,46443060.55000004
2025-08-01 11:28:21 AM,29.75,18,535.5,46443596.05000004
2025-08-01 11:28:39 AM,29.76,0,0.0,46443596.05000004
2025-08-01 11:28:42 AM,29.76,50,1488.0,46445084.05000004
2025-08-01 11:28:44 AM,29.76,800,23808.0,46468892.05000004
2025-08-01 11:28:49 AM,29.76,10,297.6,46469189.65000004
2025-08-01 11:28:57 AM,29.76,700,20832.0,46490021.65000004
2025-08-01 11:29:03 AM,29.75,0,0.0,46490021.65000004
2025-08-01 11:29:04 AM,29.75,5000,148750.0,46638771.65000004
2025-08-01 11:29:12 AM,29.76,6,178.56,46638950.210000046
2025-08-01 11:29:15 AM,29.76,208,6190.08,46645140.290000044
2025-08-01 11:29:26 AM,29.76,6,178.56,46645318.850000046
2025-08-01 11:29:29 AM,29.76,200,5952.0,46651270.850000046
2025-08-01 11:29:41 AM,29.76,5,148.8,46651419.65000004
2025-08-01 11:29:44 AM,29.76,8,238.08,46651657.73000004
2025-08-01 11:29:52 AM,29.76,1000,29760.0,46681417.73000004
2025-08-01 11:30:10 AM,29.76,100,2976.0,46684393.73000004
2025-08-01 11:30:21 AM,29.76,2,59.52,46684453.250000045
2025-08-01 11:30:26 AM,29.75,0,0.0,46684453.250000045
2025-08-01 11:30:28 AM,29.75,1,29.75,46684483.000000045
2025-08-01 11:30:36 AM,29.76,400,11904.0,46696387.000000045
2025-08-01 11:30:42 AM,29.77,0,0.0,46696387.000000045
2025-08-01 11:30:43 AM,29.77,200,5954.0,46702341.000000045
2025-08-01 11:30:44 AM,29.78,0,0.0,46702341.000000045
2025-08-01 11:30:45 AM,29.78,4802,143003.56,46845344.56000005
2025-08-01 11:30:52 AM,29.78,89,2650.42,46847994.98000005
2025-08-01 11:30:58 AM,29.78,100,2978.0,46850972.98000005
2025-08-01 11:31:08 AM,29.77,3100,92287.0,46943259.98000005
2025-08-01 11:31:13 AM,29.77,806,23994.62,46967254.600000046
2025-08-01 11:31:16 AM,29.78,0,0.0,46967254.600000046
2025-08-01 11:31:18 AM,29.78,60,1786.8000000000002,46969041.40000004
2025-08-01 11:31:28 AM,29.77,0,0.0,46969041.40000004
2025-08-01 11:31:29 AM,29.77,1500,44655.0,47013696.40000004
2025-08-01 11:31:30 AM,29.78,0,0.0,47013696.40000004
2025-08-01 11:31:31 AM,29.78,23,684.94,47014381.34000004
2025-08-01 11:31:40 AM,29.79,0,0.0,47014381.34000004
2025-08-01 11:31:41 AM,29.79,10,297.9,47014679.24000004
2025-08-01 11:31:42 AM,29.78,0,0.0,47014679.24000004
2025-08-01 11:31:44 AM,29.78,2990,89042.2,47103721.44000004
2025-08-01 11:31:54 AM,29.78,10,297.8,47104019.24000004
2025-08-01 11:32:00 AM,29.78,28,833.84,47104853.08000004
2025-08-01 11:32:05 AM,29.76,0,0.0,47104853.08000004
2025-08-01 11:32:06 AM,29.76,450,13392.0,47118245.08000004
2025-08-01 11:32:15 AM,29.78,0,0.0,47118245.08000004
2025-08-01 11:32:16 AM,29.78,100,2978.0,47121223.08000004
2025-08-01 11:32:36 AM,29.78,2,59.56,47121282.640000045
2025-08-01 11:33:02 AM,29.76,0,0.0,47121282.640000045
2025-08-01 11:33:02 AM,29.76,2183,64966.08,47186248.72000004
2025-08-01 11:33:12 AM,29.77,0,0.0,47186248.72000004
2025-08-01 11:33:13 AM,29.77,2600,77402.0,47263650.72000004
2025-08-01 11:33:17 AM,29.78,0,0.0,47263650.72000004
2025-08-01 11:33:18 AM,29.78,5104,151997.12,47415647.84000004
2025-08-01 11:33:28 AM,29.76,0,0.0,47415647.84000004
2025-08-01 11:33:28 AM,29.76,2799,83298.24,47498946.08000004
2025-08-01 11:33:32 AM,29.77,0,0.0,47498946.08000004
2025-08-01 11:33:33 AM,29.77,2,59.54,47499005.62000004
2025-08-01 11:33:35 AM,29.78,0,0.0,47499005.62000004
2025-08-01 11:33:38 AM,29.78,2000,59560.0,47558565.62000004
2025-08-01 11:34:03 AM,29.76,0,0.0,47558565.62000004
2025-08-01 11:34:03 AM,29.76,300,8928.0,47567493.62000004
2025-08-01 11:34:10 AM,29.77,0,0.0,47567493.62000004
2025-08-01 11:34:14 AM,29.77,5,148.85,47567642.47000004
2025-08-01 11:34:15 AM,29.75,0,0.0,47567642.47000004
2025-08-01 11:34:19 AM,29.75,3667,109093.25,47676735.72000004
2025-08-01 11:34:26 AM,29.73,0,0.0,47676735.72000004
2025-08-01 11:34:27 AM,29.75,0,0.0,47676735.72000004
2025-08-01 11:34:29 AM,29.75,173,5146.75,47681882.47000004
2025-08-01 11:34:39 AM,29.75,5000,148750.0,47830632.47000004
2025-08-01 11:34:50 AM,29.75,10,297.5,47830929.97000004
2025-08-01 11:35:22 AM,29.75,100,2975.0,47833904.97000004
2025-08-01 11:35:22 AM,29.73,0,0.0,47833904.97000004
2025-08-01 11:35:24 AM,29.75,0,0.0,47833904.97000004
2025-08-01 11:35:27 AM,29.75,354,10531.5,47844436.47000004
2025-08-01 11:35:38 AM,29.75,503,14964.25,47859400.72000004
2025-08-01 11:35:43 AM,29.75,1,29.75,47859430.47000004
2025-08-01 11:35:58 AM,29.75,500,14875.0,47874305.47000004
2025-08-01 11:36:08 AM,29.75,20,595.0,47874900.47000004
2025-08-01 11:36:11 AM,29.76,0,0.0,47874900.47000004
2025-08-01 11:36:14 AM,29.76,600,17856.0,47892756.47000004
2025-08-01 11:36:28 AM,29.75,0,0.0,47892756.47000004
2025-08-01 11:36:29 AM,29.75,100,2975.0,47895731.47000004
2025-08-01 11:36:36 AM,29.76,0,0.0,47895731.47000004
2025-08-01 11:36:39 AM,29.76,5,148.8,47895880.27000004
2025-08-01 11:36:45 AM,29.76,1,29.76,47895910.03000004
2025-08-01 11:36:50 AM,29.76,9,267.84000000000003,47896177.87000004
2025-08-01 11:36:55 AM,29.76,270,8035.200000000001,47904213.070000045
2025-08-01 11:36:56 AM,29.76,3,89.28,47904302.350000046
2025-08-01 11:37:17 AM,29.76,2,59.52,47904361.87000005
2025-08-01 11:37:38 AM,29.76,100,2976.0,47907337.87000005
2025-08-01 11:37:53 AM,29.76,175,5208.0,47912545.87000005
2025-08-01 11:37:56 AM,29.75,0,0.0,47912545.87000005
2025-08-01 11:37:58 AM,29.75,6,178.5,47912724.37000005
2025-08-01 11:38:03 AM,29.75,3833,114031.75,48026756.12000005
2025-08-01 11:38:11 AM,29.73,0,0.0,48026756.12000005
2025-08-01 11:38:13 AM,29.73,7,208.11,48026964.23000005
2025-08-01 11:38:13 AM,29.76,69,2053.44,48029017.67000005
2025-08-01 11:38:32 AM,29.73,0,0.0,48029017.67000005
2025-08-01 11:38:33 AM,29.76,0,0.0,48029017.67000005
2025-08-01 11:38:33 AM,29.76,219,6517.4400000000005,48035535.110000044
2025-08-01 11:38:38 AM,29.76,20,595.2,48036130.31000005
2025-08-01 11:38:39 AM,29.76,10,297.6,48036427.91000005
2025-08-01 11:38:43 AM,29.76,20,595.2,48037023.11000005
2025-08-01 11:38:47 AM,29.74,0,0.0,48037023.11000005
2025-08-01 11:38:48 AM,29.74,4,118.96,48037142.07000005
2025-08-01 11:38:51 AM,29.76,0,0.0,48037142.07000005
2025-08-01 11:38:53 AM,29.76,10,297.6,48037439.670000054
2025-08-01 11:39:06 AM,29.74,0,0.0,48037439.670000054
2025-08-01 11:39:08 AM,29.74,930,27658.199999999997,48065097.87000006
2025-08-01 11:39:17 AM,29.76,0,0.0,48065097.87000006
2025-08-01 11:39:18 AM,29.76,19,565.44,48065663.310000055
2025-08-01 11:39:26 AM,29.74,0,0.0,48065663.310000055
2025-08-01 11:39:28 AM,29.74,2572,76491.28,48142154.590000056
2025-08-01 11:39:33 AM,29.74,4919,146291.06,48288445.65000006
2025-08-01 11:39:41 AM,29.74,150,4461.0,48292906.65000006
2025-08-01 11:39:56 AM,29.74,7,208.17999999999998,48293114.83000006
2025-08-01 11:40:02 AM,29.74,100,2974.0,48296088.83000006
2025-08-01 11:40:11 AM,29.74,1,29.74,48296118.57000006
2025-08-01 11:40:19 AM,29.73,0,0.0,48296118.57000006
2025-08-01 11:40:21 AM,29.73,742,22059.66,48318178.23000006
2025-08-01 11:40:35 AM,29.74,0,0.0,48318178.23000006
2025-08-01 11:40:36 AM,29.74,1000,29740.0,48347918.23000006
2025-08-01 11:40:40 AM,29.72,0,0.0,48347918.23000006
2025-08-01 11:40:42 AM,29.72,50,1486.0,48349404.23000006
2025-08-01 11:40:54 AM,29.74,0,0.0,48349404.23000006
2025-08-01 11:40:57 AM,29.74,1,29.74,48349433.97000006
2025-08-01 11:41:02 AM,29.74,3,89.22,48349523.19000006
2025-08-01 11:41:12 AM,29.74,34,1011.16,48350534.35000005
2025-08-01 11:41:22 AM,29.74,100,2974.0,48353508.35000005
2025-08-01 11:41:27 AM,29.74,2020,60074.799999999996,48413583.15000005
2025-08-01 11:41:32 AM,29.74,134,3985.16,48417568.31000005
2025-08-01 11:41:47 AM,29.74,670,19925.8,48437494.110000044
2025-08-01 11:41:58 AM,29.74,500,14870.0,48452364.110000044
2025-08-01 11:42:08 AM,29.74,35,1040.8999999999999,48453405.01000004
2025-08-01 11:42:18 AM,29.74,1,29.74,48453434.750000045
2025-08-01 11:42:28 AM,29.74,25,743.5,48454178.250000045
2025-08-01 11:42:32 AM,29.72,0,0.0,48454178.250000045
2025-08-01 11:42:34 AM,29.72,2358,70079.76,48524258.01000004
2025-08-01 11:42:47 AM,29.74,0,0.0,48524258.01000004
2025-08-01 11:42:48 AM,29.72,0,0.0,48524258.01000004
2025-08-01 11:42:50 AM,29.72,707,21012.04,48545270.05000004
2025-08-01 11:42:56 AM,29.74,15,446.09999999999997,48545716.15000004
2025-08-01 11:43:00 AM,29.74,202,6007.48,48551723.63000004
2025-08-01 11:43:10 AM,29.73,0,0.0,48551723.63000004
2025-08-01 11:43:11 AM,29.73,5,148.65,48551872.28000004
2025-08-01 11:43:12 AM,29.74,0,0.0,48551872.28000004
2025-08-01 11:43:16 AM,29.74,100,2974.0,48554846.28000004
2025-08-01 11:43:22 AM,29.74,350,10409.0,48565255.28000004
2025-08-01 11:43:26 AM,29.73,0,0.0,48565255.28000004
2025-08-01 11:43:27 AM,29.74,62,1843.8799999999999,48567099.16000004
2025-08-01 11:43:32 AM,29.74,100,2974.0,48570073.16000004
2025-08-01 11:43:42 AM,29.74,1000,29740.0,48599813.16000004
2025-08-01 11:43:47 AM,29.74,292,8684.08,48608497.24000004
2025-08-01 11:44:09 AM,29.71,5390,160136.9,48768634.14000004
2025-08-01 11:44:21 AM,29.74,50,1487.0,48770121.14000004
2025-08-01 11:44:32 AM,29.71,0,0.0,48770121.14000004
2025-08-01 11:44:33 AM,29.71,285,8467.35,48778588.49000004
2025-08-01 11:44:40 AM,29.74,0,0.0,48778588.49000004
2025-08-01 11:44:44 AM,29.74,3,89.22,48778677.71000004
2025-08-01 11:44:46 AM,29.71,0,0.0,48778677.71000004
2025-08-01 11:44:49 AM,29.71,101,3000.71,48781678.42000004
2025-08-01 11:44:52 AM,29.74,0,0.0,48781678.42000004
2025-08-01 11:44:55 AM,29.74,250,7435.0,48789113.42000004
2025-08-01 11:45:00 AM,29.74,100,2974.0,48792087.42000004
2025-08-01 11:45:05 AM,29.74,10,297.4,48792384.82000004
2025-08-01 11:45:16 AM,29.74,50,1487.0,48793871.82000004
2025-08-01 11:45:48 AM,29.74,5,148.7,48794020.52000004
2025-08-01 11:45:50 AM,29.71,0,0.0,48794020.52000004
2025-08-01 11:45:53 AM,29.71,15,445.65000000000003,48794466.17000004
2025-08-01 11:46:19 AM,29.74,0,0.0,48794466.17000004
2025-08-01 11:46:20 AM,29.74,500,14870.0,48809336.17000004
2025-08-01 11:46:46 AM,29.74,30,892.1999999999999,48810228.37000004
2025-08-01 11:46:52 AM,29.74,50,1487.0,48811715.37000004
2025-08-01 11:47:07 AM,29.74,8,237.92,48811953.290000044
2025-08-01 11:47:18 AM,29.74,5,148.7,48812101.99000005
2025-08-01 11:47:32 AM,29.72,0,0.0,48812101.99000005
2025-08-01 11:47:33 AM,29.72,100,2972.0,48815073.99000005
2025-08-01 11:47:42 AM,29.74,0,0.0,48815073.99000005
2025-08-01 11:47:42 AM,29.74,3,89.22,48815163.210000046
2025-08-01 11:47:55 AM,29.72,0,0.0,48815163.210000046
2025-08-01 11:47:59 AM,29.72,251,7459.719999999999,48822622.930000044
