date,price,qty,trnvr,cum_trnvr
2025-08-01 09:15:08 AM,227.5,2705,615387.5,615387.5
2025-08-01 09:15:10 AM,227.5,1756,399490.0,1014877.5
2025-08-01 09:15:17 AM,227.72,0,0.0,1014877.5
2025-08-01 09:15:19 AM,227.72,92,20950.24,1035827.74
2025-08-01 09:15:24 AM,228.99,0,0.0,1035827.74
2025-08-01 09:15:26 AM,229.35,0,0.0,1035827.74
2025-08-01 09:15:28 AM,229.35,1182,271091.7,1306919.44
2025-08-01 09:15:30 AM,228.31,25,5707.75,1312627.19
2025-08-01 09:15:37 AM,228.3,300,68490.0,1381117.19
2025-08-01 09:15:44 AM,229.59,0,0.0,1381117.19
2025-08-01 09:15:45 AM,229.59,20,4591.8,1385708.99
2025-08-01 09:15:47 AM,229.75,310,71222.5,1456931.49
2025-08-01 09:15:49 AM,229.23,0,0.0,1456931.49
2025-08-01 09:15:53 AM,229.23,710,162753.3,1619684.79
2025-08-01 09:15:58 AM,229.22,0,0.0,1619684.79
2025-08-01 09:16:01 AM,228.76,2150,491834.0,2111518.79
2025-08-01 09:16:03 AM,228.83,100,22883.0,2134401.79
2025-08-01 09:16:06 AM,228.27,0,0.0,2134401.79
2025-08-01 09:16:10 AM,228.27,238,54328.26,2188730.05
2025-08-01 09:16:18 AM,228.17,3,684.51,2189414.5599999996
2025-08-01 09:16:19 AM,228.2,515,117523.0,2306937.5599999996
2025-08-01 09:16:26 AM,228.17,1,228.17,2307165.7299999995
2025-08-01 09:16:34 AM,228.17,200,45634.0,2352799.7299999995
2025-08-01 09:16:41 AM,228.6,0,0.0,2352799.7299999995
2025-08-01 09:16:42 AM,228.6,54,12344.4,2365144.1299999994
2025-08-01 09:16:44 AM,228.6,17,3886.2,2369030.3299999996
2025-08-01 09:16:51 AM,228.58,138,31544.04,2400574.3699999996
2025-08-01 09:17:00 AM,228.65,40,9146.0,2409720.3699999996
2025-08-01 09:17:01 AM,228.36,0,0.0,2409720.3699999996
2025-08-01 09:17:07 AM,228.8,209,47819.200000000004,2457539.57
2025-08-01 09:17:09 AM,228.9,70,16023.0,2473562.57
2025-08-01 09:17:11 AM,228.38,0,0.0,2473562.57
2025-08-01 09:17:15 AM,228.87,342,78273.54000000001,2551836.11
2025-08-01 09:17:27 AM,229.8,0,0.0,2551836.11
2025-08-01 09:17:32 AM,229.8,1658,381008.4,2932844.51
2025-08-01 09:17:33 AM,229.8,110,25278.0,2958122.51
2025-08-01 09:17:45 AM,229.33,0,0.0,2958122.51
2025-08-01 09:17:49 AM,229.33,445,102051.85,3060174.36
2025-08-01 09:17:57 AM,229.57,31,7116.67,3067291.03
2025-08-01 09:17:58 AM,229.66,28,6430.48,3073721.51
2025-08-01 09:18:01 AM,229.79,0,0.0,3073721.51
2025-08-01 09:18:06 AM,229.79,41,9421.39,3083142.9
2025-08-01 09:18:14 AM,229.8,110,25278.0,3108420.9
2025-08-01 09:18:17 AM,230.0,0,0.0,3108420.9
2025-08-01 09:18:22 AM,230.0,829,190670.0,3299090.9
2025-08-01 09:18:23 AM,230.1,25,5752.5,3304843.4
2025-08-01 09:18:27 AM,229.85,0,0.0,3304843.4
2025-08-01 09:18:30 AM,229.85,64,14710.4,3319553.8
2025-08-01 09:18:34 AM,230.0,0,0.0,3319553.8
2025-08-01 09:18:38 AM,230.0,202,46460.0,3366013.8
2025-08-01 09:18:39 AM,230.2,3,690.5999999999999,3366704.4
2025-08-01 09:18:48 AM,230.2,42,9668.4,3376372.8
2025-08-01 09:18:55 AM,230.6,2843,655595.7999999999,4031968.5999999996
2025-08-01 09:19:04 AM,230.6,51,11760.6,4043729.1999999997
2025-08-01 09:19:05 AM,230.59,0,0.0,4043729.1999999997
2025-08-01 09:19:11 AM,230.59,384,88546.56,4132275.76
2025-08-01 09:19:19 AM,230.59,125,28823.75,4161099.51
2025-08-01 09:19:20 AM,230.9,0,0.0,4161099.51
2025-08-01 09:19:27 AM,230.56,154,35506.24,4196605.75
2025-08-01 09:19:34 AM,230.97,0,0.0,4196605.75
2025-08-01 09:19:35 AM,230.97,1,230.97,4196836.72
2025-08-01 09:19:42 AM,230.64,0,0.0,4196836.72
2025-08-01 09:19:43 AM,230.64,54,12454.56,4209291.279999999
2025-08-01 09:19:50 AM,231.0,0,0.0,4209291.279999999
2025-08-01 09:19:51 AM,231.0,927,214137.0,4423428.279999999
2025-08-01 09:19:58 AM,230.67,0,0.0,4423428.279999999
2025-08-01 09:19:59 AM,230.67,255,58820.85,4482249.129999999
2025-08-01 09:20:06 AM,231.0,0,0.0,4482249.129999999
2025-08-01 09:20:07 AM,231.0,100,23100.0,4505349.129999999
2025-08-01 09:20:13 AM,230.67,0,0.0,4505349.129999999
2025-08-01 09:20:15 AM,230.67,149,34369.83,4539718.959999999
2025-08-01 09:20:16 AM,230.6,202,46581.2,4586300.159999999
2025-08-01 09:20:20 AM,230.58,0,0.0,4586300.159999999
2025-08-01 09:20:23 AM,230.58,6,1383.48,4587683.64
2025-08-01 09:20:24 AM,230.21,619,142499.99,4730183.63
2025-08-01 09:20:34 AM,230.2,0,0.0,4730183.63
2025-08-01 09:20:38 AM,230.2,100,23020.0,4753203.63
2025-08-01 09:20:54 AM,230.67,210,48440.7,4801644.33
2025-08-01 09:20:59 AM,230.85,0,0.0,4801644.33
2025-08-01 09:21:02 AM,230.85,40,9234.0,4810878.33
2025-08-01 09:21:03 AM,230.85,160,36936.0,4847814.33
2025-08-01 09:21:07 AM,230.76,0,0.0,4847814.33
2025-08-01 09:21:10 AM,230.76,50,11538.0,4859352.33
2025-08-01 09:21:15 AM,230.72,0,0.0,4859352.33
2025-08-01 09:21:17 AM,230.72,18,4152.96,4863505.29
2025-08-01 09:21:21 AM,231.0,0,0.0,4863505.29
2025-08-01 09:21:25 AM,230.78,605,139621.9,5003127.19
2025-08-01 09:21:33 AM,230.8,0,0.0,5003127.19
2025-08-01 09:21:34 AM,230.8,47,10847.6,5013974.79
2025-08-01 09:21:39 AM,230.93,0,0.0,5013974.79
2025-08-01 09:21:41 AM,230.93,1,230.93,5014205.72
2025-08-01 09:21:54 AM,230.9,0,0.0,5014205.72
2025-08-01 09:21:56 AM,230.9,200,46180.0,5060385.72
2025-08-01 09:21:57 AM,230.99,51,11780.49,5072166.21
2025-08-01 09:22:09 AM,230.87,0,0.0,5072166.21
2025-08-01 09:22:11 AM,230.87,154,35553.98,5107720.19
2025-08-01 09:22:12 AM,230.83,0,0.0,5107720.19
2025-08-01 09:22:12 AM,230.83,44,10156.52,5117876.71
2025-08-01 09:22:15 AM,231.0,0,0.0,5117876.71
2025-08-01 09:22:19 AM,230.9,236,54492.4,5172369.11
2025-08-01 09:22:20 AM,230.76,44,10153.439999999999,5182522.550000001
2025-08-01 09:22:23 AM,230.99,0,0.0,5182522.550000001
2025-08-01 09:22:26 AM,230.99,4,923.96,5183446.510000001
2025-08-01 09:22:30 AM,230.79,0,0.0,5183446.510000001
2025-08-01 09:22:34 AM,230.79,54,12462.66,5195909.170000001
2025-08-01 09:22:43 AM,231.02,200,46204.0,5242113.170000001
2025-08-01 09:22:48 AM,231.18,0,0.0,5242113.170000001
2025-08-01 09:22:49 AM,231.18,655,151422.9,5393536.070000001
2025-08-01 09:22:59 AM,230.63,155,35747.65,5429283.720000002
2025-08-01 09:23:03 AM,230.54,0,0.0,5429283.720000002
2025-08-01 09:23:04 AM,230.54,17,3919.18,5433202.900000001
2025-08-01 09:23:12 AM,230.54,155,35733.7,5468936.6000000015
2025-08-01 09:23:16 AM,230.64,0,0.0,5468936.6000000015
2025-08-01 09:23:20 AM,230.64,17,3920.8799999999997,5472857.480000001
2025-08-01 09:23:22 AM,230.64,2,461.28,5473318.760000002
2025-08-01 09:23:28 AM,230.29,476,109618.04,5582936.800000002
2025-08-01 09:23:35 AM,230.29,109,25101.61,5608038.410000002
2025-08-01 09:23:41 AM,229.85,0,0.0,5608038.410000002
2025-08-01 09:23:43 AM,229.85,172,39534.2,5647572.610000002
2025-08-01 09:23:44 AM,230.22,5,1151.1,5648723.710000002
2025-08-01 09:23:48 AM,230.0,0,0.0,5648723.710000002
2025-08-01 09:23:50 AM,230.0,17,3910.0,5652633.710000002
2025-08-01 09:23:52 AM,229.9,155,35634.5,5688268.210000002
2025-08-01 09:24:00 AM,230.0,17,3910.0,5692178.210000002
2025-08-01 09:24:06 AM,229.73,168,38594.64,5730772.8500000015
2025-08-01 09:24:14 AM,229.48,0,0.0,5730772.8500000015
2025-08-01 09:24:15 AM,229.48,17,3901.16,5734674.010000002
2025-08-01 09:24:15 AM,229.73,0,0.0,5734674.010000002
2025-08-01 09:24:21 AM,229.92,824,189454.08,5924128.090000002
2025-08-01 09:24:21 AM,230.0,0,0.0,5924128.090000002
2025-08-01 09:24:22 AM,230.0,17,3910.0,5928038.090000002
2025-08-01 09:24:30 AM,230.28,52,11974.56,5940012.650000001
2025-08-01 09:24:33 AM,230.0,0,0.0,5940012.650000001
2025-08-01 09:24:36 AM,230.0,172,39560.0,5979572.650000001
2025-08-01 09:24:44 AM,230.0,17,3910.0,5983482.650000001
2025-08-01 09:24:45 AM,229.81,164,37688.840000000004,6021171.490000001
2025-08-01 09:24:51 AM,230.26,0,0.0,6021171.490000001
2025-08-01 09:24:53 AM,230.26,5,1151.3,6022322.790000001
2025-08-01 09:24:57 AM,230.07,0,0.0,6022322.790000001
2025-08-01 09:24:58 AM,230.07,4,920.28,6023243.070000001
2025-08-01 09:25:12 AM,230.42,0,0.0,6023243.070000001
2025-08-01 09:25:13 AM,230.42,68,15668.56,6038911.630000001
2025-08-01 09:25:18 AM,230.31,0,0.0,6038911.630000001
2025-08-01 09:25:21 AM,230.31,110,25334.1,6064245.73
2025-08-01 09:25:23 AM,230.4,0,0.0,6064245.73
2025-08-01 09:25:28 AM,230.4,297,68428.8,6132674.53
2025-08-01 09:25:30 AM,230.62,458,105623.96,6238298.49
2025-08-01 09:26:08 AM,230.8,56,12924.800000000001,6251223.29
2025-08-01 09:26:23 AM,230.81,1,230.81,6251454.1
2025-08-01 09:26:39 AM,231.0,125,28875.0,6280329.1
2025-08-01 09:26:45 AM,231.0,71,16401.0,6296730.1
2025-08-01 09:26:48 AM,231.08,0,0.0,6296730.1
2025-08-01 09:26:52 AM,231.08,4,924.32,6297654.42
2025-08-01 09:26:58 AM,231.46,0,0.0,6297654.42
2025-08-01 09:27:00 AM,231.21,14,3236.94,6300891.36
2025-08-01 09:27:04 AM,231.11,0,0.0,6300891.36
2025-08-01 09:27:07 AM,231.11,280,64710.8,6365602.16
2025-08-01 09:27:29 AM,231.08,0,0.0,6365602.16
2025-08-01 09:27:30 AM,231.08,61,14095.880000000001,6379698.04
2025-08-01 09:27:39 AM,230.75,0,0.0,6379698.04
2025-08-01 09:27:40 AM,230.72,0,0.0,6379698.04
2025-08-01 09:27:44 AM,230.72,352,81213.44,6460911.48
2025-08-01 09:28:05 AM,230.78,0,0.0,6460911.48
2025-08-01 09:28:07 AM,230.78,53,12231.34,6473142.82
2025-08-01 09:28:46 AM,230.78,100,23078.0,6496220.82
2025-08-01 09:28:54 AM,230.57,200,46114.0,6542334.82
2025-08-01 09:29:08 AM,230.78,0,0.0,6542334.82
2025-08-01 09:29:09 AM,230.78,19,4384.82,6546719.640000001
2025-08-01 09:29:31 AM,230.49,101,23279.49,6569999.130000001
2025-08-01 09:29:47 AM,230.46,100,23046.0,6593045.130000001
2025-08-01 09:30:17 AM,230.73,2,461.46,6593506.590000001
2025-08-01 09:30:55 AM,230.43,0,0.0,6593506.590000001
2025-08-01 09:31:01 AM,230.43,158,36407.94,6629914.530000001
2025-08-01 09:31:28 AM,230.42,0,0.0,6629914.530000001
2025-08-01 09:31:30 AM,230.42,215,49540.299999999996,6679454.830000001
2025-08-01 09:32:07 AM,230.16,0,0.0,6679454.830000001
2025-08-01 09:32:12 AM,230.16,2,460.32,6679915.150000001
2025-08-01 09:32:25 AM,230.42,0,0.0,6679915.150000001
2025-08-01 09:32:26 AM,230.42,687,158298.53999999998,6838213.690000001
2025-08-01 09:32:26 AM,230.73,329,75910.17,6914123.860000001
2025-08-01 09:32:54 AM,231.0,437,100947.0,7015070.860000001
2025-08-01 09:32:54 AM,231.0,79,18249.0,7033319.860000001
2025-08-01 09:32:56 AM,231.07,0,0.0,7033319.860000001
2025-08-01 09:33:01 AM,231.07,33,7625.3099999999995,7040945.170000001
2025-08-01 09:33:15 AM,231.29,1,231.29,7041176.460000001
2025-08-01 09:33:42 AM,231.2,8,1849.6,7043026.0600000005
2025-08-01 09:34:03 AM,231.2,534,123460.79999999999,7166486.86
2025-08-01 09:34:08 AM,231.03,0,0.0,7166486.86
2025-08-01 09:34:10 AM,231.03,676,156176.28,7322663.140000001
2025-08-01 09:34:13 AM,230.74,0,0.0,7322663.140000001
2025-08-01 09:34:17 AM,230.74,296,68299.04000000001,7390962.180000001
2025-08-01 09:34:21 AM,230.85,0,0.0,7390962.180000001
2025-08-01 09:34:24 AM,230.85,100,23085.0,7414047.180000001
2025-08-01 09:35:03 AM,230.48,0,0.0,7414047.180000001
2025-08-01 09:35:06 AM,230.48,138,31806.239999999998,7445853.420000001
2025-08-01 09:35:07 AM,230.78,0,0.0,7445853.420000001
2025-08-01 09:35:13 AM,230.78,57,13154.460000000001,7459007.880000001
2025-08-01 09:35:18 AM,230.71,0,0.0,7459007.880000001
2025-08-01 09:35:20 AM,230.71,44,10151.24,7469159.120000001
2025-08-01 09:35:33 AM,230.44,0,0.0,7469159.120000001
2025-08-01 09:35:33 AM,230.48,0,0.0,7469159.120000001
2025-08-01 09:35:34 AM,230.48,2083,480089.83999999997,7949248.960000001
2025-08-01 09:35:37 AM,230.57,0,0.0,7949248.960000001
2025-08-01 09:35:41 AM,230.57,237,54645.09,8003894.050000001
2025-08-01 09:35:48 AM,230.64,0,0.0,8003894.050000001
2025-08-01 09:35:48 AM,230.64,13,2998.3199999999997,8006892.370000001
2025-08-01 09:35:52 AM,230.67,0,0.0,8006892.370000001
2025-08-01 09:35:54 AM,230.67,2,461.34,8007353.710000001
2025-08-01 09:36:08 AM,230.67,50,11533.5,8018887.210000001
2025-08-01 09:36:14 AM,230.81,0,0.0,8018887.210000001
2025-08-01 09:36:14 AM,230.81,26,6001.06,8024888.2700000005
2025-08-01 09:36:26 AM,230.86,0,0.0,8024888.2700000005
2025-08-01 09:36:28 AM,230.86,10,2308.6000000000004,8027196.87
2025-08-01 09:36:38 AM,230.67,0,0.0,8027196.87
2025-08-01 09:36:40 AM,230.67,52,11994.84,8039191.71
2025-08-01 09:36:46 AM,230.86,0,0.0,8039191.71
2025-08-01 09:36:47 AM,230.86,5,1154.3000000000002,8040346.01
2025-08-01 09:37:12 AM,230.87,0,0.0,8040346.01
2025-08-01 09:37:14 AM,230.87,2,461.74,8040807.75
2025-08-01 09:37:21 AM,230.61,152,35052.72,8075860.47
2025-08-01 09:37:36 AM,230.4,0,0.0,8075860.47
2025-08-01 09:37:42 AM,230.4,2,460.8,8076321.27
2025-08-01 09:38:16 AM,230.4,1088,250675.2,8326996.47
2025-08-01 09:38:18 AM,230.71,0,0.0,8326996.47
2025-08-01 09:38:23 AM,230.71,163,37605.73,8364602.2
2025-08-01 09:38:42 AM,230.81,1646,379913.26,8744515.46
2025-08-01 09:38:43 AM,231.18,0,0.0,8744515.46
2025-08-01 09:38:46 AM,231.09,0,0.0,8744515.46
2025-08-01 09:38:49 AM,231.09,125,28886.25,8773401.71
2025-08-01 09:39:17 AM,231.18,0,0.0,8773401.71
2025-08-01 09:39:23 AM,231.19,197,45544.43,8818946.14
2025-08-01 09:39:27 AM,231.18,0,0.0,8818946.14
2025-08-01 09:39:29 AM,231.18,20,4623.6,8823569.74
2025-08-01 09:39:40 AM,231.0,0,0.0,8823569.74
2025-08-01 09:39:42 AM,231.05,2831,654102.55,9477672.290000001
2025-08-01 09:40:02 AM,231.07,14,3234.98,9480907.270000001
2025-08-01 09:40:09 AM,231.07,2,462.14,9481369.410000002
2025-08-01 09:40:42 AM,231.19,65,15027.35,9496396.760000002
2025-08-01 09:40:43 AM,231.2,0,0.0,9496396.760000002
2025-08-01 09:40:48 AM,231.2,4,924.8,9497321.560000002
2025-08-01 09:40:56 AM,231.24,0,0.0,9497321.560000002
2025-08-01 09:41:01 AM,231.0,0,0.0,9497321.560000002
2025-08-01 09:41:01 AM,231.0,414,95634.0,9592955.560000002
2025-08-01 09:41:06 AM,230.72,0,0.0,9592955.560000002
2025-08-01 09:41:08 AM,230.9,340,78506.0,9671461.560000002
2025-08-01 09:42:00 AM,230.61,260,59958.600000000006,9731420.160000002
2025-08-01 09:42:01 AM,230.74,20,4614.8,9736034.960000003
2025-08-01 09:42:06 AM,230.79,0,0.0,9736034.960000003
2025-08-01 09:42:07 AM,230.79,10,2307.9,9738342.860000003
2025-08-01 09:42:28 AM,230.61,76,17526.36,9755869.220000003
2025-08-01 09:42:33 AM,230.57,0,0.0,9755869.220000003
2025-08-01 09:42:33 AM,230.57,215,49572.549999999996,9805441.770000003
2025-08-01 09:42:41 AM,230.5,0,0.0,9805441.770000003
2025-08-01 09:42:41 AM,230.5,5,1152.5,9806594.270000003
2025-08-01 09:43:12 AM,230.51,1,230.51,9806824.780000003
2025-08-01 09:43:17 AM,230.38,0,0.0,9806824.780000003
2025-08-01 09:43:19 AM,230.38,15,3455.7,9810280.480000002
2025-08-01 09:43:21 AM,230.51,0,0.0,9810280.480000002
2025-08-01 09:43:26 AM,230.51,77,17749.27,9828029.750000002
2025-08-01 09:43:37 AM,230.37,0,0.0,9828029.750000002
2025-08-01 09:43:39 AM,230.4,265,61056.0,9889085.750000002
2025-08-01 09:43:41 AM,230.02,0,0.0,9889085.750000002
2025-08-01 09:43:45 AM,230.02,779,179185.58000000002,10068271.330000002
2025-08-01 09:43:58 AM,230.0,2,460.0,10068731.330000002
2025-08-01 09:44:05 AM,230.2,0,0.0,10068731.330000002
2025-08-01 09:44:05 AM,230.2,24,5524.799999999999,10074256.130000003
2025-08-01 09:44:13 AM,230.39,0,0.0,10074256.130000003
2025-08-01 09:44:19 AM,230.39,496,114273.43999999999,10188529.570000002
2025-08-01 09:44:31 AM,230.02,0,0.0,10188529.570000002
2025-08-01 09:44:33 AM,230.02,98,22541.960000000003,10211071.530000003
2025-08-01 09:45:01 AM,230.19,0,0.0,10211071.530000003
2025-08-01 09:45:04 AM,230.19,1443,332164.17,10543235.700000003
2025-08-01 09:45:21 AM,230.33,0,0.0,10543235.700000003
2025-08-01 09:45:24 AM,230.33,1,230.33,10543466.030000003
2025-08-01 09:45:25 AM,230.14,1,230.14,10543696.170000004
2025-08-01 09:45:45 AM,230.33,1,230.33,10543926.500000004
2025-08-01 09:45:49 AM,230.19,0,0.0,10543926.500000004
2025-08-01 09:45:50 AM,230.19,18,4143.42,10548069.920000004
2025-08-01 09:46:02 AM,230.24,5,1151.2,10549221.120000003
2025-08-01 09:46:07 AM,230.43,0,0.0,10549221.120000003
2025-08-01 09:46:09 AM,230.43,50,11521.5,10560742.620000003
2025-08-01 09:46:27 AM,230.6,0,0.0,10560742.620000003
2025-08-01 09:46:28 AM,230.6,2225,513085.0,11073827.620000003
2025-08-01 09:46:46 AM,230.93,0,0.0,11073827.620000003
2025-08-01 09:46:47 AM,230.93,150,34639.5,11108467.120000003
2025-08-01 09:46:47 AM,230.56,0,0.0,11108467.120000003
2025-08-01 09:46:49 AM,230.56,47,10836.32,11119303.440000003
2025-08-01 09:46:55 AM,230.56,4,922.24,11120225.680000003
2025-08-01 09:47:06 AM,230.62,0,0.0,11120225.680000003
2025-08-01 09:47:06 AM,230.62,99,22831.38,11143057.060000004
2025-08-01 09:47:14 AM,230.56,0,0.0,11143057.060000004
2025-08-01 09:47:14 AM,230.56,150,34584.0,11177641.060000004
2025-08-01 09:47:18 AM,230.55,15,3458.25,11181099.310000004
2025-08-01 09:47:42 AM,230.76,0,0.0,11181099.310000004
2025-08-01 09:47:44 AM,230.76,2,461.52,11181560.830000004
2025-08-01 09:48:20 AM,230.75,0,0.0,11181560.830000004
2025-08-01 09:48:23 AM,230.75,9,2076.75,11183637.580000004
2025-08-01 09:48:53 AM,230.8,0,0.0,11183637.580000004
2025-08-01 09:48:55 AM,230.8,51,11770.800000000001,11195408.380000005
2025-08-01 09:49:35 AM,230.88,0,0.0,11195408.380000005
2025-08-01 09:49:35 AM,230.88,56,12929.279999999999,11208337.660000004
2025-08-01 09:50:00 AM,230.8,0,0.0,11208337.660000004
2025-08-01 09:50:01 AM,230.8,3,692.4000000000001,11209030.060000004
2025-08-01 09:50:13 AM,230.78,0,0.0,11209030.060000004
2025-08-01 09:50:14 AM,230.78,155,35770.9,11244800.960000005
2025-08-01 09:50:21 AM,230.46,342,78817.32,11323618.280000005
2025-08-01 09:50:27 AM,230.46,405,93336.3,11416954.580000006
2025-08-01 09:50:49 AM,230.71,1,230.71,11417185.290000007
2025-08-01 09:51:10 AM,230.98,52,12010.96,11429196.250000007
2025-08-01 09:51:19 AM,230.73,0,0.0,11429196.250000007
2025-08-01 09:51:20 AM,230.73,100,23073.0,11452269.250000007
2025-08-01 09:52:01 AM,231.0,52,12012.0,11464281.250000007
2025-08-01 09:52:06 AM,230.99,1,230.99,11464512.240000008
2025-08-01 09:52:15 AM,230.86,0,0.0,11464512.240000008
2025-08-01 09:52:16 AM,230.86,264,60947.04,11525459.280000007
2025-08-01 09:52:33 AM,230.43,0,0.0,11525459.280000007
2025-08-01 09:52:34 AM,230.43,500,115215.0,11640674.280000007
2025-08-01 09:53:13 AM,230.63,53,12223.39,11652897.670000007
2025-08-01 09:53:15 AM,230.66,0,0.0,11652897.670000007
2025-08-01 09:53:17 AM,230.66,1,230.66,11653128.330000008
2025-08-01 09:53:25 AM,230.76,0,0.0,11653128.330000008
2025-08-01 09:53:26 AM,230.76,20,4615.2,11657743.530000007
2025-08-01 09:54:07 AM,230.8,0,0.0,11657743.530000007
2025-08-01 09:54:07 AM,230.8,50,11540.0,11669283.530000007
2025-08-01 09:54:47 AM,230.4,0,0.0,11669283.530000007
2025-08-01 09:54:50 AM,230.63,0,0.0,11669283.530000007
2025-08-01 09:54:50 AM,230.63,366,84410.58,11753694.110000007
2025-08-01 09:54:50 AM,230.3,0,0.0,11753694.110000007
2025-08-01 09:54:51 AM,230.3,26,5987.8,11759681.910000008
2025-08-01 09:55:01 AM,230.3,16,3684.8,11763366.710000008
2025-08-01 09:55:19 AM,230.28,100,23028.0,11786394.710000008
2025-08-01 09:55:49 AM,230.5,200,46100.0,11832494.710000008
2025-08-01 09:55:50 AM,230.44,19,4378.36,11836873.070000008
2025-08-01 09:58:03 AM,230.25,63,14505.75,11851378.820000008
2025-08-01 09:58:07 AM,230.3,0,0.0,11851378.820000008
2025-08-01 09:58:07 AM,230.3,40,9212.0,11860590.820000008
2025-08-01 09:58:43 AM,230.0,46,10580.0,11871170.820000008
2025-08-01 09:58:48 AM,230.28,0,0.0,11871170.820000008
2025-08-01 09:58:52 AM,230.28,50,11514.0,11882684.820000008
2025-08-01 09:58:55 AM,230.36,62,14282.320000000002,11896967.140000008
2025-08-01 10:00:13 AM,230.38,0,0.0,11896967.140000008
2025-08-01 10:00:13 AM,230.38,4,921.52,11897888.660000008
2025-08-01 10:00:29 AM,230.35,1,230.35,11898119.010000007
2025-08-01 10:00:32 AM,230.35,1,230.35,11898349.360000007
2025-08-01 10:00:45 AM,230.34,1,230.34,11898579.700000007
2025-08-01 10:01:48 AM,230.3,21,4836.3,11903416.000000007
2025-08-01 10:01:50 AM,230.3,7,1612.1000000000001,11905028.100000007
2025-08-01 10:01:53 AM,230.34,0,0.0,11905028.100000007
2025-08-01 10:01:54 AM,230.34,16,3685.44,11908713.540000007
2025-08-01 10:01:56 AM,230.44,2,460.88,11909174.420000007
2025-08-01 10:02:01 AM,230.44,264,60836.159999999996,11970010.580000008
2025-08-01 10:02:05 AM,230.49,0,0.0,11970010.580000008
2025-08-01 10:02:06 AM,230.49,11,2535.3900000000003,11972545.970000008
2025-08-01 10:02:08 AM,230.84,4,923.36,11973469.330000008
2025-08-01 10:02:14 AM,230.84,8,1846.72,11975316.050000008
2025-08-01 10:02:21 AM,230.58,0,0.0,11975316.050000008
2025-08-01 10:02:25 AM,230.58,1,230.58,11975546.630000008
2025-08-01 10:03:16 AM,230.59,0,0.0,11975546.630000008
2025-08-01 10:03:16 AM,230.59,345,79553.55,12055100.180000009
2025-08-01 10:03:18 AM,230.82,96,22158.72,12077258.90000001
2025-08-01 10:03:22 AM,230.87,250,57717.5,12134976.40000001
2025-08-01 10:03:24 AM,230.57,0,0.0,12134976.40000001
2025-08-01 10:03:25 AM,230.57,95,21904.149999999998,12156880.55000001
2025-08-01 10:03:48 AM,230.63,0,0.0,12156880.55000001
2025-08-01 10:03:48 AM,230.63,2,461.26,12157341.81000001
2025-08-01 10:04:12 AM,230.64,0,0.0,12157341.81000001
2025-08-01 10:04:13 AM,230.64,1,230.64,12157572.45000001
2025-08-01 10:04:19 AM,230.61,10,2306.1000000000004,12159878.55000001
2025-08-01 10:04:27 AM,230.58,1,230.58,12160109.13000001
2025-08-01 10:04:32 AM,230.58,7,1614.0600000000002,12161723.19000001
2025-08-01 10:04:40 AM,230.58,6,1383.48,12163106.670000011
2025-08-01 10:05:32 AM,230.39,0,0.0,12163106.670000011
2025-08-01 10:05:34 AM,230.39,30,6911.7,12170018.37000001
2025-08-01 10:05:42 AM,230.52,1,230.52,12170248.89000001
2025-08-01 10:05:47 AM,230.25,0,0.0,12170248.89000001
2025-08-01 10:05:47 AM,230.25,200,46050.0,12216298.89000001
2025-08-01 10:05:50 AM,230.4,0,0.0,12216298.89000001
2025-08-01 10:05:52 AM,230.4,12,2764.8,12219063.69000001
2025-08-01 10:05:53 AM,230.53,0,0.0,12219063.69000001
2025-08-01 10:05:54 AM,230.53,6,1383.18,12220446.87000001
2025-08-01 10:05:59 AM,230.17,0,0.0,12220446.87000001
2025-08-01 10:06:00 AM,230.17,200,46034.0,12266480.87000001
2025-08-01 10:06:02 AM,230.34,0,0.0,12266480.87000001
2025-08-01 10:06:03 AM,230.09,38,8743.42,12275224.29000001
2025-08-01 10:06:15 AM,229.51,760,174427.6,12449651.89000001
2025-08-01 10:06:16 AM,229.83,0,0.0,12449651.89000001
2025-08-01 10:06:18 AM,229.83,210,48264.3,12497916.19000001
2025-08-01 10:06:21 AM,229.83,72,16547.760000000002,12514463.95000001
2025-08-01 10:06:22 AM,230.09,0,0.0,12514463.95000001
2025-08-01 10:06:29 AM,229.83,447,102734.01000000001,12617197.96000001
2025-08-01 10:06:31 AM,230.04,0,0.0,12617197.96000001
2025-08-01 10:06:33 AM,230.04,23,5290.92,12622488.88000001
2025-08-01 10:06:35 AM,229.77,0,0.0,12622488.88000001
2025-08-01 10:06:35 AM,229.77,274,62956.98,12685445.86000001
2025-08-01 10:06:39 AM,230.13,0,0.0,12685445.86000001
2025-08-01 10:06:39 AM,230.13,15,3451.95,12688897.81000001
2025-08-01 10:06:51 AM,229.74,49,11257.26,12700155.07000001
2025-08-01 10:06:58 AM,229.73,0,0.0,12700155.07000001
2025-08-01 10:06:58 AM,229.73,35,8040.549999999999,12708195.62000001
2025-08-01 10:07:03 AM,230.03,0,0.0,12708195.62000001
2025-08-01 10:07:04 AM,230.03,1308,300879.24,13009074.86000001
2025-08-01 10:07:06 AM,230.2,187,43047.4,13052122.260000011
2025-08-01 10:07:09 AM,229.9,0,0.0,13052122.260000011
2025-08-01 10:07:10 AM,229.9,86,19771.4,13071893.660000011
2025-08-01 10:07:12 AM,230.2,10,2302.0,13074195.660000011
2025-08-01 10:07:40 AM,229.71,0,0.0,13074195.660000011
2025-08-01 10:07:43 AM,229.71,421,96707.91,13170903.570000011
2025-08-01 10:07:46 AM,230.11,0,0.0,13170903.570000011
2025-08-01 10:07:47 AM,230.11,23,5292.530000000001,13176196.10000001
2025-08-01 10:07:49 AM,229.76,301,69157.76,13245353.86000001
2025-08-01 10:07:51 AM,230.08,0,0.0,13245353.86000001
2025-08-01 10:07:53 AM,230.08,15,3451.2000000000003,13248805.06000001
2025-08-01 10:07:55 AM,229.61,5,1148.0500000000002,13249953.11000001
2025-08-01 10:08:04 AM,229.52,0,0.0,13249953.11000001
2025-08-01 10:08:05 AM,229.52,9,2065.6800000000003,13252018.79000001
2025-08-01 10:08:10 AM,229.79,0,0.0,13252018.79000001
2025-08-01 10:08:12 AM,229.79,20,4595.8,13256614.590000011
2025-08-01 10:08:18 AM,229.37,150,34405.5,13291020.090000011
2025-08-01 10:08:19 AM,229.67,0,0.0,13291020.090000011
2025-08-01 10:08:20 AM,229.67,10,2296.7,13293316.79000001
2025-08-01 10:08:26 AM,229.74,50,11487.0,13304803.79000001
2025-08-01 10:10:10 AM,229.74,2,459.48,13305263.27000001
2025-08-01 10:10:45 AM,229.68,2,459.36,13305722.63000001
2025-08-01 10:10:53 AM,229.44,35,8030.4,13313753.03000001
2025-08-01 10:10:57 AM,229.63,0,0.0,13313753.03000001
2025-08-01 10:10:57 AM,229.63,2,459.26,13314212.29000001
2025-08-01 10:11:01 AM,229.75,0,0.0,13314212.29000001
2025-08-01 10:11:03 AM,229.75,10541,2421794.75,15736007.04000001
2025-08-01 10:11:05 AM,229.75,1626,373573.5,16109580.54000001
2025-08-01 10:11:09 AM,229.63,58,13318.539999999999,16122899.08000001
2025-08-01 10:11:27 AM,229.63,64,14696.32,16137595.40000001
2025-08-01 10:11:49 AM,229.58,0,0.0,16137595.40000001
2025-08-01 10:11:50 AM,229.58,3,688.74,16138284.14000001
2025-08-01 10:12:01 AM,229.57,0,0.0,16138284.14000001
2025-08-01 10:12:01 AM,229.57,3,688.71,16138972.85000001
2025-08-01 10:12:13 AM,229.57,1,229.57,16139202.420000011
2025-08-01 10:12:25 AM,229.57,12,2754.84,16141957.260000011
2025-08-01 10:13:00 AM,229.58,50,11479.0,16153436.260000011
2025-08-01 10:13:01 AM,229.57,0,0.0,16153436.260000011
2025-08-01 10:13:05 AM,229.57,12,2754.84,16156191.10000001
2025-08-01 10:13:10 AM,229.42,0,0.0,16156191.10000001
2025-08-01 10:13:11 AM,229.42,16,3670.72,16159861.820000011
2025-08-01 10:14:00 AM,229.44,0,0.0,16159861.820000011
2025-08-01 10:14:04 AM,229.44,31,7112.64,16166974.460000012
2025-08-01 10:14:07 AM,229.58,0,0.0,16166974.460000012
2025-08-01 10:14:10 AM,229.58,45,10331.1,16177305.560000012
2025-08-01 10:14:27 AM,229.58,16,3673.28,16180978.840000011
2025-08-01 10:14:37 AM,229.64,0,0.0,16180978.840000011
2025-08-01 10:14:39 AM,229.58,129,29615.820000000003,16210594.660000011
2025-08-01 10:14:40 AM,229.64,0,0.0,16210594.660000011
2025-08-01 10:14:40 AM,229.64,12,2755.68,16213350.340000011
2025-08-01 10:14:50 AM,229.64,48,11022.72,16224373.060000012
2025-08-01 10:14:57 AM,229.58,6,1377.48,16225750.540000012
2025-08-01 10:15:24 AM,229.66,0,0.0,16225750.540000012
2025-08-01 10:15:26 AM,229.66,20,4593.2,16230343.740000011
2025-08-01 10:15:31 AM,229.58,0,0.0,16230343.740000011
2025-08-01 10:15:32 AM,229.58,272,62445.76,16292789.500000011
2025-08-01 10:15:33 AM,229.66,0,0.0,16292789.500000011
2025-08-01 10:15:33 AM,229.66,18,4133.88,16296923.380000012
2025-08-01 10:15:37 AM,229.68,0,0.0,16296923.380000012
2025-08-01 10:15:38 AM,229.68,1,229.68,16297153.060000012
2025-08-01 10:16:19 AM,229.8,0,0.0,16297153.060000012
2025-08-01 10:16:19 AM,229.8,16680,3833064.0,20130217.06000001
2025-08-01 10:16:20 AM,229.8,1551,356419.80000000005,20486636.86000001
2025-08-01 10:16:21 AM,230.27,0,0.0,20486636.86000001
2025-08-01 10:16:25 AM,229.9,0,0.0,20486636.86000001
2025-08-01 10:16:25 AM,229.9,1356,311744.4,20798381.26000001
2025-08-01 10:16:25 AM,230.24,141,32463.84,20830845.10000001
2025-08-01 10:16:28 AM,229.9,0,0.0,20830845.10000001
2025-08-01 10:16:31 AM,229.9,136,31266.4,20862111.500000007
2025-08-01 10:16:31 AM,230.05,11,2530.55,20864642.05000001
2025-08-01 10:16:42 AM,230.18,52,11969.36,20876611.410000008
2025-08-01 10:16:48 AM,230.22,0,0.0,20876611.410000008
2025-08-01 10:16:48 AM,230.22,1,230.22,20876841.630000006
2025-08-01 10:17:28 AM,230.22,23,5295.06,20882136.690000005
2025-08-01 10:17:55 AM,230.13,0,0.0,20882136.690000005
2025-08-01 10:17:57 AM,230.13,142,32678.46,20914815.150000006
2025-08-01 10:17:57 AM,230.14,12,2761.68,20917576.830000006
2025-08-01 10:19:10 AM,229.63,0,0.0,20917576.830000006
2025-08-01 10:19:12 AM,229.63,2183,501282.29,21418859.120000005
2025-08-01 10:19:12 AM,229.84,116,26661.44,21445520.560000006
2025-08-01 10:20:03 AM,229.83,60,13789.800000000001,21459310.360000007
2025-08-01 10:20:07 AM,229.72,0,0.0,21459310.360000007
2025-08-01 10:20:08 AM,229.72,79,18147.88,21477458.240000006
2025-08-01 10:20:23 AM,229.75,0,0.0,21477458.240000006
2025-08-01 10:20:26 AM,229.75,47,10798.25,21488256.490000006
2025-08-01 10:20:27 AM,229.89,0,0.0,21488256.490000006
2025-08-01 10:20:27 AM,229.89,10,2298.8999999999996,21490555.390000004
2025-08-01 10:21:01 AM,229.88,1,229.88,21490785.270000003
2025-08-01 10:22:25 AM,229.95,0,0.0,21490785.270000003
2025-08-01 10:22:26 AM,229.95,74,17016.3,21507801.570000004
2025-08-01 10:24:53 AM,230.24,0,0.0,21507801.570000004
2025-08-01 10:24:53 AM,230.24,102,23484.48,21531286.050000004
2025-08-01 10:25:28 AM,230.32,0,0.0,21531286.050000004
2025-08-01 10:25:28 AM,230.32,10,2303.2,21533589.250000004
2025-08-01 10:25:30 AM,230.32,10,2303.2,21535892.450000003
2025-08-01 10:26:28 AM,230.37,0,0.0,21535892.450000003
2025-08-01 10:26:29 AM,230.37,43,9905.91,21545798.360000003
2025-08-01 10:26:52 AM,230.31,0,0.0,21545798.360000003
2025-08-01 10:26:52 AM,230.31,76,17503.56,21563301.92
2025-08-01 10:26:54 AM,230.49,10,2304.9,21565606.82
2025-08-01 10:26:58 AM,230.49,53,12215.970000000001,21577822.79
2025-08-01 10:27:13 AM,230.48,0,0.0,21577822.79
2025-08-01 10:27:15 AM,230.48,84,19360.32,21597183.11
2025-08-01 10:27:16 AM,230.45,0,0.0,21597183.11
2025-08-01 10:27:18 AM,230.45,14,3226.2999999999997,21600409.41
2025-08-01 10:29:01 AM,230.5,0,0.0,21600409.41
2025-08-01 10:29:01 AM,230.5,66,15213.0,21615622.41
2025-08-01 10:29:35 AM,230.39,0,0.0,21615622.41
2025-08-01 10:29:35 AM,230.39,230,52989.7,21668612.11
2025-08-01 10:29:35 AM,230.42,0,0.0,21668612.11
2025-08-01 10:29:38 AM,230.42,15,3456.2999999999997,21672068.41
2025-08-01 10:30:03 AM,230.44,5,1152.2,21673220.61
2025-08-01 10:30:37 AM,230.44,2,460.88,21673681.49
2025-08-01 10:31:03 AM,230.3,247,56884.100000000006,21730565.59
2025-08-01 10:31:06 AM,230.3,46,10593.800000000001,21741159.39
2025-08-01 10:32:17 AM,230.3,13,2993.9,21744153.29
2025-08-01 10:32:48 AM,230.3,43,9902.9,21754056.189999998
2025-08-01 10:32:51 AM,230.3,50,11515.0,21765571.189999998
2025-08-01 10:33:14 AM,230.3,1,230.3,21765801.49
2025-08-01 10:33:55 AM,230.17,0,0.0,21765801.49
2025-08-01 10:33:55 AM,230.17,55,12659.349999999999,21778460.84
2025-08-01 10:33:57 AM,230.3,0,0.0,21778460.84
2025-08-01 10:33:59 AM,230.3,11,2533.3,21780994.14
2025-08-01 10:34:38 AM,230.3,177,40763.1,21821757.240000002
2025-08-01 10:34:44 AM,230.3,200,46060.0,21867817.240000002
2025-08-01 10:34:46 AM,230.3,19,4375.7,21872192.94
2025-08-01 10:34:55 AM,230.3,57,13127.1,21885320.040000003
2025-08-01 10:35:29 AM,230.05,0,0.0,21885320.040000003
2025-08-01 10:35:29 AM,230.05,429,98691.45000000001,21984011.490000002
2025-08-01 10:35:31 AM,230.19,0,0.0,21984011.490000002
2025-08-01 10:35:31 AM,230.19,91,20947.29,22004958.78
2025-08-01 10:36:53 AM,230.19,1,230.19,22005188.970000003
2025-08-01 10:37:14 AM,230.21,0,0.0,22005188.970000003
2025-08-01 10:37:15 AM,230.21,53,12201.130000000001,22017390.1
2025-08-01 10:37:17 AM,230.19,0,0.0,22017390.1
2025-08-01 10:37:17 AM,230.19,43,9898.17,22027288.270000003
2025-08-01 10:37:21 AM,230.07,0,0.0,22027288.270000003
2025-08-01 10:37:22 AM,230.07,11,2530.77,22029819.040000003
2025-08-01 10:37:53 AM,230.21,52,11970.92,22041789.960000005
2025-08-01 10:37:54 AM,230.27,0,0.0,22041789.960000005
2025-08-01 10:37:56 AM,230.27,12,2763.2400000000002,22044553.200000003
2025-08-01 10:38:39 AM,230.27,56,12895.12,22057448.320000004
2025-08-01 10:38:55 AM,229.98,0,0.0,22057448.320000004
2025-08-01 10:38:56 AM,229.98,200,45996.0,22103444.320000004
2025-08-01 10:38:58 AM,230.18,0,0.0,22103444.320000004
2025-08-01 10:38:58 AM,230.18,14,3222.52,22106666.840000004
2025-08-01 10:39:15 AM,230.02,25,5750.5,22112417.340000004
2025-08-01 10:39:18 AM,230.21,11,2532.31,22114949.650000002
2025-08-01 10:39:40 AM,230.03,77,17712.31,22132661.96
2025-08-01 10:39:46 AM,229.96,53,12187.880000000001,22144849.84
2025-08-01 10:40:48 AM,230.16,0,0.0,22144849.84
2025-08-01 10:40:50 AM,230.16,1,230.16,22145080.0
2025-08-01 10:41:13 AM,230.01,0,0.0,22145080.0
2025-08-01 10:41:14 AM,230.01,4,920.04,22146000.04
2025-08-01 10:42:06 AM,230.03,0,0.0,22146000.04
2025-08-01 10:42:07 AM,230.03,1,230.03,22146230.07
2025-08-01 10:42:19 AM,230.03,4,920.12,22147150.19
2025-08-01 10:42:22 AM,230.21,0,0.0,22147150.19
2025-08-01 10:42:24 AM,230.21,50,11510.5,22158660.69
2025-08-01 10:42:26 AM,230.21,12,2762.52,22161423.21
2025-08-01 10:42:42 AM,230.08,0,0.0,22161423.21
2025-08-01 10:42:43 AM,230.08,2,460.16,22161883.37
2025-08-01 10:42:49 AM,230.08,10,2300.8,22164184.17
2025-08-01 10:43:23 AM,230.09,0,0.0,22164184.17
2025-08-01 10:43:24 AM,230.1,446,102624.59999999999,22266808.770000003
2025-08-01 10:43:27 AM,230.1,24,5522.4,22272331.17
2025-08-01 10:43:43 AM,230.11,0,0.0,22272331.17
2025-08-01 10:43:43 AM,230.11,1,230.11,22272561.28
2025-08-01 10:43:45 AM,229.92,0,0.0,22272561.28
2025-08-01 10:43:46 AM,229.92,1,229.92,22272791.200000003
2025-08-01 10:44:07 AM,229.93,0,0.0,22272791.200000003
2025-08-01 10:44:09 AM,229.93,2,459.86,22273251.060000002
2025-08-01 10:46:12 AM,229.89,0,0.0,22273251.060000002
2025-08-01 10:46:12 AM,229.89,212,48736.68,22321987.740000002
2025-08-01 10:46:13 AM,229.79,0,0.0,22321987.740000002
2025-08-01 10:46:14 AM,229.79,15,3446.85,22325434.590000004
2025-08-01 10:46:21 AM,229.42,0,0.0,22325434.590000004
2025-08-01 10:46:22 AM,229.59,0,0.0,22325434.590000004
2025-08-01 10:46:24 AM,229.59,115,26402.850000000002,22351837.440000005
2025-08-01 10:48:40 AM,229.67,65,14928.55,22366765.990000006
2025-08-01 10:48:43 AM,229.77,0,0.0,22366765.990000006
2025-08-01 10:48:45 AM,229.77,12,2757.2400000000002,22369523.230000004
2025-08-01 10:49:20 AM,229.51,193,44295.43,22413818.660000004
2025-08-01 10:49:20 AM,229.56,0,0.0,22413818.660000004
2025-08-01 10:49:23 AM,229.56,18,4132.08,22417950.740000002
2025-08-01 10:49:24 AM,229.65,0,0.0,22417950.740000002
2025-08-01 10:49:25 AM,229.65,7,1607.55,22419558.290000003
2025-08-01 10:50:26 AM,229.25,0,0.0,22419558.290000003
2025-08-01 10:50:29 AM,229.25,717,164372.25,22583930.540000003
2025-08-01 10:50:30 AM,229.25,14,3209.5,22587140.040000003
2025-08-01 10:50:30 AM,229.36,0,0.0,22587140.040000003
2025-08-01 10:50:34 AM,229.36,21,4816.56,22591956.6
2025-08-01 10:50:41 AM,229.27,1,229.27,22592185.87
2025-08-01 10:51:43 AM,229.28,0,0.0,22592185.87
2025-08-01 10:51:47 AM,229.28,1,229.28,22592415.150000002
2025-08-01 10:52:13 AM,228.51,0,0.0,22592415.150000002
2025-08-01 10:52:14 AM,228.51,1012,231252.12,22823667.270000003
2025-08-01 10:52:14 AM,228.72,54,12350.88,22836018.150000002
2025-08-01 10:52:25 AM,228.72,2,457.44,22836475.590000004
2025-08-01 10:52:25 AM,228.53,0,0.0,22836475.590000004
2025-08-01 10:52:25 AM,228.53,13,2970.89,22839446.480000004
2025-08-01 10:52:30 AM,228.53,1,228.53,22839675.010000005
2025-08-01 10:52:35 AM,228.72,0,0.0,22839675.010000005
2025-08-01 10:52:35 AM,228.72,4,914.88,22840589.890000004
2025-08-01 10:53:39 AM,228.71,0,0.0,22840589.890000004
2025-08-01 10:53:39 AM,228.71,1,228.71,22840818.600000005
2025-08-01 10:54:00 AM,228.65,8,1829.2,22842647.800000004
2025-08-01 10:54:21 AM,228.53,0,0.0,22842647.800000004
2025-08-01 10:54:22 AM,228.53,9,2056.77,22844704.570000004
2025-08-01 10:55:07 AM,228.68,0,0.0,22844704.570000004
2025-08-01 10:55:09 AM,228.68,28,6403.04,22851107.610000003
2025-08-01 10:56:03 AM,228.74,0,0.0,22851107.610000003
2025-08-01 10:56:03 AM,228.74,35,8005.900000000001,22859113.51
2025-08-01 10:57:16 AM,228.59,8,1828.72,22860942.23
2025-08-01 10:57:41 AM,228.69,0,0.0,22860942.23
2025-08-01 10:57:43 AM,228.69,56,12806.64,22873748.87
2025-08-01 10:57:44 AM,228.69,12,2744.2799999999997,22876493.150000002
2025-08-01 10:57:57 AM,228.59,0,0.0,22876493.150000002
2025-08-01 10:57:59 AM,228.59,50,11429.5,22887922.650000002
2025-08-01 10:58:05 AM,228.4,243,55501.200000000004,22943423.85
2025-08-01 10:58:05 AM,228.49,0,0.0,22943423.85
2025-08-01 10:58:05 AM,228.51,0,0.0,22943423.85
2025-08-01 10:58:05 AM,228.51,35,7997.849999999999,22951421.700000003
2025-08-01 10:58:10 AM,228.51,11,2513.6099999999997,22953935.310000002
2025-08-01 10:58:21 AM,228.25,50,11412.5,22965347.810000002
2025-08-01 10:58:41 AM,228.2,0,0.0,22965347.810000002
2025-08-01 10:58:43 AM,228.2,78,17799.6,22983147.410000004
2025-08-01 10:59:23 AM,228.44,0,0.0,22983147.410000004
2025-08-01 10:59:24 AM,228.25,40,9130.0,22992277.410000004
2025-08-01 11:00:02 AM,228.46,1,228.46,22992505.870000005
2025-08-01 11:00:08 AM,228.02,1194,272255.88,23264761.750000004
2025-08-01 11:00:08 AM,228.04,27,6157.08,23270918.830000002
2025-08-01 11:00:09 AM,228.25,0,0.0,23270918.830000002
2025-08-01 11:00:12 AM,228.0,0,0.0,23270918.830000002
2025-08-01 11:00:14 AM,228.0,36,8208.0,23279126.830000002
2025-08-01 11:00:19 AM,228.27,50,11413.5,23290540.330000002
2025-08-01 11:01:16 AM,228.06,0,0.0,23290540.330000002
2025-08-01 11:01:18 AM,228.06,25,5701.5,23296241.830000002
2025-08-01 11:01:20 AM,228.22,0,0.0,23296241.830000002
2025-08-01 11:01:23 AM,228.22,5,1141.1,23297382.930000003
2025-08-01 11:01:39 AM,228.05,18,4104.900000000001,23301487.830000002
2025-08-01 11:01:56 AM,228.27,0,0.0,23301487.830000002
2025-08-01 11:02:00 AM,228.27,93,21229.11,23322716.94
2025-08-01 11:02:00 AM,228.34,0,0.0,23322716.94
2025-08-01 11:02:01 AM,228.34,12,2740.08,23325457.02
2025-08-01 11:02:28 AM,228.32,0,0.0,23325457.02
2025-08-01 11:02:32 AM,228.32,1,228.32,23325685.34
2025-08-01 11:02:39 AM,228.29,29,6620.41,23332305.75
2025-08-01 11:03:38 AM,227.97,0,0.0,23332305.75
2025-08-01 11:03:40 AM,228.14,0,0.0,23332305.75
2025-08-01 11:03:40 AM,228.14,357,81445.98,23413751.73
2025-08-01 11:03:40 AM,228.27,0,0.0,23413751.73
2025-08-01 11:03:42 AM,228.27,20,4565.400000000001,23418317.13
2025-08-01 11:04:10 AM,228.11,0,0.0,23418317.13
2025-08-01 11:04:12 AM,228.11,102,23267.22,23441584.349999998
2025-08-01 11:04:24 AM,227.76,0,0.0,23441584.349999998
2025-08-01 11:04:24 AM,227.76,8,1822.08,23443406.429999996
2025-08-01 11:04:32 AM,227.99,0,0.0,23443406.429999996
2025-08-01 11:04:32 AM,227.99,98,22343.02,23465749.449999996
2025-08-01 11:04:34 AM,228.0,0,0.0,23465749.449999996
2025-08-01 11:04:34 AM,228.0,6,1368.0,23467117.449999996
2025-08-01 11:04:35 AM,228.05,0,0.0,23467117.449999996
2025-08-01 11:04:37 AM,228.05,6294,1435346.7000000002,24902464.149999995
2025-08-01 11:04:38 AM,228.49,0,0.0,24902464.149999995
2025-08-01 11:04:39 AM,228.49,336,76772.64,24979236.789999995
2025-08-01 11:05:12 AM,228.43,0,0.0,24979236.789999995
2025-08-01 11:05:15 AM,228.43,1,228.43,24979465.219999995
2025-08-01 11:05:18 AM,228.42,0,0.0,24979465.219999995
2025-08-01 11:05:20 AM,228.42,37,8451.539999999999,24987916.759999994
2025-08-01 11:06:51 AM,228.28,300,68484.0,25056400.759999994
2025-08-01 11:06:51 AM,228.53,0,0.0,25056400.759999994
2025-08-01 11:06:52 AM,228.53,18,4113.54,25060514.299999993
2025-08-01 11:07:06 AM,228.53,10,2285.3,25062799.599999994
2025-08-01 11:07:55 AM,228.31,74,16894.94,25079694.539999995
2025-08-01 11:08:07 AM,228.2,114,26014.8,25105709.339999996
2025-08-01 11:08:11 AM,228.2,10,2282.0,25107991.339999996
2025-08-01 11:08:12 AM,228.03,0,0.0,25107991.339999996
2025-08-01 11:08:13 AM,228.03,235,53587.05,25161578.389999997
2025-08-01 11:08:14 AM,228.3,0,0.0,25161578.389999997
2025-08-01 11:08:16 AM,228.3,53,12099.900000000001,25173678.289999995
2025-08-01 11:08:44 AM,227.94,0,0.0,25173678.289999995
2025-08-01 11:08:45 AM,227.94,278,63367.32,25237045.609999996
2025-08-01 11:08:46 AM,227.97,0,0.0,25237045.609999996
2025-08-01 11:08:47 AM,227.97,17,3875.49,25240921.099999994
2025-08-01 11:09:09 AM,227.78,0,0.0,25240921.099999994
2025-08-01 11:09:10 AM,227.78,25,5694.5,25246615.599999994
2025-08-01 11:09:59 AM,227.78,40,9111.2,25255726.799999993
2025-08-01 11:10:03 AM,227.95,0,0.0,25255726.799999993
2025-08-01 11:10:04 AM,227.95,1,227.95,25255954.749999993
2025-08-01 11:14:14 AM,228.23,0,0.0,25255954.749999993
2025-08-01 11:14:14 AM,228.23,100,22823.0,25278777.749999993
2025-08-01 11:14:18 AM,227.86,0,0.0,25278777.749999993
2025-08-01 11:14:18 AM,227.86,1533,349309.38,25628087.12999999
2025-08-01 11:14:19 AM,227.9,89,20283.100000000002,25648370.229999993
2025-08-01 11:15:32 AM,227.93,0,0.0,25648370.229999993
2025-08-01 11:15:33 AM,227.93,22,5014.46,25653384.689999994
2025-08-01 11:16:08 AM,228.04,0,0.0,25653384.689999994
2025-08-01 11:16:09 AM,228.04,25,5701.0,25659085.689999994
2025-08-01 11:16:12 AM,227.86,0,0.0,25659085.689999994
2025-08-01 11:16:15 AM,227.85,103,23468.55,25682554.239999995
2025-08-01 11:17:06 AM,228.18,0,0.0,25682554.239999995
2025-08-01 11:17:08 AM,228.18,100,22818.0,25705372.239999995
2025-08-01 11:17:09 AM,228.18,14,3194.52,25708566.759999994
2025-08-01 11:17:23 AM,227.94,50,11397.0,25719963.759999994
2025-08-01 11:17:45 AM,227.79,215,48974.85,25768938.609999996
2025-08-01 11:17:46 AM,228.12,0,0.0,25768938.609999996
2025-08-01 11:17:47 AM,228.12,14,3193.6800000000003,25772132.289999995
2025-08-01 11:18:10 AM,227.99,0,0.0,25772132.289999995
2025-08-01 11:18:12 AM,227.99,2,455.98,25772588.269999996
2025-08-01 11:18:51 AM,227.95,75,17096.25,25789684.519999996
2025-08-01 11:18:58 AM,227.94,0,0.0,25789684.519999996
2025-08-01 11:18:58 AM,227.94,15,3419.1,25793103.619999997
2025-08-01 11:19:00 AM,228.08,0,0.0,25793103.619999997
2025-08-01 11:19:03 AM,228.08,10,2280.8,25795384.419999998
2025-08-01 11:19:41 AM,228.08,5,1140.4,25796524.819999997
2025-08-01 11:21:13 AM,228.14,0,0.0,25796524.819999997
2025-08-01 11:21:16 AM,228.14,1,228.14,25796752.959999997
2025-08-01 11:21:57 AM,227.55,0,0.0,25796752.959999997
2025-08-01 11:21:57 AM,227.55,674,153368.7,25950121.659999996
2025-08-01 11:21:58 AM,227.76,0,0.0,25950121.659999996
2025-08-01 11:21:58 AM,227.76,41,9338.16,25959459.819999997
2025-08-01 11:22:05 AM,227.85,0,0.0,25959459.819999997
2025-08-01 11:22:08 AM,227.85,20,4557.0,25964016.819999997
2025-08-01 11:22:53 AM,227.8,0,0.0,25964016.819999997
2025-08-01 11:22:56 AM,227.8,229,52166.200000000004,26016183.019999996
2025-08-01 11:22:56 AM,227.99,13,2963.87,26019146.889999997
2025-08-01 11:22:57 AM,227.8,0,0.0,26019146.889999997
2025-08-01 11:23:01 AM,227.8,10,2278.0,26021424.889999997
2025-08-01 11:23:22 AM,227.8,181,41231.8,26062656.689999998
2025-08-01 11:23:23 AM,227.79,0,0.0,26062656.689999998
2025-08-01 11:23:28 AM,227.79,10,2277.9,26064934.589999996
2025-08-01 11:23:43 AM,227.83,0,0.0,26064934.589999996
2025-08-01 11:23:43 AM,227.83,433,98650.39,26163584.979999997
2025-08-01 11:23:43 AM,227.88,29,6608.5199999999995,26170193.499999996
2025-08-01 11:23:51 AM,227.58,0,0.0,26170193.499999996
2025-08-01 11:23:53 AM,227.58,1,227.58,26170421.079999994
2025-08-01 11:24:50 AM,227.83,0,0.0,26170421.079999994
2025-08-01 11:24:50 AM,227.83,10,2278.3,26172699.379999995
2025-08-01 11:25:42 AM,227.84,0,0.0,26172699.379999995
2025-08-01 11:25:43 AM,227.7,13,2960.1,26175659.479999997
2025-08-01 11:26:01 AM,228.0,0,0.0,26175659.479999997
2025-08-01 11:26:03 AM,228.0,15,3420.0,26179079.479999997
2025-08-01 11:26:44 AM,228.0,15,3420.0,26182499.479999997
2025-08-01 11:27:14 AM,228.0,50,11400.0,26193899.479999997
2025-08-01 11:27:30 AM,228.0,18,4104.0,26198003.479999997
2025-08-01 11:28:01 AM,228.0,61,13908.0,26211911.479999997
2025-08-01 11:28:11 AM,228.0,5,1140.0,26213051.479999997
2025-08-01 11:28:13 AM,228.0,4,912.0,26213963.479999997
2025-08-01 11:28:13 AM,228.09,0,0.0,26213963.479999997
2025-08-01 11:28:16 AM,228.14,0,0.0,26213963.479999997
2025-08-01 11:28:16 AM,228.14,22,5019.08,26218982.559999995
2025-08-01 11:28:27 AM,228.0,90,20520.0,26239502.559999995
2025-08-01 11:28:37 AM,228.14,0,0.0,26239502.559999995
2025-08-01 11:28:37 AM,228.14,13,2965.8199999999997,26242468.379999995
2025-08-01 11:29:07 AM,228.25,21,4793.25,26247261.629999995
2025-08-01 11:29:30 AM,227.98,0,0.0,26247261.629999995
2025-08-01 11:29:31 AM,228.02,0,0.0,26247261.629999995
2025-08-01 11:29:31 AM,228.02,150,34203.0,26281464.629999995
2025-08-01 11:30:02 AM,228.01,2,456.02,26281920.649999995
2025-08-01 11:30:10 AM,228.02,0,0.0,26281920.649999995
2025-08-01 11:30:10 AM,228.02,40,9120.800000000001,26291041.449999996
2025-08-01 11:30:20 AM,227.83,0,0.0,26291041.449999996
2025-08-01 11:30:21 AM,227.83,312,71082.96,26362124.409999996
2025-08-01 11:30:22 AM,228.06,0,0.0,26362124.409999996
2025-08-01 11:30:23 AM,227.83,31,7062.7300000000005,26369187.139999997
2025-08-01 11:31:02 AM,227.84,0,0.0,26369187.139999997
2025-08-01 11:31:03 AM,227.84,50,11392.0,26380579.139999997
2025-08-01 11:32:04 AM,228.01,0,0.0,26380579.139999997
2025-08-01 11:32:05 AM,228.01,2,456.02,26381035.159999996
2025-08-01 11:32:47 AM,228.06,15,3420.9,26384456.059999995
2025-08-01 11:33:49 AM,228.06,2,456.12,26384912.179999996
2025-08-01 11:35:11 AM,228.13,0,0.0,26384912.179999996
2025-08-01 11:35:11 AM,228.13,20,4562.6,26389474.779999997
2025-08-01 11:35:20 AM,228.15,0,0.0,26389474.779999997
2025-08-01 11:35:22 AM,228.15,50,11407.5,26400882.279999997
2025-08-01 11:35:34 AM,228.01,0,0.0,26400882.279999997
2025-08-01 11:35:36 AM,227.6,0,0.0,26400882.279999997
2025-08-01 11:35:38 AM,227.6,1368,311356.8,26712239.08
2025-08-01 11:35:39 AM,227.8,0,0.0,26712239.08
2025-08-01 11:35:43 AM,227.8,80,18224.0,26730463.08
2025-08-01 11:37:22 AM,227.8,11,2505.8,26732968.88
2025-08-01 11:37:33 AM,227.8,10,2278.0,26735246.88
2025-08-01 11:37:58 AM,227.8,10,2278.0,26737524.88
2025-08-01 11:38:09 AM,227.83,25,5695.75,26743220.63
2025-08-01 11:38:22 AM,227.8,0,0.0,26743220.63
2025-08-01 11:38:23 AM,227.8,8,1822.4,26745043.029999997
2025-08-01 11:38:53 AM,227.5,0,0.0,26745043.029999997
2025-08-01 11:38:54 AM,227.51,566,128770.65999999999,26873813.689999998
2025-08-01 11:38:54 AM,227.63,0,0.0,26873813.689999998
2025-08-01 11:38:55 AM,227.63,68,15478.84,26889292.529999997
2025-08-01 11:38:55 AM,227.66,0,0.0,26889292.529999997
2025-08-01 11:38:59 AM,227.66,8,1821.28,26891113.81
2025-08-01 11:39:07 AM,227.56,0,0.0,26891113.81
2025-08-01 11:39:08 AM,227.56,2,455.12,26891568.93
2025-08-01 11:39:14 AM,227.39,0,0.0,26891568.93
2025-08-01 11:39:15 AM,227.39,10,2273.8999999999996,26893842.83
2025-08-01 11:39:24 AM,227.39,2,454.78,26894297.61
2025-08-01 11:39:33 AM,227.33,0,0.0,26894297.61
2025-08-01 11:39:34 AM,227.33,205,46602.65,26940900.259999998
2025-08-01 11:39:35 AM,227.33,14,3182.6200000000003,26944082.88
2025-08-01 11:39:52 AM,227.1,0,0.0,26944082.88
2025-08-01 11:39:53 AM,227.1,15,3406.5,26947489.38
2025-08-01 11:40:04 AM,227.13,0,0.0,26947489.38
2025-08-01 11:40:06 AM,227.13,2,454.26,26947943.64
2025-08-01 11:40:07 AM,227.0,1159,263093.0,27211036.64
2025-08-01 11:40:11 AM,227.0,19,4313.0,27215349.64
2025-08-01 11:40:12 AM,227.1,0,0.0,27215349.64
2025-08-01 11:40:13 AM,227.1,43,9765.3,27225114.94
2025-08-01 11:40:39 AM,227.0,0,0.0,27225114.94
2025-08-01 11:40:40 AM,227.15,0,0.0,27225114.94
2025-08-01 11:40:42 AM,227.15,20,4543.0,27229657.94
2025-08-01 11:40:48 AM,227.16,4,908.64,27230566.580000002
2025-08-01 11:41:04 AM,227.17,0,0.0,27230566.580000002
2025-08-01 11:41:06 AM,227.16,0,0.0,27230566.580000002
2025-08-01 11:41:07 AM,227.16,11,2498.7599999999998,27233065.340000004
2025-08-01 11:41:37 AM,227.16,1,227.16,27233292.500000004
2025-08-01 11:43:04 AM,227.34,0,0.0,27233292.500000004
2025-08-01 11:43:05 AM,227.34,2,454.68,27233747.180000003
2025-08-01 11:43:14 AM,227.35,0,0.0,27233747.180000003
2025-08-01 11:43:17 AM,227.35,6,1364.1,27235111.280000005
2025-08-01 11:43:32 AM,227.35,10,2273.5,27237384.780000005
2025-08-01 11:43:43 AM,227.35,10,2273.5,27239658.280000005
2025-08-01 11:43:48 AM,227.35,10,2273.5,27241931.780000005
2025-08-01 11:43:48 AM,227.37,10,2273.7,27244205.480000004
2025-08-01 11:43:54 AM,227.23,0,0.0,27244205.480000004
2025-08-01 11:43:58 AM,227.23,2,454.46,27244659.940000005
2025-08-01 11:44:04 AM,227.49,0,0.0,27244659.940000005
2025-08-01 11:44:09 AM,227.0,587,133249.0,27377908.940000005
2025-08-01 11:44:10 AM,227.1,31,7040.099999999999,27384949.040000007
2025-08-01 11:44:20 AM,227.27,0,0.0,27384949.040000007
2025-08-01 11:44:22 AM,227.27,200,45454.0,27430403.040000007
2025-08-01 11:44:23 AM,227.28,0,0.0,27430403.040000007
2025-08-01 11:44:28 AM,227.28,11,2500.08,27432903.120000005
2025-08-01 11:44:44 AM,227.3,0,0.0,27432903.120000005
2025-08-01 11:44:44 AM,227.3,51,11592.300000000001,27444495.420000006
2025-08-01 11:44:55 AM,227.34,3,682.02,27445177.440000005
2025-08-01 11:45:02 AM,226.97,0,0.0,27445177.440000005
2025-08-01 11:45:05 AM,226.97,256,58104.32,27503281.760000005
2025-08-01 11:45:05 AM,227.19,16,3635.04,27506916.800000004
2025-08-01 11:45:20 AM,226.98,0,0.0,27506916.800000004
2025-08-01 11:45:21 AM,226.98,2,453.96,27507370.760000005
2025-08-01 11:45:37 AM,226.76,0,0.0,27507370.760000005
2025-08-01 11:45:38 AM,226.76,13854,3141533.04,30648903.800000004
2025-08-01 11:45:38 AM,226.75,1053,238767.75,30887671.550000004
2025-08-01 11:45:38 AM,226.76,0,0.0,30887671.550000004
2025-08-01 11:45:41 AM,226.64,0,0.0,30887671.550000004
2025-08-01 11:45:43 AM,226.63,1089,246800.07,31134471.620000005
2025-08-01 11:45:43 AM,226.59,0,0.0,31134471.620000005
2025-08-01 11:45:43 AM,226.59,57,12915.630000000001,31147387.250000004
2025-08-01 11:45:46 AM,226.48,0,0.0,31147387.250000004
2025-08-01 11:45:48 AM,226.48,55,12456.4,31159843.650000002
2025-08-01 11:45:53 AM,226.48,1,226.48,31160070.130000003
2025-08-01 11:45:59 AM,226.48,2,452.96,31160523.090000004
2025-08-01 11:46:06 AM,226.59,0,0.0,31160523.090000004
2025-08-01 11:46:10 AM,226.59,585,132555.15,31293078.240000002
2025-08-01 11:46:10 AM,226.92,34,7715.28,31300793.520000003
2025-08-01 11:46:38 AM,226.8,0,0.0,31300793.520000003
2025-08-01 11:46:41 AM,226.72,0,0.0,31300793.520000003
2025-08-01 11:46:41 AM,226.72,135,30607.2,31331400.720000003
2025-08-01 11:46:53 AM,226.75,2,453.5,31331854.220000003
2025-08-01 11:47:01 AM,226.76,0,0.0,31331854.220000003
2025-08-01 11:47:03 AM,226.76,671,152155.96,31484010.180000003
2025-08-01 11:47:04 AM,226.98,0,0.0,31484010.180000003
2025-08-01 11:47:08 AM,226.98,43,9760.14,31493770.320000004
2025-08-01 11:47:31 AM,226.99,0,0.0,31493770.320000004
2025-08-01 11:47:33 AM,226.99,2,453.98,31494224.300000004
2025-08-01 11:47:34 AM,226.9,322,73061.8,31567286.100000005
2025-08-01 11:47:38 AM,226.8,0,0.0,31567286.100000005
2025-08-01 11:47:39 AM,226.8,20,4536.0,31571822.100000005
2025-08-01 11:48:38 AM,226.86,0,0.0,31571822.100000005
2025-08-01 11:48:39 AM,226.86,90,20417.4,31592239.500000004
2025-08-01 11:48:59 AM,226.86,70,15880.2,31608119.700000003
2025-08-01 11:49:25 AM,227.17,0,0.0,31608119.700000003
2025-08-01 11:49:26 AM,227.16,455,103357.8,31711477.500000004
2025-08-01 11:50:03 AM,227.25,0,0.0,31711477.500000004
2025-08-01 11:50:04 AM,227.23,0,0.0,31711477.500000004
2025-08-01 11:50:07 AM,227.23,339,77030.97,31788508.470000003
2025-08-01 11:51:09 AM,227.21,0,0.0,31788508.470000003
2025-08-01 11:51:10 AM,227.2,0,0.0,31788508.470000003
2025-08-01 11:51:11 AM,227.21,0,0.0,31788508.470000003
2025-08-01 11:51:12 AM,227.21,253,57484.130000000005,31845992.6
2025-08-01 11:52:23 AM,227.27,0,0.0,31845992.6
2025-08-01 11:52:23 AM,227.27,10,2272.7000000000003,31848265.3
2025-08-01 11:53:49 AM,227.16,132,29985.12,31878250.42
2025-08-01 11:53:50 AM,227.33,0,0.0,31878250.42
2025-08-01 11:53:53 AM,227.33,7,1591.3100000000002,31879841.73
2025-08-01 11:54:20 AM,227.32,0,0.0,31879841.73
2025-08-01 11:54:21 AM,227.15,0,0.0,31879841.73
2025-08-01 11:54:24 AM,227.15,11,2498.65,31882340.38
2025-08-01 11:54:48 AM,227.32,0,0.0,31882340.38
2025-08-01 11:54:49 AM,227.32,21,4773.72,31887114.099999998
2025-08-01 11:55:00 AM,227.53,0,0.0,31887114.099999998
2025-08-01 11:55:01 AM,227.33,262,59560.46000000001,31946674.56
2025-08-01 11:55:01 AM,227.49,0,0.0,31946674.56
2025-08-01 11:55:02 AM,227.52,0,0.0,31946674.56
2025-08-01 11:55:04 AM,227.52,14,3185.28,31949859.84
2025-08-01 11:55:26 AM,227.52,1,227.52,31950087.36
2025-08-01 11:55:37 AM,227.33,0,0.0,31950087.36
2025-08-01 11:55:40 AM,227.33,10,2273.3,31952360.66
2025-08-01 11:56:19 AM,227.49,0,0.0,31952360.66
2025-08-01 11:56:20 AM,227.48,0,0.0,31952360.66
2025-08-01 11:56:20 AM,227.48,6,1364.8799999999999,31953725.54
2025-08-01 11:56:27 AM,227.25,0,0.0,31953725.54
2025-08-01 11:56:28 AM,227.23,0,0.0,31953725.54
2025-08-01 11:56:29 AM,227.22,0,0.0,31953725.54
2025-08-01 11:56:30 AM,227.22,302,68620.44,32022345.98
2025-08-01 11:58:01 AM,227.22,105,23858.1,32046204.080000002
2025-08-01 11:58:11 AM,227.32,0,0.0,32046204.080000002
2025-08-01 11:58:12 AM,227.32,1,227.32,32046431.400000002
2025-08-01 11:58:31 AM,227.09,0,0.0,32046431.400000002
2025-08-01 11:58:33 AM,227.09,135,30657.15,32077088.55
2025-08-01 11:58:43 AM,227.24,0,0.0,32077088.55
2025-08-01 11:58:44 AM,227.24,10,2272.4,32079360.95
2025-08-01 11:58:47 AM,227.03,0,0.0,32079360.95
2025-08-01 11:58:49 AM,227.03,119,27016.57,32106377.52
2025-08-01 11:59:48 AM,227.0,143,32461.0,32138838.52
2025-08-01 11:59:51 AM,227.03,0,0.0,32138838.52
2025-08-01 11:59:51 AM,227.03,248,56303.44,32195141.96
2025-08-01 12:00:20 PM,227.0,0,0.0,32195141.96
2025-08-01 12:00:23 PM,227.0,105,23835.0,32218976.96
2025-08-01 12:00:52 PM,227.02,0,0.0,32218976.96
2025-08-01 12:00:52 PM,227.02,56,12713.12,32231690.080000002
2025-08-01 12:00:54 PM,226.95,0,0.0,32231690.080000002
2025-08-01 12:00:55 PM,226.95,22,4992.9,32236682.98
2025-08-01 12:03:10 PM,226.92,0,0.0,32236682.98
2025-08-01 12:03:11 PM,226.92,21,4765.32,32241448.3
2025-08-01 12:04:16 PM,226.68,0,0.0,32241448.3
2025-08-01 12:04:17 PM,226.83,0,0.0,32241448.3
2025-08-01 12:04:18 PM,226.81,0,0.0,32241448.3
2025-08-01 12:04:19 PM,226.81,360,81651.6,32323099.900000002
2025-08-01 12:04:53 PM,226.79,0,0.0,32323099.900000002
2025-08-01 12:04:54 PM,226.79,10,2267.9,32325367.8
2025-08-01 12:05:03 PM,226.75,0,0.0,32325367.8
2025-08-01 12:05:04 PM,226.75,1176,266658.0,32592025.8
2025-08-01 12:05:11 PM,226.75,1,226.75,32592252.55
2025-08-01 12:06:07 PM,226.65,0,0.0,32592252.55
2025-08-01 12:06:11 PM,226.65,1,226.65,32592479.2
2025-08-01 12:06:49 PM,226.58,0,0.0,32592479.2
2025-08-01 12:06:49 PM,226.58,36,8156.88,32600636.08
2025-08-01 12:06:51 PM,226.73,0,0.0,32600636.08
2025-08-01 12:06:54 PM,226.73,2,453.46,32601089.54
2025-08-01 12:06:59 PM,226.73,5,1133.6499999999999,32602223.189999998
2025-08-01 12:07:13 PM,226.75,0,0.0,32602223.189999998
2025-08-01 12:07:14 PM,226.75,24,5442.0,32607665.189999998
2025-08-01 12:08:25 PM,226.75,25,5668.75,32613333.939999998
2025-08-01 12:08:55 PM,226.75,29,6575.75,32619909.689999998
2025-08-01 12:09:00 PM,226.76,79,17914.04,32637823.729999997
2025-08-01 12:09:39 PM,227.04,0,0.0,32637823.729999997
2025-08-01 12:09:39 PM,227.04,27,6130.08,32643953.809999995
2025-08-01 12:10:15 PM,227.04,13,2951.52,32646905.329999994
2025-08-01 12:10:27 PM,227.09,0,0.0,32646905.329999994
2025-08-01 12:10:30 PM,227.09,1,227.09,32647132.419999994
2025-08-01 12:10:43 PM,226.84,0,0.0,32647132.419999994
2025-08-01 12:10:43 PM,226.89,0,0.0,32647132.419999994
2025-08-01 12:10:45 PM,227.0,598,135746.0,32782878.419999994
2025-08-01 12:13:21 PM,227.19,0,0.0,32782878.419999994
2025-08-01 12:13:24 PM,227.19,66,14994.539999999999,32797872.959999993
2025-08-01 12:13:51 PM,227.0,0,0.0,32797872.959999993
2025-08-01 12:13:54 PM,227.0,140,31780.0,32829652.959999993
2025-08-01 12:14:47 PM,227.03,0,0.0,32829652.959999993
2025-08-01 12:14:49 PM,227.03,9,2043.27,32831696.229999993
2025-08-01 12:15:21 PM,226.92,0,0.0,32831696.229999993
2025-08-01 12:15:23 PM,226.93,0,0.0,32831696.229999993
2025-08-01 12:15:24 PM,226.93,248,56278.64,32887974.869999994
2025-08-01 12:15:29 PM,226.92,0,0.0,32887974.869999994
2025-08-01 12:15:29 PM,226.92,1,226.92,32888201.789999995
2025-08-01 12:15:35 PM,226.92,9,2042.28,32890244.069999997
2025-08-01 12:16:13 PM,226.93,0,0.0,32890244.069999997
2025-08-01 12:16:15 PM,226.93,2,453.86,32890697.929999996
2025-08-01 12:16:59 PM,226.92,76,17245.92,32907943.849999998
2025-08-01 12:17:51 PM,227.01,0,0.0,32907943.849999998
2025-08-01 12:17:52 PM,227.01,95,21565.95,32929509.799999997
2025-08-01 12:17:57 PM,227.01,30,6810.299999999999,32936320.099999998
2025-08-01 12:18:15 PM,226.85,0,0.0,32936320.099999998
2025-08-01 12:18:16 PM,226.85,23,5217.55,32941537.65
2025-08-01 12:18:41 PM,227.01,3,681.03,32942218.68
2025-08-01 12:18:59 PM,226.84,0,0.0,32942218.68
2025-08-01 12:19:01 PM,227.01,0,0.0,32942218.68
2025-08-01 12:19:01 PM,227.01,11,2497.1099999999997,32944715.79
2025-08-01 12:19:01 PM,227.01,23,5221.23,32949937.02
2025-08-01 12:19:47 PM,227.01,26,5902.26,32955839.28
2025-08-01 12:20:30 PM,226.9,0,0.0,32955839.28
2025-08-01 12:20:34 PM,226.9,115,26093.5,32981932.78
2025-08-01 12:21:30 PM,226.84,0,0.0,32981932.78
2025-08-01 12:21:31 PM,226.94,0,0.0,32981932.78
2025-08-01 12:21:33 PM,226.94,212,48111.28,33030044.060000002
2025-08-01 12:22:00 PM,226.79,0,0.0,33030044.060000002
2025-08-01 12:22:01 PM,226.77,0,0.0,33030044.060000002
2025-08-01 12:22:02 PM,226.77,98,22223.460000000003,33052267.520000003
2025-08-01 12:22:26 PM,226.89,0,0.0,33052267.520000003
2025-08-01 12:22:29 PM,226.89,10,2268.8999999999996,33054536.42
2025-08-01 12:23:04 PM,226.89,30,6806.7,33061343.12
2025-08-01 12:23:14 PM,226.89,105,23823.449999999997,33085166.57
2025-08-01 12:24:03 PM,226.9,0,0.0,33085166.57
2025-08-01 12:24:03 PM,226.9,30,6807.0,33091973.57
2025-08-01 12:25:05 PM,227.12,0,0.0,33091973.57
2025-08-01 12:25:06 PM,227.02,0,0.0,33091973.57
2025-08-01 12:25:07 PM,227.02,653,148244.06,33240217.63
2025-08-01 12:25:34 PM,227.1,0,0.0,33240217.63
2025-08-01 12:25:38 PM,227.1,45,10219.5,33250437.13
2025-08-01 12:27:10 PM,226.76,0,0.0,33250437.13
2025-08-01 12:27:11 PM,226.77,0,0.0,33250437.13
2025-08-01 12:27:13 PM,226.82,0,0.0,33250437.13
2025-08-01 12:27:14 PM,226.82,369,83696.58,33334133.709999997
2025-08-01 12:27:44 PM,226.7,286,64836.2,33398969.909999996
2025-08-01 12:27:44 PM,226.8,0,0.0,33398969.909999996
2025-08-01 12:27:48 PM,226.8,15,3402.0,33402371.909999996
2025-08-01 12:27:53 PM,226.65,0,0.0,33402371.909999996
2025-08-01 12:27:53 PM,226.65,2168,491377.2,33893749.11
2025-08-01 12:27:54 PM,226.7,118,26750.6,33920499.71
2025-08-01 12:27:54 PM,226.95,0,0.0,33920499.71
2025-08-01 12:27:58 PM,226.95,156,35404.2,33955903.910000004
2025-08-01 12:28:18 PM,226.8,6,1360.8000000000002,33957264.71
2025-08-01 12:29:58 PM,227.06,0,0.0,33957264.71
2025-08-01 12:29:59 PM,227.06,16,3632.96,33960897.67
2025-08-01 12:30:25 PM,226.9,149,33808.1,33994705.77
2025-08-01 12:30:27 PM,226.73,0,0.0,33994705.77
2025-08-01 12:30:28 PM,226.78,1269,287783.82,34282489.59
2025-08-01 12:30:59 PM,226.65,250,56662.5,34339152.09
2025-08-01 12:30:59 PM,226.83,0,0.0,34339152.09
2025-08-01 12:31:01 PM,226.87,13,2949.31,34342101.400000006
2025-08-01 12:31:25 PM,226.77,2,453.54,34342554.940000005
2025-08-01 12:33:07 PM,226.94,0,0.0,34342554.940000005
2025-08-01 12:33:08 PM,226.94,5,1134.7,34343689.64000001
2025-08-01 12:33:43 PM,227.02,0,0.0,34343689.64000001
2025-08-01 12:33:43 PM,226.99,478,108501.22,34452190.86000001
2025-08-01 12:33:59 PM,227.03,0,0.0,34452190.86000001
2025-08-01 12:34:04 PM,227.03,79,17935.37,34470126.230000004
2025-08-01 12:34:09 PM,227.03,16,3632.48,34473758.71
2025-08-01 12:34:59 PM,227.05,0,0.0,34473758.71
2025-08-01 12:35:00 PM,227.07,88,19982.16,34493740.87
2025-08-01 12:35:05 PM,226.86,266,60344.76,34554085.629999995
2025-08-01 12:35:05 PM,226.84,0,0.0,34554085.629999995
2025-08-01 12:35:10 PM,226.84,1,226.84,34554312.47
2025-08-01 12:36:15 PM,226.86,0,0.0,34554312.47
2025-08-01 12:36:17 PM,226.88,0,0.0,34554312.47
2025-08-01 12:36:18 PM,226.88,94,21326.72,34575639.19
2025-08-01 12:37:16 PM,226.97,0,0.0,34575639.19
2025-08-01 12:37:18 PM,226.97,28,6355.16,34581994.349999994
2025-08-01 12:37:24 PM,226.79,0,0.0,34581994.349999994
2025-08-01 12:37:26 PM,227.02,0,0.0,34581994.349999994
2025-08-01 12:37:28 PM,227.02,30,6810.6,34588804.949999996
2025-08-01 12:38:08 PM,227.05,0,0.0,34588804.949999996
2025-08-01 12:38:08 PM,227.05,12,2724.6000000000004,34591529.55
2025-08-01 12:38:27 PM,227.04,0,0.0,34591529.55
2025-08-01 12:38:28 PM,227.04,10,2270.4,34593799.949999996
2025-08-01 12:40:13 PM,226.92,269,61041.479999999996,34654841.42999999
2025-08-01 12:40:13 PM,226.93,0,0.0,34654841.42999999
2025-08-01 12:40:18 PM,226.93,3,680.79,34655522.21999999
2025-08-01 12:42:01 PM,226.97,0,0.0,34655522.21999999
2025-08-01 12:42:01 PM,226.97,1,226.97,34655749.18999999
2025-08-01 12:42:02 PM,226.93,5,1134.65,34656883.83999999
2025-08-01 12:42:31 PM,226.96,0,0.0,34656883.83999999
2025-08-01 12:42:32 PM,226.96,7,1588.72,34658472.55999999
2025-08-01 12:42:39 PM,226.98,0,0.0,34658472.55999999
2025-08-01 12:42:42 PM,226.98,2,453.96,34658926.51999999
2025-08-01 12:43:08 PM,226.75,0,0.0,34658926.51999999
2025-08-01 12:43:09 PM,226.75,223,50565.25,34709491.76999999
2025-08-01 12:43:41 PM,226.43,0,0.0,34709491.76999999
2025-08-01 12:43:42 PM,226.43,666,150802.38,34860294.14999999
2025-08-01 12:44:01 PM,226.56,0,0.0,34860294.14999999
2025-08-01 12:44:04 PM,226.56,1,226.56,34860520.70999999
2025-08-01 12:44:20 PM,226.56,1,226.56,34860747.269999996
2025-08-01 12:44:33 PM,226.58,0,0.0,34860747.269999996
2025-08-01 12:44:36 PM,226.58,11,2492.38,34863239.65
2025-08-01 12:44:43 PM,226.59,0,0.0,34863239.65
2025-08-01 12:44:46 PM,226.59,1,226.59,34863466.24
2025-08-01 12:45:23 PM,226.59,5,1132.95,34864599.190000005
2025-08-01 12:45:47 PM,226.72,0,0.0,34864599.190000005
2025-08-01 12:45:48 PM,226.72,11,2493.92,34867093.11000001
2025-08-01 12:45:57 PM,226.47,0,0.0,34867093.11000001
2025-08-01 12:45:58 PM,226.54,293,66376.22,34933469.330000006
2025-08-01 12:47:33 PM,226.1,0,0.0,34933469.330000006
2025-08-01 12:47:33 PM,226.41,0,0.0,34933469.330000006
2025-08-01 12:47:35 PM,226.44,527,119333.88,35052803.21000001
2025-08-01 12:49:15 PM,226.48,21,4756.08,35057559.29000001
2025-08-01 12:49:29 PM,226.49,21,4756.29,35062315.580000006
2025-08-01 12:49:45 PM,226.44,0,0.0,35062315.580000006
2025-08-01 12:49:45 PM,226.48,0,0.0,35062315.580000006
2025-08-01 12:49:48 PM,226.48,21,4756.08,35067071.660000004
2025-08-01 12:50:23 PM,226.49,0,0.0,35067071.660000004
2025-08-01 12:50:25 PM,226.48,0,0.0,35067071.660000004
2025-08-01 12:50:25 PM,226.48,95,21515.6,35088587.260000005
2025-08-01 12:50:30 PM,226.5,23,5209.5,35093796.760000005
2025-08-01 12:50:41 PM,226.5,1,226.5,35094023.260000005
2025-08-01 12:50:47 PM,226.38,0,0.0,35094023.260000005
2025-08-01 12:50:47 PM,226.38,2,452.76,35094476.02
2025-08-01 12:51:11 PM,226.5,0,0.0,35094476.02
2025-08-01 12:51:12 PM,226.5,5,1132.5,35095608.52
2025-08-01 12:51:22 PM,226.5,14,3171.0,35098779.52
2025-08-01 12:51:37 PM,226.5,64,14496.0,35113275.52
2025-08-01 12:51:42 PM,226.5,11,2491.5,35115767.02
2025-08-01 12:51:47 PM,226.5,78,17667.0,35133434.02
2025-08-01 12:51:48 PM,226.5,1,226.5,35133660.52
2025-08-01 12:51:52 PM,226.5,10,2265.0,35135925.52
2025-08-01 12:51:57 PM,226.5,1,226.5,35136152.02
2025-08-01 12:52:13 PM,226.38,0,0.0,35136152.02
2025-08-01 12:52:15 PM,226.5,0,0.0,35136152.02
2025-08-01 12:52:17 PM,226.5,189,42808.5,35178960.52
2025-08-01 12:52:47 PM,226.5,10,2265.0,35181225.52
2025-08-01 12:53:06 PM,226.25,208,47060.0,35228285.52
2025-08-01 12:53:07 PM,226.43,0,0.0,35228285.52
2025-08-01 12:53:07 PM,226.43,11,2490.73,35230776.25
2025-08-01 12:53:11 PM,226.5,0,0.0,35230776.25
2025-08-01 12:53:12 PM,226.5,11,2491.5,35233267.75
2025-08-01 12:53:26 PM,226.5,23,5209.5,35238477.25
2025-08-01 12:54:02 PM,226.49,106,24007.940000000002,35262485.19
2025-08-01 12:54:05 PM,226.33,0,0.0,35262485.19
2025-08-01 12:54:07 PM,226.33,52,11769.16,35274254.349999994
2025-08-01 12:54:09 PM,226.2,0,0.0,35274254.349999994
2025-08-01 12:54:12 PM,226.2,2,452.4,35274706.74999999
2025-08-01 12:54:23 PM,226.35,0,0.0,35274706.74999999
2025-08-01 12:54:27 PM,226.35,105,23766.75,35298473.49999999
2025-08-01 12:55:09 PM,226.3,0,0.0,35298473.49999999
2025-08-01 12:55:09 PM,226.3,525,118807.5,35417280.99999999
2025-08-01 12:55:13 PM,226.12,0,0.0,35417280.99999999
2025-08-01 12:55:15 PM,226.12,12,2713.44,35419994.43999999
2025-08-01 12:55:19 PM,226.3,0,0.0,35419994.43999999
2025-08-01 12:55:20 PM,226.3,141,31908.300000000003,35451902.73999999
2025-08-01 12:55:33 PM,226.33,0,0.0,35451902.73999999
2025-08-01 12:55:35 PM,226.33,21,4752.93,35456655.66999999
2025-08-01 12:55:41 PM,226.32,0,0.0,35456655.66999999
2025-08-01 12:55:45 PM,226.32,1,226.32,35456881.98999999
2025-08-01 12:56:03 PM,226.35,0,0.0,35456881.98999999
2025-08-01 12:56:04 PM,226.35,11,2489.85,35459371.83999999
2025-08-01 12:56:25 PM,226.3,10,2263.0,35461634.83999999
2025-08-01 12:56:56 PM,226.3,20,4526.0,35466160.83999999
2025-08-01 12:56:57 PM,226.34,0,0.0,35466160.83999999
2025-08-01 12:57:00 PM,226.34,1,226.34,35466387.17999999
2025-08-01 12:57:03 PM,226.2,0,0.0,35466387.17999999
2025-08-01 12:57:03 PM,226.29,0,0.0,35466387.17999999
2025-08-01 12:57:04 PM,226.28,392,88701.76,35555088.93999999
2025-08-01 12:58:15 PM,226.28,10,2262.8,35557351.73999999
2025-08-01 12:58:21 PM,226.25,0,0.0,35557351.73999999
2025-08-01 12:58:23 PM,226.27,0,0.0,35557351.73999999
2025-08-01 12:58:25 PM,226.27,527,119244.29000000001,35676596.02999999
2025-08-01 12:58:45 PM,226.3,263,59516.9,35736112.929999985
2025-08-01 12:58:59 PM,226.29,0,0.0,35736112.929999985
2025-08-01 12:59:00 PM,226.29,24,5430.96,35741543.889999986
2025-08-01 12:59:10 PM,226.29,63,14256.269999999999,35755800.15999999
2025-08-01 12:59:30 PM,226.29,1,226.29,35756026.44999999
2025-08-01 01:00:23 PM,226.2,10,2262.0,35758288.44999999
2025-08-01 01:00:24 PM,226.29,1,226.29,35758514.73999999
2025-08-01 01:00:48 PM,226.3,0,0.0,35758514.73999999
2025-08-01 01:00:49 PM,226.3,61,13804.300000000001,35772319.039999984
2025-08-01 01:01:36 PM,226.3,1,226.3,35772545.33999998
2025-08-01 01:01:41 PM,226.3,1,226.3,35772771.63999998
2025-08-01 01:01:47 PM,226.3,1,226.3,35772997.939999975
2025-08-01 01:01:56 PM,226.3,1,226.3,35773224.23999997
2025-08-01 01:02:01 PM,226.3,1,226.3,35773450.53999997
2025-08-01 01:02:10 PM,226.3,1,226.3,35773676.83999997
2025-08-01 01:02:20 PM,226.3,2,452.6,35774129.43999997
2025-08-01 01:02:36 PM,226.3,11,2489.3,35776618.739999965
2025-08-01 01:02:46 PM,226.3,1,226.3,35776845.03999996
2025-08-01 01:03:06 PM,226.3,21,4752.3,35781597.33999996
2025-08-01 01:03:16 PM,226.19,0,0.0,35781597.33999996
2025-08-01 01:03:16 PM,226.19,130,29404.7,35811002.03999996
2025-08-01 01:03:40 PM,226.28,0,0.0,35811002.03999996
2025-08-01 01:03:40 PM,226.3,0,0.0,35811002.03999996
2025-08-01 01:03:41 PM,226.3,36,8146.8,35819148.83999996
2025-08-01 01:03:50 PM,226.3,100,22630.0,35841778.83999996
2025-08-01 01:03:51 PM,226.3,5,1131.5,35842910.33999996
2025-08-01 01:04:16 PM,226.3,10,2263.0,35845173.33999996
2025-08-01 01:04:20 PM,226.3,1,226.3,35845399.639999956
2025-08-01 01:04:21 PM,226.3,113,25571.9,35870971.539999954
2025-08-01 01:04:24 PM,226.3,31,7015.3,35877986.83999995
2025-08-01 01:04:35 PM,226.22,1,226.22,35878213.05999995
2025-08-01 01:06:18 PM,226.23,0,0.0,35878213.05999995
2025-08-01 01:06:20 PM,226.23,1,226.23,35878439.28999995
2025-08-01 01:06:42 PM,226.3,38,8599.4,35887038.689999945
2025-08-01 01:06:44 PM,226.34,0,0.0,35887038.689999945
2025-08-01 01:06:44 PM,226.73,0,0.0,35887038.689999945
2025-08-01 01:06:46 PM,226.76,0,0.0,35887038.689999945
2025-08-01 01:06:46 PM,226.76,1155,261907.8,36148946.48999994
2025-08-01 01:07:07 PM,226.93,0,0.0,36148946.48999994
2025-08-01 01:07:09 PM,226.94,0,0.0,36148946.48999994
2025-08-01 01:07:11 PM,226.94,31,7035.14,36155981.62999994
2025-08-01 01:07:21 PM,226.85,0,0.0,36155981.62999994
2025-08-01 01:07:22 PM,226.85,2,453.7,36156435.329999946
2025-08-01 01:07:25 PM,226.95,0,0.0,36156435.329999946
2025-08-01 01:07:27 PM,227.04,0,0.0,36156435.329999946
2025-08-01 01:07:27 PM,227.05,42,9536.1,36165971.42999995
2025-08-01 01:07:51 PM,226.86,0,0.0,36165971.42999995
2025-08-01 01:07:53 PM,226.86,2,453.72,36166425.14999995
2025-08-01 01:08:18 PM,227.07,50,11353.5,36177778.64999995
2025-08-01 01:08:20 PM,227.07,2,454.14,36178232.78999995
2025-08-01 01:08:54 PM,226.84,0,0.0,36178232.78999995
2025-08-01 01:08:54 PM,226.83,219,49675.770000000004,36227908.55999995
2025-08-01 01:09:14 PM,226.88,0,0.0,36227908.55999995
2025-08-01 01:09:15 PM,226.87,48,10889.76,36238798.31999995
2025-08-01 01:09:26 PM,226.69,0,0.0,36238798.31999995
2025-08-01 01:09:27 PM,226.69,81,18361.89,36257160.20999995
2025-08-01 01:09:35 PM,226.8,0,0.0,36257160.20999995
2025-08-01 01:09:36 PM,226.8,53,12020.400000000001,36269180.60999995
2025-08-01 01:09:49 PM,226.94,0,0.0,36269180.60999995
2025-08-01 01:09:51 PM,226.94,9,2042.46,36271223.06999995
2025-08-01 01:10:02 PM,227.0,0,0.0,36271223.06999995
2025-08-01 01:10:03 PM,227.0,21,4767.0,36275990.06999995
2025-08-01 01:10:56 PM,227.0,50,11350.0,36287340.06999995
2025-08-01 01:10:57 PM,227.04,0,0.0,36287340.06999995
2025-08-01 01:10:59 PM,227.04,2,454.08,36287794.14999995
2025-08-01 01:11:22 PM,227.0,0,0.0,36287794.14999995
2025-08-01 01:11:23 PM,227.04,0,0.0,36287794.14999995
2025-08-01 01:11:24 PM,227.04,24,5448.96,36293243.10999995
2025-08-01 01:12:17 PM,227.07,0,0.0,36293243.10999995
2025-08-01 01:12:18 PM,227.07,21,4768.47,36298011.579999946
2025-08-01 01:12:43 PM,227.05,0,0.0,36298011.579999946
2025-08-01 01:12:44 PM,227.05,5,1135.25,36299146.829999946
2025-08-01 01:13:31 PM,227.06,0,0.0,36299146.829999946
2025-08-01 01:13:31 PM,227.06,2,454.12,36299600.94999994
2025-08-01 01:14:51 PM,227.14,0,0.0,36299600.94999994
2025-08-01 01:14:51 PM,227.14,105,23849.699999999997,36323450.64999995
2025-08-01 01:15:00 PM,227.15,99,22487.850000000002,36345938.49999995
2025-08-01 01:16:15 PM,227.04,0,0.0,36345938.49999995
2025-08-01 01:16:15 PM,227.04,288,65387.52,36411326.01999995
2025-08-01 01:16:15 PM,227.06,0,0.0,36411326.01999995
2025-08-01 01:16:17 PM,227.06,44,9990.64,36421316.65999995
2025-08-01 01:17:27 PM,227.13,52,11810.76,36433127.41999995
2025-08-01 01:17:57 PM,227.06,80,18164.8,36451292.21999995
2025-08-01 01:18:55 PM,227.11,0,0.0,36451292.21999995
2025-08-01 01:18:57 PM,227.11,8,1816.88,36453109.09999995
2025-08-01 01:19:05 PM,227.15,0,0.0,36453109.09999995
2025-08-01 01:19:07 PM,227.15,26,5905.900000000001,36459014.99999995
2025-08-01 01:19:09 PM,227.11,0,0.0,36459014.99999995
2025-08-01 01:19:13 PM,227.11,1,227.11,36459242.10999995
2025-08-01 01:20:11 PM,227.13,0,0.0,36459242.10999995
2025-08-01 01:20:12 PM,227.13,5,1135.65,36460377.759999946
2025-08-01 01:20:19 PM,226.96,0,0.0,36460377.759999946
2025-08-01 01:20:19 PM,227.0,0,0.0,36460377.759999946
2025-08-01 01:20:22 PM,227.0,236,53572.0,36513949.759999946
2025-08-01 01:20:23 PM,227.1,0,0.0,36513949.759999946
2025-08-01 01:20:27 PM,227.1,45,10219.5,36524169.259999946
2025-08-01 01:21:51 PM,227.0,0,0.0,36524169.259999946
2025-08-01 01:21:55 PM,227.0,74,16798.0,36540967.259999946
2025-08-01 01:22:55 PM,227.0,105,23835.0,36564802.259999946
2025-08-01 01:24:07 PM,227.0,49,11123.0,36575925.259999946
2025-08-01 01:24:07 PM,227.0,2,454.0,36576379.259999946
2025-08-01 01:24:50 PM,227.0,18,4086.0,36580465.259999946
2025-08-01 01:25:10 PM,227.0,5,1135.0,36581600.259999946
2025-08-01 01:25:20 PM,227.0,47,10669.0,36592269.259999946
2025-08-01 01:25:34 PM,227.0,2,454.0,36592723.259999946
2025-08-01 01:26:43 PM,227.0,46,10442.0,36603165.259999946
2025-08-01 01:26:44 PM,227.0,2,454.0,36603619.259999946
2025-08-01 01:27:03 PM,227.0,7,1589.0,36605208.259999946
2025-08-01 01:27:13 PM,227.0,1,227.0,36605435.259999946
2025-08-01 01:27:52 PM,227.0,37,8399.0,36613834.259999946
2025-08-01 01:28:54 PM,227.0,10,2270.0,36616104.259999946
2025-08-01 01:28:59 PM,227.0,1,227.0,36616331.259999946
2025-08-01 01:28:59 PM,227.0,55,12485.0,36628816.259999946
2025-08-01 01:29:03 PM,227.0,3,681.0,36629497.259999946
2025-08-01 01:29:28 PM,227.0,24,5448.0,36634945.259999946
2025-08-01 01:29:42 PM,227.0,10,2270.0,36637215.259999946
2025-08-01 01:30:19 PM,227.13,0,0.0,36637215.259999946
2025-08-01 01:30:20 PM,227.15,0,0.0,36637215.259999946
2025-08-01 01:30:21 PM,227.14,95,21578.3,36658793.55999994
2025-08-01 01:31:55 PM,227.15,135,30665.25,36689458.80999994
2025-08-01 01:31:57 PM,227.03,0,0.0,36689458.80999994
2025-08-01 01:31:59 PM,227.04,0,0.0,36689458.80999994
2025-08-01 01:32:00 PM,227.04,241,54716.64,36744175.44999994
2025-08-01 01:32:31 PM,227.07,0,0.0,36744175.44999994
2025-08-01 01:32:34 PM,227.07,14,3178.98,36747354.42999994
2025-08-01 01:32:49 PM,226.96,2,453.92,36747808.34999994
2025-08-01 01:33:59 PM,227.12,0,0.0,36747808.34999994
2025-08-01 01:34:00 PM,227.23,0,0.0,36747808.34999994
2025-08-01 01:34:02 PM,227.23,61,13861.029999999999,36761669.37999994
2025-08-01 01:34:39 PM,227.25,0,0.0,36761669.37999994
2025-08-01 01:34:40 PM,227.25,44,9999.0,36771668.37999994
2025-08-01 01:34:45 PM,227.09,0,0.0,36771668.37999994
2025-08-01 01:34:49 PM,227.09,2,454.18,36772122.55999994
2025-08-01 01:34:59 PM,227.25,270,61357.5,36833480.05999994
2025-08-01 01:34:59 PM,227.39,0,0.0,36833480.05999994
2025-08-01 01:35:00 PM,227.5,0,0.0,36833480.05999994
2025-08-01 01:35:00 PM,227.5,70,15925.0,36849405.05999994
2025-08-01 01:35:30 PM,227.12,0,0.0,36849405.05999994
2025-08-01 01:35:31 PM,227.25,0,0.0,36849405.05999994
2025-08-01 01:35:33 PM,227.25,177,40223.25,36889628.30999994
2025-08-01 01:36:41 PM,227.1,0,0.0,36889628.30999994
2025-08-01 01:36:45 PM,227.1,202,45874.2,36935502.509999946
2025-08-01 01:37:05 PM,227.06,210,47682.6,36983185.10999995
2025-08-01 01:37:05 PM,227.1,1,227.1,36983412.20999995
2025-08-01 01:37:47 PM,227.02,0,0.0,36983412.20999995
2025-08-01 01:37:49 PM,227.02,42,9534.84,36992947.04999995
2025-08-01 01:37:51 PM,226.98,0,0.0,36992947.04999995
2025-08-01 01:37:53 PM,227.05,0,0.0,36992947.04999995
2025-08-01 01:37:54 PM,227.05,1052,238856.6,37231803.649999954
2025-08-01 01:38:06 PM,226.85,0,0.0,37231803.649999954
2025-08-01 01:38:10 PM,226.85,57,12930.449999999999,37244734.09999996
2025-08-01 01:38:37 PM,226.71,79,17910.09,37262644.18999996
2025-08-01 01:39:35 PM,226.6,0,0.0,37262644.18999996
2025-08-01 01:39:36 PM,226.6,18,4078.7999999999997,37266722.98999996
2025-08-01 01:39:36 PM,226.76,1,226.76,37266949.749999955
2025-08-01 01:41:02 PM,226.76,10,2267.6,37269217.34999996
2025-08-01 01:41:03 PM,226.85,0,0.0,37269217.34999996
2025-08-01 01:41:05 PM,226.93,0,0.0,37269217.34999996
2025-08-01 01:41:06 PM,226.93,106,24054.58,37293271.929999955
2025-08-01 01:41:21 PM,226.64,0,0.0,37293271.929999955
2025-08-01 01:41:21 PM,226.64,180,40795.2,37334067.12999996
2025-08-01 01:41:22 PM,226.64,1,226.64,37334293.76999996
2025-08-01 01:41:31 PM,226.64,10,2266.3999999999996,37336560.16999996
2025-08-01 01:42:31 PM,226.85,0,0.0,37336560.16999996
2025-08-01 01:42:35 PM,226.85,6,1361.1,37337921.26999996
2025-08-01 01:42:43 PM,226.91,0,0.0,37337921.26999996
2025-08-01 01:42:44 PM,226.94,26,5900.44,37343821.709999956
2025-08-01 01:43:14 PM,226.64,125,28330.0,37372151.709999956
2025-08-01 01:43:15 PM,226.75,48,10884.0,37383035.709999956
2025-08-01 01:43:17 PM,226.85,0,0.0,37383035.709999956
2025-08-01 01:43:19 PM,226.85,1,226.85,37383262.55999996
2025-08-01 01:44:24 PM,226.85,10,2268.5,37385531.05999996
2025-08-01 01:44:31 PM,226.87,0,0.0,37385531.05999996
2025-08-01 01:44:34 PM,226.87,1,226.87,37385757.929999955
2025-08-01 01:46:05 PM,226.93,0,0.0,37385757.929999955
2025-08-01 01:46:07 PM,226.93,1,226.93,37385984.859999955
2025-08-01 01:47:15 PM,226.7,191,43299.7,37429284.55999996
2025-08-01 01:47:18 PM,226.7,1,226.7,37429511.25999996
2025-08-01 01:48:09 PM,226.71,0,0.0,37429511.25999996
2025-08-01 01:48:13 PM,226.71,5,1133.55,37430644.80999996
2025-08-01 01:48:28 PM,226.71,193,43755.03,37474399.83999996
2025-08-01 01:48:29 PM,226.81,0,0.0,37474399.83999996
2025-08-01 01:48:33 PM,226.81,10,2268.1,37476667.93999996
2025-08-01 01:48:38 PM,226.71,10,2267.1,37478935.03999996
2025-08-01 01:48:39 PM,226.76,1,226.76,37479161.79999996
2025-08-01 01:49:05 PM,226.89,0,0.0,37479161.79999996
2025-08-01 01:49:07 PM,226.89,29,6579.8099999999995,37485741.60999996
2025-08-01 01:50:35 PM,226.63,0,0.0,37485741.60999996
2025-08-01 01:50:39 PM,226.63,90,20396.7,37506138.309999965
2025-08-01 01:50:43 PM,226.5,0,0.0,37506138.309999965
2025-08-01 01:50:44 PM,226.61,73,16542.530000000002,37522680.83999997
2025-08-01 01:50:53 PM,226.5,0,0.0,37522680.83999997
2025-08-01 01:50:54 PM,226.5,2,453.0,37523133.83999997
2025-08-01 01:50:55 PM,226.63,1,226.63,37523360.46999997
2025-08-01 01:52:11 PM,226.57,0,0.0,37523360.46999997
2025-08-01 01:52:12 PM,226.57,267,60494.189999999995,37583854.65999997
2025-08-01 01:52:13 PM,226.5,0,0.0,37583854.65999997
2025-08-01 01:52:13 PM,226.5,1,226.5,37584081.15999997
2025-08-01 01:52:37 PM,226.55,20,4531.0,37588612.15999997
2025-08-01 01:52:38 PM,226.59,0,0.0,37588612.15999997
2025-08-01 01:52:41 PM,226.59,1,226.59,37588838.74999997
2025-08-01 01:52:57 PM,226.41,84,19018.44,37607857.18999997
2025-08-01 01:53:01 PM,226.41,1,226.41,37608083.599999964
2025-08-01 01:53:03 PM,226.55,0,0.0,37608083.599999964
2025-08-01 01:53:06 PM,226.55,50,11327.5,37619411.099999964
2025-08-01 01:54:35 PM,226.55,1,226.55,37619637.64999996
2025-08-01 01:56:05 PM,226.48,0,0.0,37619637.64999996
2025-08-01 01:56:09 PM,226.48,351,79494.48,37699132.12999996
2025-08-01 01:56:27 PM,226.49,0,0.0,37699132.12999996
2025-08-01 01:56:29 PM,226.49,6,1358.94,37700491.069999956
2025-08-01 01:56:39 PM,226.48,0,0.0,37700491.069999956
2025-08-01 01:56:39 PM,226.48,5,1132.3999999999999,37701623.469999954
2025-08-01 01:57:01 PM,226.52,0,0.0,37701623.469999954
2025-08-01 01:57:04 PM,226.52,37,8381.24,37710004.709999956
2025-08-01 01:57:17 PM,226.48,0,0.0,37710004.709999956
2025-08-01 01:57:19 PM,226.48,10,2264.7999999999997,37712269.50999995
2025-08-01 01:58:23 PM,226.52,0,0.0,37712269.50999995
2025-08-01 01:58:23 PM,226.52,27,6116.04,37718385.54999995
2025-08-01 01:58:45 PM,226.48,0,0.0,37718385.54999995
2025-08-01 01:58:47 PM,226.48,10,2264.7999999999997,37720650.34999995
2025-08-01 01:58:59 PM,226.57,0,0.0,37720650.34999995
2025-08-01 01:59:01 PM,226.58,0,0.0,37720650.34999995
2025-08-01 01:59:03 PM,226.58,421,95390.18000000001,37816040.52999995
2025-08-01 01:59:13 PM,226.58,158,35799.64,37851840.16999995
2025-08-01 01:59:48 PM,226.89,0,0.0,37851840.16999995
2025-08-01 01:59:48 PM,226.89,18,4084.0199999999995,37855924.18999995
2025-08-01 02:00:55 PM,226.57,0,0.0,37855924.18999995
2025-08-01 02:00:57 PM,226.58,235,53246.3,37909170.48999995
2025-08-01 02:01:11 PM,226.5,0,0.0,37909170.48999995
2025-08-01 02:01:12 PM,226.5,556,125934.0,38035104.48999995
2025-08-01 02:01:13 PM,226.69,0,0.0,38035104.48999995
2025-08-01 02:01:17 PM,226.69,3,680.0699999999999,38035784.55999995
2025-08-01 02:01:37 PM,226.73,0,0.0,38035784.55999995
2025-08-01 02:01:41 PM,226.73,86,19498.78,38055283.33999995
2025-08-01 02:01:51 PM,226.63,0,0.0,38055283.33999995
2025-08-01 02:01:56 PM,226.63,1,226.63,38055509.969999954
2025-08-01 02:02:07 PM,226.61,0,0.0,38055509.969999954
2025-08-01 02:02:10 PM,226.61,2,453.22,38055963.18999995
2025-08-01 02:02:29 PM,226.61,207,46908.270000000004,38102871.459999956
2025-08-01 02:03:13 PM,226.67,0,0.0,38102871.459999956
2025-08-01 02:03:15 PM,226.39,128,28977.92,38131849.37999996
2025-08-01 02:03:15 PM,226.51,0,0.0,38131849.37999996
2025-08-01 02:03:16 PM,226.51,6,1359.06,38133208.43999996
2025-08-01 02:03:20 PM,226.51,1,226.51,38133434.94999996
2025-08-01 02:03:21 PM,226.66,0,0.0,38133434.94999996
2025-08-01 02:03:22 PM,226.71,0,0.0,38133434.94999996
2025-08-01 02:03:23 PM,226.75,0,0.0,38133434.94999996
2025-08-01 02:03:25 PM,226.75,89,20180.75,38153615.69999996
2025-08-01 02:03:48 PM,226.96,0,0.0,38153615.69999996
2025-08-01 02:03:50 PM,226.96,4,907.84,38154523.53999996
2025-08-01 02:04:01 PM,226.94,0,0.0,38154523.53999996
2025-08-01 02:04:05 PM,226.94,30,6808.2,38161331.739999965
2025-08-01 02:04:57 PM,226.74,1,226.74,38161558.47999997
2025-08-01 02:05:17 PM,226.96,1,226.96,38161785.43999997
2025-08-01 02:05:41 PM,226.65,2231,505656.15,38667441.58999997
2025-08-01 02:05:42 PM,226.65,5,1133.25,38668574.83999997
2025-08-01 02:07:57 PM,226.79,0,0.0,38668574.83999997
2025-08-01 02:07:59 PM,226.79,258,58511.82,38727086.65999997
2025-08-01 02:09:02 PM,226.64,0,0.0,38727086.65999997
2025-08-01 02:09:06 PM,226.64,43,9745.519999999999,38736832.17999997
2025-08-01 02:09:07 PM,226.74,0,0.0,38736832.17999997
2025-08-01 02:09:11 PM,226.74,27,6121.9800000000005,38742954.15999997
2025-08-01 02:10:17 PM,226.56,0,0.0,38742954.15999997
2025-08-01 02:10:20 PM,226.56,173,39194.88,38782149.03999997
2025-08-01 02:10:57 PM,226.69,0,0.0,38782149.03999997
2025-08-01 02:11:01 PM,226.69,3,680.0699999999999,38782829.10999997
2025-08-01 02:11:03 PM,226.59,0,0.0,38782829.10999997
2025-08-01 02:11:05 PM,226.57,0,0.0,38782829.10999997
2025-08-01 02:11:07 PM,226.57,528,119628.95999999999,38902458.06999997
2025-08-01 02:11:17 PM,226.59,0,0.0,38902458.06999997
2025-08-01 02:11:23 PM,226.59,1,226.59,38902684.659999974
2025-08-01 02:11:27 PM,226.6,0,0.0,38902684.659999974
2025-08-01 02:11:28 PM,226.6,53,12009.8,38914694.45999997
2025-08-01 02:13:22 PM,226.6,82,18581.2,38933275.659999974
2025-08-01 02:13:26 PM,226.65,13,2946.4500000000003,38936222.10999998
2025-08-01 02:14:49 PM,226.5,223,50509.5,38986731.60999998
2025-08-01 02:15:59 PM,226.5,53,12004.5,38998736.10999998
2025-08-01 02:16:45 PM,226.5,5,1132.5,38999868.60999998
2025-08-01 02:17:35 PM,226.5,14,3171.0,39003039.60999998
2025-08-01 02:17:49 PM,226.46,0,0.0,39003039.60999998
2025-08-01 02:17:49 PM,226.47,0,0.0,39003039.60999998
2025-08-01 02:17:51 PM,226.49,0,0.0,39003039.60999998
2025-08-01 02:17:51 PM,226.47,0,0.0,39003039.60999998
2025-08-01 02:17:51 PM,226.47,414,93758.58,39096798.189999975
2025-08-01 02:18:05 PM,226.4,0,0.0,39096798.189999975
2025-08-01 02:18:06 PM,226.4,52,11772.800000000001,39108570.98999997
2025-08-01 02:18:17 PM,226.4,225,50940.0,39159510.98999997
2025-08-01 02:18:19 PM,226.42,0,0.0,39159510.98999997
2025-08-01 02:18:22 PM,226.42,2,452.84,39159963.829999976
2025-08-01 02:18:32 PM,226.42,1,226.42,39160190.24999998
2025-08-01 02:19:11 PM,226.4,0,0.0,39160190.24999998
2025-08-01 02:19:12 PM,226.4,1,226.4,39160416.649999976
2025-08-01 02:19:22 PM,226.22,0,0.0,39160416.649999976
2025-08-01 02:19:23 PM,226.22,12,2714.64,39163131.28999998
2025-08-01 02:19:23 PM,226.33,3,678.99,39163810.27999998
2025-08-01 02:19:25 PM,226.32,0,0.0,39163810.27999998
2025-08-01 02:19:28 PM,226.32,1,226.32,39164036.59999998
2025-08-01 02:20:11 PM,226.34,21,4753.14,39168789.73999998
2025-08-01 02:20:39 PM,226.32,0,0.0,39168789.73999998
2025-08-01 02:20:41 PM,226.32,105,23763.6,39192553.33999998
2025-08-01 02:21:45 PM,225.8,0,0.0,39192553.33999998
2025-08-01 02:21:46 PM,225.83,0,0.0,39192553.33999998
2025-08-01 02:21:48 PM,226.19,0,0.0,39192553.33999998
2025-08-01 02:21:48 PM,226.19,3517,795510.23,39988063.56999998
2025-08-01 02:21:48 PM,226.17,50,11308.5,39999372.06999998
2025-08-01 02:21:51 PM,226.16,0,0.0,39999372.06999998
2025-08-01 02:21:53 PM,226.16,2,452.32,39999824.38999998
2025-08-01 02:22:19 PM,225.9,0,0.0,39999824.38999998
2025-08-01 02:22:20 PM,225.9,229,51731.1,40051555.48999998
2025-08-01 02:22:45 PM,225.99,0,0.0,40051555.48999998
2025-08-01 02:22:47 PM,225.99,200,45198.0,40096753.48999998
2025-08-01 02:22:50 PM,226.09,0,0.0,40096753.48999998
2025-08-01 02:22:51 PM,226.1,0,0.0,40096753.48999998
2025-08-01 02:22:52 PM,226.1,38,8591.8,40105345.28999998
2025-08-01 02:23:02 PM,226.03,0,0.0,40105345.28999998
2025-08-01 02:23:03 PM,226.03,131,29609.93,40134955.21999998
2025-08-01 02:23:11 PM,226.0,0,0.0,40134955.21999998
2025-08-01 02:23:14 PM,226.0,1,226.0,40135181.21999998
2025-08-01 02:23:28 PM,225.9,0,0.0,40135181.21999998
2025-08-01 02:23:29 PM,225.88,0,0.0,40135181.21999998
2025-08-01 02:23:30 PM,225.9,165,37273.5,40172454.71999998
2025-08-01 02:23:40 PM,225.89,0,0.0,40172454.71999998
2025-08-01 02:23:40 PM,225.89,26,5873.139999999999,40178327.85999998
2025-08-01 02:23:49 PM,225.91,0,0.0,40178327.85999998
2025-08-01 02:23:52 PM,225.91,26,5873.66,40184201.51999997
2025-08-01 02:24:04 PM,225.69,0,0.0,40184201.51999997
2025-08-01 02:24:07 PM,225.69,2,451.38,40184652.899999976
2025-08-01 02:24:46 PM,225.91,0,0.0,40184652.899999976
2025-08-01 02:24:49 PM,225.91,3,677.73,40185330.62999997
2025-08-01 02:25:01 PM,225.76,0,0.0,40185330.62999997
2025-08-01 02:25:02 PM,225.91,0,0.0,40185330.62999997
2025-08-01 02:25:06 PM,225.91,48,10843.68,40196174.30999997
2025-08-01 02:25:32 PM,225.91,7,1581.37,40197755.67999997
2025-08-01 02:25:37 PM,225.83,0,0.0,40197755.67999997
2025-08-01 02:25:38 PM,225.83,285,64361.55,40262117.22999997
2025-08-01 02:25:55 PM,225.91,0,0.0,40262117.22999997
2025-08-01 02:25:58 PM,225.91,9,2033.19,40264150.419999965
2025-08-01 02:27:45 PM,225.91,1,225.91,40264376.32999996
2025-08-01 02:27:50 PM,225.77,0,0.0,40264376.32999996
2025-08-01 02:27:51 PM,225.77,94,21222.38,40285598.70999996
2025-08-01 02:28:01 PM,225.76,10,2257.6,40287856.309999965
2025-08-01 02:28:12 PM,225.77,0,0.0,40287856.309999965
2025-08-01 02:28:13 PM,225.77,26,5870.02,40293726.32999997
2025-08-01 02:28:18 PM,225.77,1,225.77,40293952.09999997
2025-08-01 02:28:40 PM,225.77,6,1354.6200000000001,40295306.71999997
2025-08-01 02:28:51 PM,225.77,10,2257.7000000000003,40297564.41999997
2025-08-01 02:29:08 PM,225.77,66,14900.820000000002,40312465.23999997
2025-08-01 02:29:41 PM,226.1,0,0.0,40312465.23999997
2025-08-01 02:29:41 PM,226.08,668,151021.44,40463486.67999997
2025-08-01 02:30:46 PM,225.87,130,29363.100000000002,40492849.77999997
2025-08-01 02:30:48 PM,225.87,7,1581.0900000000001,40494430.869999975
2025-08-01 02:30:57 PM,225.75,521,117615.75,40612046.619999975
2025-08-01 02:30:58 PM,225.8,27,6096.6,40618143.21999998
2025-08-01 02:31:15 PM,225.97,53,11976.41,40630119.62999997
2025-08-01 02:33:14 PM,226.16,5,1130.8,40631250.42999997
2025-08-01 02:33:46 PM,226.16,23,5201.68,40636452.10999997
2025-08-01 02:33:49 PM,226.16,1,226.16,40636678.269999966
2025-08-01 02:35:06 PM,226.16,8,1809.28,40638487.54999997
2025-08-01 02:35:06 PM,226.19,0,0.0,40638487.54999997
2025-08-01 02:35:08 PM,226.19,1,226.19,40638713.739999965
2025-08-01 02:35:30 PM,226.19,38,8595.22,40647308.95999996
2025-08-01 02:35:57 PM,226.19,5,1130.95,40648439.90999997
2025-08-01 02:36:36 PM,226.0,257,58082.0,40706521.90999997
2025-08-01 02:36:51 PM,226.08,1,226.08,40706747.989999965
2025-08-01 02:36:58 PM,225.93,1,225.93,40706973.919999965
2025-08-01 02:37:08 PM,225.9,0,0.0,40706973.919999965
2025-08-01 02:37:08 PM,225.9,162,36595.8,40743569.71999996
2025-08-01 02:37:25 PM,225.71,201,45367.71,40788937.42999996
2025-08-01 02:38:52 PM,225.96,0,0.0,40788937.42999996
2025-08-01 02:38:52 PM,225.96,54,12201.84,40801139.269999966
2025-08-01 02:39:06 PM,225.98,0,0.0,40801139.269999966
2025-08-01 02:39:09 PM,225.99,0,0.0,40801139.269999966
2025-08-01 02:39:11 PM,225.99,4,903.96,40802043.22999997
2025-08-01 02:39:51 PM,226.15,0,0.0,40802043.22999997
2025-08-01 02:39:55 PM,226.15,39,8819.85,40810863.07999997
2025-08-01 02:40:03 PM,226.18,0,0.0,40810863.07999997
2025-08-01 02:40:07 PM,226.18,8,1809.44,40812672.519999966
2025-08-01 02:40:23 PM,225.97,0,0.0,40812672.519999966
2025-08-01 02:40:23 PM,225.97,112,25308.64,40837981.15999997
2025-08-01 02:41:50 PM,226.07,0,0.0,40837981.15999997
2025-08-01 02:41:50 PM,226.07,1,226.07,40838207.22999997
2025-08-01 02:42:06 PM,226.07,11,2486.77,40840693.99999997
2025-08-01 02:42:06 PM,226.07,1,226.07,40840920.06999997
2025-08-01 02:42:08 PM,225.91,0,0.0,40840920.06999997
2025-08-01 02:42:12 PM,225.91,104,23494.64,40864414.70999997
2025-08-01 02:42:17 PM,226.06,10,2260.6,40866675.30999997
2025-08-01 02:42:17 PM,226.06,1,226.06,40866901.369999975
2025-08-01 02:42:31 PM,226.07,0,0.0,40866901.369999975
2025-08-01 02:42:33 PM,226.07,5,1130.35,40868031.71999998
2025-08-01 02:42:33 PM,226.07,6,1356.42,40869388.13999998
2025-08-01 02:43:11 PM,226.0,0,0.0,40869388.13999998
2025-08-01 02:43:11 PM,226.0,59,13334.0,40882722.13999998
2025-08-01 02:43:15 PM,226.0,6,1356.0,40884078.13999998
2025-08-01 02:43:16 PM,226.0,1,226.0,40884304.13999998
2025-08-01 02:43:21 PM,226.0,2,452.0,40884756.13999998
2025-08-01 02:43:37 PM,226.04,0,0.0,40884756.13999998
2025-08-01 02:43:37 PM,226.04,8,1808.32,40886564.45999998
2025-08-01 02:43:37 PM,226.03,0,0.0,40886564.45999998
2025-08-01 02:43:38 PM,226.03,1,226.03,40886790.48999998
2025-08-01 02:43:59 PM,226.03,85,19212.55,40906003.03999998
2025-08-01 02:43:59 PM,226.02,9,2034.18,40908037.21999998
2025-08-01 02:44:03 PM,225.89,0,0.0,40908037.21999998
2025-08-01 02:44:05 PM,225.89,55,12423.949999999999,40920461.16999998
2025-08-01 02:44:11 PM,226.03,5,1130.15,40921591.31999998
2025-08-01 02:44:11 PM,226.03,1,226.03,40921817.34999998
2025-08-01 02:44:44 PM,226.06,1,226.06,40922043.40999998
2025-08-01 02:45:01 PM,226.07,50,11303.5,40933346.90999998
2025-08-01 02:45:07 PM,226.07,5,1130.35,40934477.25999998
2025-08-01 02:45:42 PM,226.1,0,0.0,40934477.25999998
2025-08-01 02:45:46 PM,226.1,1,226.1,40934703.359999985
2025-08-01 02:45:54 PM,225.9,0,0.0,40934703.359999985
2025-08-01 02:45:56 PM,225.9,146,32981.4,40967684.75999998
2025-08-01 02:45:57 PM,225.9,15,3388.5,40971073.25999998
2025-08-01 02:46:02 PM,225.9,2,451.8,40971525.05999998
2025-08-01 02:46:02 PM,226.15,155,35053.25,41006578.30999998
2025-08-01 02:46:03 PM,226.11,0,0.0,41006578.30999998
2025-08-01 02:46:07 PM,226.11,16,3617.76,41010196.06999998
2025-08-01 02:46:08 PM,226.11,2,452.22,41010648.28999998
2025-08-01 02:46:09 PM,226.14,0,0.0,41010648.28999998
2025-08-01 02:46:14 PM,226.15,0,0.0,41010648.28999998
2025-08-01 02:46:14 PM,226.15,78,17639.7,41028287.98999998
2025-08-01 02:46:15 PM,226.15,8,1809.2,41030097.18999998
2025-08-01 02:46:19 PM,226.15,1,226.15,41030323.33999998
2025-08-01 02:46:41 PM,226.19,0,0.0,41030323.33999998
2025-08-01 02:46:41 PM,226.19,50,11309.5,41041632.83999998
2025-08-01 02:46:42 PM,226.19,5,1130.95,41042763.789999984
2025-08-01 02:46:47 PM,225.95,0,0.0,41042763.789999984
2025-08-01 02:46:47 PM,225.95,3,677.8499999999999,41043441.639999986
2025-08-01 02:46:52 PM,225.95,105,23724.75,41067166.389999986
2025-08-01 02:46:58 PM,226.16,10,2261.6,41069427.98999999
2025-08-01 02:46:58 PM,226.16,21,4749.36,41074177.34999999
2025-08-01 02:47:03 PM,226.16,22,4975.5199999999995,41079152.86999999
2025-08-01 02:47:04 PM,226.16,2,452.32,41079605.18999999
2025-08-01 02:47:09 PM,226.16,1,226.16,41079831.34999999
2025-08-01 02:47:21 PM,225.95,132,29825.399999999998,41109656.749999985
2025-08-01 02:47:27 PM,226.18,13,2940.34,41112597.08999999
2025-08-01 02:47:27 PM,226.18,1,226.18,41112823.26999999
2025-08-01 02:47:46 PM,226.19,0,0.0,41112823.26999999
2025-08-01 02:47:49 PM,226.19,25,5654.75,41118478.01999999
2025-08-01 02:47:50 PM,226.19,3,678.5699999999999,41119156.58999999
2025-08-01 02:47:52 PM,226.2,0,0.0,41119156.58999999
2025-08-01 02:47:55 PM,226.2,44,9952.8,41129109.389999986
2025-08-01 02:47:55 PM,226.2,4,904.8,41130014.18999998
2025-08-01 02:47:58 PM,226.19,0,0.0,41130014.18999998
2025-08-01 02:48:01 PM,226.19,1,226.19,41130240.37999998
2025-08-01 02:48:16 PM,226.2,0,0.0,41130240.37999998
2025-08-01 02:48:18 PM,226.2,1,226.2,41130466.57999998
2025-08-01 02:50:03 PM,226.2,25,5655.0,41136121.57999998
2025-08-01 02:50:04 PM,226.2,3,678.5999999999999,41136800.179999985
2025-08-01 02:50:42 PM,226.24,15,3393.6000000000004,41140193.77999999
2025-08-01 02:50:42 PM,226.24,1,226.24,41140420.01999999
2025-08-01 02:51:09 PM,226.24,2,452.48,41140872.499999985
2025-08-01 02:51:37 PM,226.2,0,0.0,41140872.499999985
2025-08-01 02:51:41 PM,226.2,50,11310.0,41152182.499999985
2025-08-01 02:51:41 PM,226.2,5,1131.0,41153313.499999985
2025-08-01 02:51:58 PM,226.1,0,0.0,41153313.499999985
2025-08-01 02:52:02 PM,226.1,318,71899.8,41225213.29999998
2025-08-01 02:52:08 PM,226.1,92,20801.2,41246014.499999985
2025-08-01 02:52:08 PM,226.2,29,6559.799999999999,41252574.29999998
2025-08-01 02:52:09 PM,226.19,0,0.0,41252574.29999998
2025-08-01 02:52:13 PM,226.18,0,0.0,41252574.29999998
2025-08-01 02:52:13 PM,226.18,5,1130.9,41253705.19999998
2025-08-01 02:52:14 PM,226.18,1,226.18,41253931.37999998
2025-08-01 02:52:43 PM,226.0,0,0.0,41253931.37999998
2025-08-01 02:52:45 PM,226.0,298,67348.0,41321279.37999998
2025-08-01 02:52:46 PM,226.0,3,678.0,41321957.37999998
2025-08-01 02:52:50 PM,226.18,0,0.0,41321957.37999998
2025-08-01 02:52:50 PM,226.18,46,10404.28,41332361.65999998
2025-08-01 02:52:52 PM,226.18,4,904.72,41333266.37999998
2025-08-01 02:52:56 PM,226.18,28,6333.04,41339599.41999998
2025-08-01 02:52:57 PM,226.18,3,678.54,41340277.95999998
2025-08-01 02:53:01 PM,226.21,0,0.0,41340277.95999998
2025-08-01 02:53:01 PM,226.21,26,5881.46,41346159.41999998
2025-08-01 02:53:02 PM,226.21,3,678.63,41346838.04999998
2025-08-01 02:53:11 PM,225.8,0,0.0,41346838.04999998
2025-08-01 02:53:12 PM,225.8,285,64353.0,41411191.04999998
2025-08-01 02:53:14 PM,225.8,28,6322.400000000001,41417513.44999998
2025-08-01 02:53:18 PM,225.8,3,677.4000000000001,41418190.84999998
2025-08-01 02:53:20 PM,225.8,1,225.8,41418416.649999976
2025-08-01 02:53:30 PM,225.8,1477,333506.60000000003,41751923.24999998
2025-08-01 02:53:33 PM,225.8,15,3387.0,41755310.24999998
2025-08-01 02:53:36 PM,226.0,334,75484.0,41830794.24999998
2025-08-01 02:53:39 PM,226.0,34,7684.0,41838478.24999998
2025-08-01 02:53:41 PM,226.0,3,678.0,41839156.24999998
2025-08-01 02:54:13 PM,225.66,0,0.0,41839156.24999998
2025-08-01 02:54:14 PM,225.66,27,6092.82,41845249.06999998
2025-08-01 02:54:19 PM,225.88,3,677.64,41845926.70999998
2025-08-01 02:55:01 PM,225.59,0,0.0,41845926.70999998
2025-08-01 02:55:01 PM,225.59,5,1127.95,41847054.65999998
2025-08-01 02:55:07 PM,225.82,0,0.0,41847054.65999998
2025-08-01 02:55:07 PM,225.82,1,225.82,41847280.47999998
2025-08-01 02:57:13 PM,225.98,0,0.0,41847280.47999998
2025-08-01 02:57:13 PM,225.98,1,225.98,41847506.45999998
2025-08-01 02:57:24 PM,225.98,1,225.98,41847732.439999975
2025-08-01 02:57:24 PM,225.98,1,225.98,41847958.41999997
2025-08-01 02:57:28 PM,225.99,0,0.0,41847958.41999997
2025-08-01 02:57:29 PM,225.99,5,1129.95,41849088.369999975
2025-08-01 02:57:33 PM,225.96,0,0.0,41849088.369999975
2025-08-01 02:57:34 PM,225.96,4,903.84,41849992.20999998
2025-08-01 02:57:35 PM,225.96,1,225.96,41850218.16999998
2025-08-01 02:57:40 PM,225.96,4,903.84,41851122.00999998
2025-08-01 02:57:50 PM,225.96,14,3163.44,41854285.44999998
2025-08-01 02:57:52 PM,225.96,1,225.96,41854511.40999998
2025-08-01 02:57:53 PM,225.81,0,0.0,41854511.40999998
2025-08-01 02:57:57 PM,225.81,3,677.4300000000001,41855188.83999998
2025-08-01 02:58:01 PM,225.98,15,3389.7,41858578.539999984
2025-08-01 02:58:02 PM,225.98,1,225.98,41858804.51999998
2025-08-01 02:58:05 PM,226.04,0,0.0,41858804.51999998
2025-08-01 02:58:07 PM,225.98,0,0.0,41858804.51999998
2025-08-01 02:58:07 PM,225.98,54,12202.92,41871007.43999998
2025-08-01 02:58:09 PM,225.98,46,10395.08,41881402.51999998
2025-08-01 02:58:13 PM,225.98,4,903.92,41882306.43999998
2025-08-01 02:58:15 PM,226.05,0,0.0,41882306.43999998
2025-08-01 02:58:15 PM,226.05,5,1130.25,41883436.68999998
2025-08-01 02:58:25 PM,226.08,0,0.0,41883436.68999998
2025-08-01 02:58:25 PM,226.08,14,3165.1200000000003,41886601.80999998
2025-08-01 02:58:27 PM,226.13,0,0.0,41886601.80999998
2025-08-01 02:58:27 PM,226.13,4,904.52,41887506.32999998
2025-08-01 02:58:29 PM,226.15,0,0.0,41887506.32999998
2025-08-01 02:58:31 PM,226.15,3,678.45,41888184.77999999
2025-08-01 02:58:47 PM,226.14,0,0.0,41888184.77999999
2025-08-01 02:58:48 PM,226.14,7,1582.98,41889767.75999998
2025-08-01 02:58:49 PM,226.14,2,452.28,41890220.039999984
2025-08-01 02:59:04 PM,226.14,3,678.42,41890898.459999986
2025-08-01 02:59:06 PM,226.14,1,226.14,41891124.59999999
2025-08-01 02:59:11 PM,226.17,1,226.17,41891350.76999999
2025-08-01 02:59:17 PM,226.17,9,2035.53,41893386.29999999
2025-08-01 02:59:18 PM,226.17,1,226.17,41893612.46999999
2025-08-01 02:59:27 PM,226.24,0,0.0,41893612.46999999
2025-08-01 02:59:27 PM,226.24,4,904.96,41894517.42999999
2025-08-01 02:59:30 PM,226.07,0,0.0,41894517.42999999
2025-08-01 02:59:33 PM,226.07,294,66464.58,41960982.00999999
2025-08-01 02:59:34 PM,226.07,30,6782.099999999999,41967764.10999999
2025-08-01 02:59:38 PM,226.07,3,678.21,41968442.31999999
2025-08-01 02:59:44 PM,226.15,2,452.3,41968894.61999999
2025-08-01 02:59:46 PM,226.15,1,226.15,41969120.76999999
2025-08-01 02:59:51 PM,226.18,1,226.18,41969346.94999999
2025-08-01 02:59:55 PM,226.18,4,904.72,41970251.66999999
2025-08-01 02:59:57 PM,226.18,1,226.18,41970477.84999999
2025-08-01 03:00:05 PM,226.24,0,0.0,41970477.84999999
2025-08-01 03:00:07 PM,226.24,4,904.96,41971382.80999999
2025-08-01 03:00:15 PM,226.25,4,905.0,41972287.80999999
2025-08-01 03:00:19 PM,226.25,4,905.0,41973192.80999999
2025-08-01 03:00:25 PM,226.05,24,5425.200000000001,41978618.00999999
2025-08-01 03:00:27 PM,226.1,6,1356.6,41979974.60999999
2025-08-01 03:00:31 PM,226.1,1,226.1,41980200.70999999
2025-08-01 03:00:36 PM,226.1,1,226.1,41980426.809999995
2025-08-01 03:00:45 PM,226.1,3,678.3,41981105.10999999
2025-08-01 03:00:47 PM,225.98,0,0.0,41981105.10999999
2025-08-01 03:00:48 PM,225.98,343,77511.14,42058616.24999999
2025-08-01 03:00:51 PM,225.98,22,4971.5599999999995,42063587.809999995
2025-08-01 03:00:54 PM,226.06,12,2712.7200000000003,42066300.529999994
2025-08-01 03:00:56 PM,226.03,0,0.0,42066300.529999994
2025-08-01 03:00:57 PM,226.03,6,1356.18,42067656.70999999
2025-08-01 03:01:00 PM,226.03,1,226.03,42067882.739999995
2025-08-01 03:01:09 PM,226.0,0,0.0,42067882.739999995
2025-08-01 03:01:09 PM,226.0,137,30962.0,42098844.739999995
2025-08-01 03:01:16 PM,225.9,99,22364.100000000002,42121208.839999996
2025-08-01 03:01:21 PM,226.05,0,0.0,42121208.839999996
2025-08-01 03:01:22 PM,226.05,10,2260.5,42123469.339999996
2025-08-01 03:01:25 PM,226.08,5,1130.4,42124599.739999995
2025-08-01 03:01:28 PM,225.76,140,31606.399999999998,42156206.13999999
2025-08-01 03:01:30 PM,226.0,0,0.0,42156206.13999999
2025-08-01 03:01:31 PM,226.0,2,452.0,42156658.13999999
2025-08-01 03:01:34 PM,226.0,14,3164.0,42159822.13999999
2025-08-01 03:01:40 PM,226.0,3,678.0,42160500.13999999
2025-08-01 03:01:46 PM,226.0,203,45878.0,42206378.13999999
2025-08-01 03:01:49 PM,226.0,20,4520.0,42210898.13999999
2025-08-01 03:01:51 PM,225.89,0,0.0,42210898.13999999
2025-08-01 03:01:52 PM,225.89,8,1807.12,42212705.25999999
2025-08-01 03:01:55 PM,226.01,2,452.02,42213157.279999994
2025-08-01 03:01:58 PM,226.01,1,226.01,42213383.28999999
2025-08-01 03:02:04 PM,225.98,4,903.92,42214287.20999999
2025-08-01 03:02:13 PM,225.94,131,29598.14,42243885.349999994
2025-08-01 03:02:15 PM,226.09,0,0.0,42243885.349999994
2025-08-01 03:02:17 PM,225.99,8,1807.92,42245693.269999996
2025-08-01 03:02:19 PM,225.64,208,46933.119999999995,42292626.38999999
2025-08-01 03:02:25 PM,225.9,30,6777.0,42299403.38999999
2025-08-01 03:02:29 PM,225.65,19,4287.35,42303690.739999995
2025-08-01 03:02:35 PM,225.9,2,451.8,42304142.53999999
2025-08-01 03:02:39 PM,225.97,0,0.0,42304142.53999999
2025-08-01 03:02:41 PM,225.97,1,225.97,42304368.50999999
2025-08-01 03:02:47 PM,225.97,3,677.91,42305046.41999999
2025-08-01 03:02:50 PM,225.97,1,225.97,42305272.389999986
2025-08-01 03:02:56 PM,225.97,4,903.88,42306176.26999999
2025-08-01 03:03:02 PM,225.98,0,0.0,42306176.26999999
2025-08-01 03:03:02 PM,225.98,1,225.98,42306402.249999985
2025-08-01 03:03:06 PM,225.98,3,677.9399999999999,42307080.18999998
2025-08-01 03:03:08 PM,225.9,5,1129.5,42308209.68999998
2025-08-01 03:03:12 PM,225.9,1,225.9,42308435.58999998
2025-08-01 03:03:14 PM,225.85,0,0.0,42308435.58999998
2025-08-01 03:03:15 PM,225.85,68,15357.8,42323793.38999998
2025-08-01 03:03:18 PM,225.9,6,1355.4,42325148.78999998
2025-08-01 03:03:21 PM,225.9,5,1129.5,42326278.28999998
2025-08-01 03:03:24 PM,225.9,1,225.9,42326504.189999975
2025-08-01 03:03:27 PM,225.9,4,903.6,42327407.78999998
2025-08-01 03:03:36 PM,225.85,186,42008.1,42369415.88999998
2025-08-01 03:03:39 PM,225.85,19,4291.15,42373707.03999998
2025-08-01 03:03:42 PM,225.88,3,677.64,42374384.67999998
2025-08-01 03:03:45 PM,225.89,0,0.0,42374384.67999998
2025-08-01 03:03:45 PM,225.89,3,677.67,42375062.34999998
2025-08-01 03:03:48 PM,225.89,1,225.89,42375288.23999998
2025-08-01 03:03:54 PM,225.82,4,903.28,42376191.51999998
2025-08-01 03:03:57 PM,225.82,3,677.46,42376868.97999998
2025-08-01 03:04:03 PM,225.89,0,0.0,42376868.97999998
2025-08-01 03:04:03 PM,225.89,4,903.56,42377772.539999984
2025-08-01 03:04:06 PM,225.65,205,46258.25,42424030.789999984
2025-08-01 03:04:13 PM,225.82,20,4516.4,42428547.18999998
2025-08-01 03:04:16 PM,225.82,6,1354.92,42429902.109999985
2025-08-01 03:04:19 PM,225.82,1,225.82,42430127.929999985
2025-08-01 03:04:23 PM,225.74,0,0.0,42430127.929999985
2025-08-01 03:04:25 PM,225.9,5,1129.5,42431257.429999985
2025-08-01 03:04:28 PM,225.79,6,1354.74,42432612.16999999
2025-08-01 03:04:36 PM,225.74,0,0.0,42432612.16999999
2025-08-01 03:04:37 PM,225.74,152,34312.48,42466924.64999998
2025-08-01 03:04:40 PM,225.74,15,3386.1000000000004,42470310.749999985
2025-08-01 03:04:43 PM,225.74,2,451.48,42470762.22999998
2025-08-01 03:04:46 PM,225.69,4,902.76,42471664.98999998
2025-08-01 03:04:55 PM,225.82,0,0.0,42471664.98999998
2025-08-01 03:04:55 PM,225.82,3,677.46,42472342.44999998
