date,price,qty,trnvr,cum_trnvr
2025-08-01 09:15:01 AM,425.65,24217,10307966.049999999,10307966.049999999
2025-08-01 09:15:01 AM,424.65,0,0.0,10307966.049999999
2025-08-01 09:15:02 AM,424.65,10938,4644821.7,14952787.75
2025-08-01 09:15:02 AM,424.3,0,0.0,14952787.75
2025-08-01 09:15:03 AM,424.3,620,263066.0,15215853.75
2025-08-01 09:15:03 AM,423.7,0,0.0,15215853.75
2025-08-01 09:15:04 AM,423.8,6068,2571618.4,17787472.15
2025-08-01 09:15:05 AM,423.5,3195,1353082.5,19140554.65
2025-08-01 09:15:05 AM,423.6,0,0.0,19140554.65
2025-08-01 09:15:06 AM,423.6,1174,497306.4,19637861.049999997
2025-08-01 09:15:07 AM,423.45,2151,910840.95,20548701.999999996
2025-08-01 09:15:07 AM,423.2,0,0.0,20548701.999999996
2025-08-01 09:15:08 AM,423.2,28407,12021842.4,32570544.4
2025-08-01 09:15:08 AM,422.95,0,0.0,32570544.4
2025-08-01 09:15:09 AM,422.95,1465,619621.75,33190166.15
2025-08-01 09:15:10 AM,423.45,2875,1217418.75,34407584.9
2025-08-01 09:15:10 AM,423.3,0,0.0,34407584.9
2025-08-01 09:15:11 AM,423.45,1310,554719.5,34962304.4
2025-08-01 09:15:11 AM,423.4,0,0.0,34962304.4
2025-08-01 09:15:12 AM,423.4,809,342530.6,35304835.0
2025-08-01 09:15:12 AM,423.25,0,0.0,35304835.0
2025-08-01 09:15:13 AM,423.25,23,9734.75,35314569.75
2025-08-01 09:15:14 AM,423.4,1401,593183.4,35907753.15
2025-08-01 09:15:14 AM,423.0,0,0.0,35907753.15
2025-08-01 09:15:15 AM,423.35,1131,478808.85000000003,36386562.0
2025-08-01 09:15:16 AM,423.4,1192,504692.8,36891254.8
2025-08-01 09:15:17 AM,423.4,5828,2467575.1999999997,39358830.0
2025-08-01 09:15:17 AM,423.75,0,0.0,39358830.0
2025-08-01 09:15:18 AM,423.85,771,326788.35000000003,39685618.35
2025-08-01 09:15:19 AM,423.45,0,0.0,39685618.35
2025-08-01 09:15:20 AM,423.45,193,81725.84999999999,39767344.2
2025-08-01 09:15:20 AM,423.75,863,365696.25,40133040.45
2025-08-01 09:15:21 AM,423.9,0,0.0,40133040.45
2025-08-01 09:15:21 AM,423.9,2103,891461.7,41024502.150000006
2025-08-01 09:15:22 AM,424.6,1699,721395.4,41745897.550000004
2025-08-01 09:15:23 AM,424.3,0,0.0,41745897.550000004
2025-08-01 09:15:23 AM,424.3,54,22912.2,41768809.75000001
2025-08-01 09:15:24 AM,424.3,315,133654.5,41902464.25000001
2025-08-01 09:15:25 AM,424.6,0,0.0,41902464.25000001
2025-08-01 09:15:25 AM,424.6,880,373648.0,42276112.25000001
2025-08-01 09:15:26 AM,424.75,6,2548.5,42278660.75000001
2025-08-01 09:15:27 AM,425.1,0,0.0,42278660.75000001
2025-08-01 09:15:27 AM,425.1,354,150485.4,42429146.150000006
2025-08-01 09:15:28 AM,425.4,2989,1271520.5999999999,43700666.75000001
2025-08-01 09:15:29 AM,425.75,0,0.0,43700666.75000001
2025-08-01 09:15:29 AM,425.75,16,6812.0,43707478.75000001
2025-08-01 09:15:30 AM,424.85,1118,474982.30000000005,44182461.050000004
2025-08-01 09:15:31 AM,425.1,0,0.0,44182461.050000004
2025-08-01 09:15:31 AM,424.95,4432,1883378.4,46065839.45
2025-08-01 09:15:32 AM,425.0,0,0.0,46065839.45
2025-08-01 09:15:32 AM,425.0,1153,490025.0,46555864.45
2025-08-01 09:15:33 AM,425.45,217,92322.65,46648187.1
2025-08-01 09:15:34 AM,425.55,0,0.0,46648187.1
2025-08-01 09:15:34 AM,425.55,118,50214.9,46698402.0
2025-08-01 09:15:35 AM,425.5,20,8510.0,46706912.0
2025-08-01 09:15:36 AM,425.6,0,0.0,46706912.0
2025-08-01 09:15:36 AM,425.6,2508,1067404.8,47774316.8
2025-08-01 09:15:38 AM,425.8,0,0.0,47774316.8
2025-08-01 09:15:38 AM,425.8,12255,5218179.0,52992495.8
2025-08-01 09:15:39 AM,425.0,0,0.0,52992495.8
2025-08-01 09:15:39 AM,425.0,355,150875.0,53143370.8
2025-08-01 09:15:40 AM,425.5,0,0.0,53143370.8
2025-08-01 09:15:40 AM,425.5,736,313168.0,53456538.8
2025-08-01 09:15:41 AM,425.65,0,0.0,53456538.8
2025-08-01 09:15:41 AM,425.65,340,144721.0,53601259.8
2025-08-01 09:15:42 AM,425.7,117,49806.9,53651066.699999996
2025-08-01 09:15:42 AM,425.7,1,425.7,53651492.4
2025-08-01 09:15:43 AM,425.45,0,0.0,53651492.4
2025-08-01 09:15:43 AM,425.45,500,212725.0,53864217.4
2025-08-01 09:15:44 AM,425.8,0,0.0,53864217.4
2025-08-01 09:15:44 AM,425.45,1200,510540.0,54374757.4
2025-08-01 09:15:45 AM,425.65,0,0.0,54374757.4
2025-08-01 09:15:45 AM,425.65,1001,426075.64999999997,54800833.05
2025-08-01 09:15:46 AM,425.5,0,0.0,54800833.05
2025-08-01 09:15:46 AM,425.5,21,8935.5,54809768.55
2025-08-01 09:15:47 AM,425.7,0,0.0,54809768.55
2025-08-01 09:15:47 AM,425.7,162,68963.4,54878731.949999996
2025-08-01 09:15:47 AM,425.55,0,0.0,54878731.949999996
2025-08-01 09:15:48 AM,425.7,0,0.0,54878731.949999996
2025-08-01 09:15:48 AM,425.7,251,106850.7,54985582.65
2025-08-01 09:15:49 AM,425.8,0,0.0,54985582.65
2025-08-01 09:15:49 AM,425.8,450,191610.0,55177192.65
2025-08-01 09:15:50 AM,425.8,54,22993.2,55200185.85
2025-08-01 09:15:51 AM,425.7,0,0.0,55200185.85
2025-08-01 09:15:51 AM,425.7,233,99188.09999999999,55299373.95
2025-08-01 09:15:52 AM,425.75,0,0.0,55299373.95
2025-08-01 09:15:52 AM,425.75,1278,544108.5,55843482.45
2025-08-01 09:15:53 AM,425.8,0,0.0,55843482.45
2025-08-01 09:15:53 AM,425.8,1091,464547.8,56308030.25
2025-08-01 09:15:54 AM,425.0,0,0.0,56308030.25
2025-08-01 09:15:54 AM,425.0,632,268600.0,56576630.25
2025-08-01 09:15:55 AM,425.3,0,0.0,56576630.25
2025-08-01 09:15:55 AM,425.3,21,8931.300000000001,56585561.55
2025-08-01 09:15:56 AM,425.35,0,0.0,56585561.55
2025-08-01 09:15:56 AM,425.35,50,21267.5,56606829.05
2025-08-01 09:15:57 AM,425.4,0,0.0,56606829.05
2025-08-01 09:15:57 AM,425.4,25,10635.0,56617464.05
2025-08-01 09:15:58 AM,425.2,0,0.0,56617464.05
2025-08-01 09:15:58 AM,425.2,3165,1345758.0,57963222.05
2025-08-01 09:15:58 AM,425.3,100,42530.0,58005752.05
2025-08-01 09:15:59 AM,425.25,0,0.0,58005752.05
2025-08-01 09:15:59 AM,425.25,15,6378.75,58012130.8
2025-08-01 09:16:00 AM,424.75,0,0.0,58012130.8
2025-08-01 09:16:00 AM,424.75,960,407760.0,58419890.8
2025-08-01 09:16:02 AM,424.75,280,118930.0,58538820.8
2025-08-01 09:16:02 AM,424.75,1001,425174.75,58963995.55
2025-08-01 09:16:03 AM,424.55,2950,1252422.5,60216418.05
2025-08-01 09:16:03 AM,424.55,100,42455.0,60258873.05
2025-08-01 09:16:04 AM,424.5,30,12735.0,60271608.05
2025-08-01 09:16:04 AM,424.5,6,2547.0,60274155.05
2025-08-01 09:16:05 AM,424.5,16,6792.0,60280947.05
2025-08-01 09:16:06 AM,424.3,500,212150.0,60493097.05
2025-08-01 09:16:07 AM,424.5,60,25470.0,60518567.05
2025-08-01 09:16:07 AM,424.5,16,6792.0,60525359.05
2025-08-01 09:16:08 AM,424.0,1810,767440.0,61292799.05
2025-08-01 09:16:08 AM,424.0,301,127624.0,61420423.05
2025-08-01 09:16:09 AM,423.85,417,176745.45,61597168.5
2025-08-01 09:16:09 AM,424.0,0,0.0,61597168.5
2025-08-01 09:16:09 AM,424.0,113,47912.0,61645080.5
2025-08-01 09:16:10 AM,424.15,50,21207.5,61666288.0
2025-08-01 09:16:11 AM,424.0,0,0.0,61666288.0
2025-08-01 09:16:11 AM,424.0,30,12720.0,61679008.0
2025-08-01 09:16:12 AM,424.15,200,84830.0,61763838.0
2025-08-01 09:16:13 AM,424.1,0,0.0,61763838.0
2025-08-01 09:16:13 AM,424.0,197,83528.0,61847366.0
2025-08-01 09:16:13 AM,423.85,0,0.0,61847366.0
2025-08-01 09:16:14 AM,424.35,3000,1273050.0,63120416.0
2025-08-01 09:16:15 AM,423.85,1000,423850.0,63544266.0
2025-08-01 09:16:16 AM,423.75,1304,552570.0,64096836.0
2025-08-01 09:16:16 AM,424.1,0,0.0,64096836.0
2025-08-01 09:16:16 AM,424.1,2513,1065763.3,65162599.3
2025-08-01 09:16:17 AM,424.2,234,99262.8,65261862.099999994
2025-08-01 09:16:17 AM,424.15,0,0.0,65261862.099999994
2025-08-01 09:16:17 AM,424.15,10,4241.5,65266103.599999994
2025-08-01 09:16:18 AM,424.15,2293,972575.95,66238679.55
2025-08-01 09:16:18 AM,424.05,0,0.0,66238679.55
2025-08-01 09:16:19 AM,424.25,2861,1213779.25,67452458.8
2025-08-01 09:16:20 AM,424.4,102,43288.799999999996,67495747.6
2025-08-01 09:16:20 AM,424.45,194,82343.3,67578090.89999999
2025-08-01 09:16:21 AM,424.35,1203,510493.05000000005,68088583.94999999
2025-08-01 09:16:21 AM,424.5,0,0.0,68088583.94999999
2025-08-01 09:16:22 AM,424.5,3,1273.5,68089857.44999999
2025-08-01 09:16:22 AM,424.55,336,142648.80000000002,68232506.24999999
2025-08-01 09:16:23 AM,424.65,2001,849724.6499999999,69082230.89999999
2025-08-01 09:16:23 AM,424.65,100,42465.0,69124695.89999999
2025-08-01 09:16:23 AM,424.7,0,0.0,69124695.89999999
2025-08-01 09:16:24 AM,424.7,25,10617.5,69135313.39999999
2025-08-01 09:16:25 AM,424.65,50,21232.5,69156545.89999999
2025-08-01 09:16:26 AM,424.3,1000,424300.0,69580845.89999999
2025-08-01 09:16:26 AM,424.55,0,0.0,69580845.89999999
2025-08-01 09:16:26 AM,424.4,0,0.0,69580845.89999999
2025-08-01 09:16:27 AM,424.55,161,68352.55,69649198.44999999
2025-08-01 09:16:28 AM,424.55,56,23774.8,69672973.24999999
2025-08-01 09:16:29 AM,424.6,468,198712.80000000002,69871686.04999998
2025-08-01 09:16:29 AM,424.65,1201,510004.64999999997,70381690.69999999
2025-08-01 09:16:29 AM,424.75,0,0.0,70381690.69999999
2025-08-01 09:16:30 AM,424.75,49,20812.75,70402503.44999999
2025-08-01 09:16:31 AM,424.65,0,0.0,70402503.44999999
2025-08-01 09:16:32 AM,424.5,0,0.0,70402503.44999999
2025-08-01 09:16:32 AM,424.6,1223,519285.80000000005,70921789.24999999
2025-08-01 09:16:33 AM,424.6,1197,508246.2,71430035.44999999
2025-08-01 09:16:34 AM,424.25,437,185397.25,71615432.69999999
2025-08-01 09:16:35 AM,424.25,5,2121.25,71617553.94999999
2025-08-01 09:16:35 AM,424.05,1360,576708.0,72194261.94999999
2025-08-01 09:16:35 AM,423.95,0,0.0,72194261.94999999
2025-08-01 09:16:36 AM,423.95,397,168308.15,72362570.1
2025-08-01 09:16:36 AM,423.85,1006,426393.10000000003,72788963.19999999
2025-08-01 09:16:37 AM,423.95,240,101748.0,72890711.19999999
2025-08-01 09:16:37 AM,423.95,13,5511.349999999999,72896222.54999998
2025-08-01 09:16:40 AM,423.95,3,1271.85,72897494.39999998
2025-08-01 09:16:41 AM,423.8,8,3390.4,72900884.79999998
2025-08-01 09:16:41 AM,423.8,16,6780.8,72907665.59999998
2025-08-01 09:16:43 AM,423.95,35,14838.25,72922503.84999998
2025-08-01 09:16:44 AM,424.2,655,277851.0,73200354.84999998
2025-08-01 09:16:44 AM,424.05,0,0.0,73200354.84999998
2025-08-01 09:16:44 AM,424.05,32,13569.6,73213924.44999997
2025-08-01 09:16:45 AM,423.95,0,0.0,73213924.44999997
2025-08-01 09:16:45 AM,423.95,1,423.95,73214348.39999998
2025-08-01 09:16:46 AM,424.15,150,63622.5,73277970.89999998
2025-08-01 09:16:47 AM,424.05,640,271392.0,73549362.89999998
2025-08-01 09:16:47 AM,424.1,0,0.0,73549362.89999998
2025-08-01 09:16:48 AM,424.1,10,4241.0,73553603.89999998
2025-08-01 09:16:48 AM,424.1,50,21205.0,73574808.89999998
2025-08-01 09:16:49 AM,424.1,1106,469054.60000000003,74043863.49999997
2025-08-01 09:16:49 AM,424.15,500,212075.0,74255938.49999997
2025-08-01 09:16:51 AM,424.2,50,21210.0,74277148.49999997
2025-08-01 09:16:51 AM,424.0,40,16960.0,74294108.49999997
2025-08-01 09:16:51 AM,424.1,0,0.0,74294108.49999997
2025-08-01 09:16:52 AM,424.05,163,69120.15000000001,74363228.64999998
2025-08-01 09:16:52 AM,423.95,0,0.0,74363228.64999998
2025-08-01 09:16:53 AM,423.9,3685,1562071.5,75925300.14999998
2025-08-01 09:16:54 AM,423.8,129,54670.200000000004,75979970.34999998
2025-08-01 09:16:54 AM,423.9,0,0.0,75979970.34999998
2025-08-01 09:16:55 AM,423.95,140,59353.0,76039323.34999998
2025-08-01 09:16:55 AM,423.9,0,0.0,76039323.34999998
2025-08-01 09:16:56 AM,423.85,306,129698.1,76169021.44999997
2025-08-01 09:16:56 AM,423.85,100,42385.0,76211406.44999997
2025-08-01 09:16:57 AM,423.8,202,85607.6,76297014.04999997
2025-08-01 09:16:58 AM,424.0,0,0.0,76297014.04999997
2025-08-01 09:16:59 AM,424.0,877,371848.0,76668862.04999997
2025-08-01 09:16:59 AM,424.25,0,0.0,76668862.04999997
2025-08-01 09:17:00 AM,424.3,817,346653.10000000003,77015515.14999996
2025-08-01 09:17:00 AM,424.15,0,0.0,77015515.14999996
2025-08-01 09:17:02 AM,424.3,632,268157.60000000003,77283672.74999996
2025-08-01 09:17:04 AM,424.35,112,47527.200000000004,77331199.94999996
2025-08-01 09:17:04 AM,424.5,0,0.0,77331199.94999996
2025-08-01 09:17:06 AM,424.6,0,0.0,77331199.94999996
2025-08-01 09:17:10 AM,424.65,4552,1933006.7999999998,79264206.74999996
2025-08-01 09:17:12 AM,424.7,334,141849.8,79406056.54999995
2025-08-01 09:17:13 AM,424.85,0,0.0,79406056.54999995
2025-08-01 09:17:15 AM,424.7,0,0.0,79406056.54999995
2025-08-01 09:17:19 AM,424.95,6680,2838666.0,82244722.54999995
2025-08-01 09:17:22 AM,425.1,0,0.0,82244722.54999995
2025-08-01 09:17:27 AM,425.0,9725,4133125.0,86377847.54999995
2025-08-01 09:17:28 AM,425.0,156,66300.0,86444147.54999995
2025-08-01 09:17:32 AM,425.4,0,0.0,86444147.54999995
2025-08-01 09:17:35 AM,425.4,7896,3358958.4,89803105.94999996
2025-08-01 09:17:36 AM,425.35,150,63802.5,89866908.44999996
2025-08-01 09:17:40 AM,425.1,0,0.0,89866908.44999996
2025-08-01 09:17:44 AM,425.15,125,53143.75,89920052.19999996
2025-08-01 09:17:47 AM,425.1,0,0.0,89920052.19999996
2025-08-01 09:17:49 AM,424.9,0,0.0,89920052.19999996
2025-08-01 09:17:52 AM,424.7,9702,4120439.4,94040491.59999996
2025-08-01 09:17:53 AM,424.55,1428,606257.4,94646748.99999997
2025-08-01 09:17:56 AM,424.5,0,0.0,94646748.99999997
2025-08-01 09:17:58 AM,424.7,0,0.0,94646748.99999997
2025-08-01 09:18:00 AM,424.75,734,311766.5,94958515.49999997
2025-08-01 09:18:01 AM,424.45,172,73005.4,95031520.89999998
2025-08-01 09:18:04 AM,424.55,0,0.0,95031520.89999998
2025-08-01 09:18:06 AM,424.5,0,0.0,95031520.89999998
2025-08-01 09:18:09 AM,424.4,4416,1874150.4,96905671.29999998
2025-08-01 09:18:10 AM,424.5,2081,883384.5,97789055.79999998
2025-08-01 09:18:12 AM,424.6,0,0.0,97789055.79999998
2025-08-01 09:18:14 AM,424.75,0,0.0,97789055.79999998
2025-08-01 09:18:17 AM,424.95,2547,1082347.65,98871403.44999999
2025-08-01 09:18:18 AM,424.95,2904,1234054.8,100105458.24999999
2025-08-01 09:18:25 AM,424.9,1382,587211.7999999999,100692670.04999998
2025-08-01 09:18:26 AM,424.85,8,3398.8,100696068.84999998
2025-08-01 09:18:28 AM,425.0,0,0.0,100696068.84999998
2025-08-01 09:18:30 AM,425.2,0,0.0,100696068.84999998
2025-08-01 09:18:33 AM,425.3,2826,1201897.8,101897966.64999998
2025-08-01 09:18:34 AM,425.25,54,22963.5,101920930.14999998
2025-08-01 09:18:36 AM,425.65,0,0.0,101920930.14999998
2025-08-01 09:18:38 AM,425.9,0,0.0,101920930.14999998
2025-08-01 09:18:41 AM,425.8,5658,2409176.4,104330106.54999998
2025-08-01 09:18:46 AM,425.65,0,0.0,104330106.54999998
2025-08-01 09:18:50 AM,426.0,7417,3159642.0,107489748.54999998
2025-08-01 09:18:51 AM,426.1,70,29827.0,107519575.54999998
2025-08-01 09:18:52 AM,426.3,0,0.0,107519575.54999998
2025-08-01 09:18:54 AM,426.05,0,0.0,107519575.54999998
2025-08-01 09:18:58 AM,426.2,21303,9079338.6,116598914.14999998
2025-08-01 09:18:59 AM,426.2,1,426.2,116599340.34999998
2025-08-01 09:19:00 AM,426.1,0,0.0,116599340.34999998
2025-08-01 09:19:02 AM,426.0,0,0.0,116599340.34999998
2025-08-01 09:19:06 AM,425.85,14396,6130536.600000001,122729876.94999997
2025-08-01 09:19:07 AM,425.95,1088,463433.6,123193310.54999997
2025-08-01 09:19:08 AM,425.9,0,0.0,123193310.54999997
2025-08-01 09:19:10 AM,426.1,0,0.0,123193310.54999997
2025-08-01 09:19:14 AM,425.85,2357,1003728.4500000001,124197038.99999997
2025-08-01 09:19:15 AM,425.9,326,138843.4,124335882.39999998
2025-08-01 09:19:22 AM,426.1,650,276965.0,124612847.39999998
2025-08-01 09:19:25 AM,426.15,0,0.0,124612847.39999998
2025-08-01 09:19:30 AM,426.25,1366,582257.5,125195104.89999998
2025-08-01 09:19:30 AM,426.1,0,0.0,125195104.89999998
2025-08-01 09:19:31 AM,426.1,1137,484475.7,125679580.59999998
2025-08-01 09:19:33 AM,425.8,0,0.0,125679580.59999998
2025-08-01 09:19:38 AM,425.8,8605,3664009.0,129343589.59999998
2025-08-01 09:19:38 AM,425.95,0,0.0,129343589.59999998
2025-08-01 09:19:40 AM,426.0,240,102240.0,129445829.59999998
2025-08-01 09:19:41 AM,425.95,0,0.0,129445829.59999998
2025-08-01 09:19:46 AM,426.0,4019,1712094.0,131157923.59999998
2025-08-01 09:19:48 AM,426.15,101,43041.149999999994,131200964.74999999
2025-08-01 09:19:48 AM,426.25,0,0.0,131200964.74999999
2025-08-01 09:19:54 AM,426.3,2420,1031646.0,132232610.74999999
2025-08-01 09:19:55 AM,426.4,0,0.0,132232610.74999999
2025-08-01 09:19:56 AM,426.4,121,51594.399999999994,132284205.14999999
2025-08-01 09:20:02 AM,426.25,5336,2274470.0,134558675.14999998
2025-08-01 09:20:02 AM,426.35,0,0.0,134558675.14999998
2025-08-01 09:20:04 AM,426.4,1122,478420.8,135037095.95
2025-08-01 09:20:09 AM,426.75,0,0.0,135037095.95
2025-08-01 09:20:10 AM,426.75,1479,631163.25,135668259.2
2025-08-01 09:20:12 AM,426.7,225,96007.5,135764266.7
2025-08-01 09:20:16 AM,426.5,0,0.0,135764266.7
2025-08-01 09:20:18 AM,426.5,4649,1982798.5,137747065.2
2025-08-01 09:20:20 AM,426.5,231,98521.5,137845586.7
2025-08-01 09:20:23 AM,426.2,0,0.0,137845586.7
2025-08-01 09:20:26 AM,426.45,7941,3386439.4499999997,141232026.14999998
2025-08-01 09:20:26 AM,426.35,0,0.0,141232026.14999998
2025-08-01 09:20:28 AM,426.55,417,177871.35,141409897.49999997
2025-08-01 09:20:30 AM,426.8,0,0.0,141409897.49999997
2025-08-01 09:20:34 AM,426.85,4710,2010463.5,143420360.99999997
2025-08-01 09:20:41 AM,426.9,0,0.0,143420360.99999997
2025-08-01 09:20:42 AM,426.9,173,73853.7,143494214.69999996
2025-08-01 09:20:43 AM,426.8,400,170720.0,143664934.69999996
2025-08-01 09:20:43 AM,426.85,0,0.0,143664934.69999996
2025-08-01 09:20:48 AM,426.9,0,0.0,143664934.69999996
2025-08-01 09:20:49 AM,426.9,792,338104.8,144003039.49999997
2025-08-01 09:20:51 AM,426.95,309,131927.55,144134967.04999998
2025-08-01 09:20:51 AM,427.05,0,0.0,144134967.04999998
2025-08-01 09:20:55 AM,427.35,0,0.0,144134967.04999998
2025-08-01 09:20:57 AM,427.45,40444,17287787.8,161422754.85
2025-08-01 09:20:58 AM,427.45,159,67964.55,161490719.4
2025-08-01 09:21:02 AM,427.3,0,0.0,161490719.4
2025-08-01 09:21:04 AM,427.15,0,0.0,161490719.4
2025-08-01 09:21:05 AM,427.15,7798,3330915.6999999997,164821635.1
2025-08-01 09:21:06 AM,427.2,205,87576.0,164909211.1
2025-08-01 09:21:09 AM,427.35,0,0.0,164909211.1
2025-08-01 09:21:11 AM,427.45,0,0.0,164909211.1
2025-08-01 09:21:13 AM,427.45,4031,1723050.95,166632262.04999998
2025-08-01 09:21:14 AM,427.45,25,10686.25,166642948.29999998
2025-08-01 09:21:16 AM,427.7,0,0.0,166642948.29999998
2025-08-01 09:21:17 AM,427.6,0,0.0,166642948.29999998
2025-08-01 09:21:21 AM,427.65,3874,1656716.0999999999,168299664.39999998
2025-08-01 09:21:22 AM,427.6,132,56443.200000000004,168356107.59999996
2025-08-01 09:21:23 AM,427.75,0,0.0,168356107.59999996
2025-08-01 09:21:25 AM,427.45,0,0.0,168356107.59999996
2025-08-01 09:21:29 AM,427.5,3625,1549687.5,169905795.09999996
2025-08-01 09:21:29 AM,427.45,100,42745.0,169948540.09999996
2025-08-01 09:21:30 AM,427.3,0,0.0,169948540.09999996
2025-08-01 09:21:31 AM,427.6,0,0.0,169948540.09999996
2025-08-01 09:21:35 AM,427.4,0,0.0,169948540.09999996
2025-08-01 09:21:36 AM,427.35,1103,471367.05000000005,170419907.14999998
2025-08-01 09:21:37 AM,427.55,355,151780.25,170571687.39999998
2025-08-01 09:21:38 AM,427.6,0,0.0,170571687.39999998
2025-08-01 09:21:41 AM,427.35,0,0.0,170571687.39999998
2025-08-01 09:21:44 AM,427.6,816,348921.60000000003,170920608.99999997
2025-08-01 09:21:45 AM,427.35,1449,619230.15,171539839.14999998
2025-08-01 09:21:48 AM,427.45,0,0.0,171539839.14999998
2025-08-01 09:21:50 AM,427.3,0,0.0,171539839.14999998
2025-08-01 09:21:51 AM,427.5,8193,3502507.5,175042346.64999998
2025-08-01 09:21:52 AM,427.5,25,10687.5,175053034.14999998
2025-08-01 09:21:58 AM,427.4,0,0.0,175053034.14999998
2025-08-01 09:21:59 AM,427.4,1747,746667.7999999999,175799701.95
2025-08-01 09:22:00 AM,427.5,400,171000.0,175970701.95
2025-08-01 09:22:05 AM,427.45,0,0.0,175970701.95
2025-08-01 09:22:06 AM,427.45,2094,895080.2999999999,176865782.25
2025-08-01 09:22:08 AM,427.35,703,300427.05,177166209.3
2025-08-01 09:22:09 AM,427.4,0,0.0,177166209.3
2025-08-01 09:22:14 AM,427.15,3849,1644100.3499999999,178810309.65
2025-08-01 09:22:16 AM,427.2,10,4272.0,178814581.65
2025-08-01 09:22:22 AM,427.1,672,287011.2,179101592.85
2025-08-01 09:22:26 AM,427.2,0,0.0,179101592.85
2025-08-01 09:22:29 AM,427.2,3163,1351233.5999999999,180452826.45
2025-08-01 09:22:30 AM,427.4,0,0.0,180452826.45
2025-08-01 09:22:31 AM,427.4,35,14959.0,180467785.45
2025-08-01 09:22:33 AM,427.5,0,0.0,180467785.45
2025-08-01 09:22:37 AM,427.6,1431,611895.6,181079681.04999998
2025-08-01 09:22:39 AM,427.6,51,21807.600000000002,181101488.64999998
2025-08-01 09:22:39 AM,427.5,0,0.0,181101488.64999998
2025-08-01 09:22:44 AM,427.6,0,0.0,181101488.64999998
2025-08-01 09:22:45 AM,427.6,1612,689291.2000000001,181790779.84999996
2025-08-01 09:22:46 AM,427.55,19,8123.45,181798903.29999995
2025-08-01 09:22:50 AM,427.6,0,0.0,181798903.29999995
2025-08-01 09:22:52 AM,427.65,810,346396.5,182145299.79999995
2025-08-01 09:22:54 AM,427.65,226,96648.9,182241948.69999996
2025-08-01 09:22:57 AM,427.6,0,0.0,182241948.69999996
2025-08-01 09:22:59 AM,427.65,0,0.0,182241948.69999996
2025-08-01 09:23:00 AM,427.5,2049,875947.5,183117896.19999996
2025-08-01 09:23:01 AM,427.5,818,349695.0,183467591.19999996
2025-08-01 09:23:06 AM,427.6,0,0.0,183467591.19999996
2025-08-01 09:23:07 AM,427.6,676,289057.60000000003,183756648.79999995
2025-08-01 09:23:09 AM,427.55,281,120141.55,183876790.34999996
2025-08-01 09:23:11 AM,427.7,0,0.0,183876790.34999996
2025-08-01 09:23:12 AM,427.95,0,0.0,183876790.34999996
2025-08-01 09:23:15 AM,427.95,14032,6004994.399999999,189881784.74999997
2025-08-01 09:23:17 AM,428.0,289,123692.0,190005476.74999997
2025-08-01 09:23:18 AM,428.1,0,0.0,190005476.74999997
2025-08-01 09:23:23 AM,428.0,4278,1830984.0,191836460.74999997
2025-08-01 09:23:25 AM,427.75,62,26520.5,191862981.24999997
2025-08-01 09:23:25 AM,427.65,0,0.0,191862981.24999997
2025-08-01 09:23:31 AM,427.5,11352,4852980.0,196715961.24999997
2025-08-01 09:23:32 AM,427.65,366,156519.9,196872481.14999998
2025-08-01 09:23:38 AM,427.5,2317,990517.5,197862998.64999998
2025-08-01 09:23:38 AM,427.65,0,0.0,197862998.64999998
2025-08-01 09:23:40 AM,427.55,143,61139.65,197924138.29999998
2025-08-01 09:23:44 AM,427.45,0,0.0,197924138.29999998
2025-08-01 09:23:45 AM,427.45,2856,1220797.2,199144935.49999997
2025-08-01 09:23:47 AM,427.4,642,274390.8,199419326.29999998
2025-08-01 09:23:50 AM,427.45,0,0.0,199419326.29999998
2025-08-01 09:23:53 AM,427.4,1070,457318.0,199876644.29999998
2025-08-01 09:23:55 AM,427.35,1,427.35,199877071.64999998
2025-08-01 09:23:57 AM,427.3,0,0.0,199877071.64999998
2025-08-01 09:24:00 AM,427.0,3435,1466745.0,201343816.64999998
2025-08-01 09:24:00 AM,427.1,0,0.0,201343816.64999998
2025-08-01 09:24:01 AM,427.1,2,854.2,201344670.84999996
2025-08-01 09:24:02 AM,426.8,5344,2280819.2,203625490.04999995
2025-08-01 09:24:03 AM,426.9,510,217719.0,203843209.04999995
2025-08-01 09:24:05 AM,426.9,3,1280.6999999999998,203844489.74999994
2025-08-01 09:24:06 AM,426.9,1,426.9,203844916.64999995
2025-08-01 09:24:06 AM,426.75,0,0.0,203844916.64999995
2025-08-01 09:24:07 AM,426.75,1327,566297.25,204411213.89999995
2025-08-01 09:24:07 AM,426.5,2002,853853.0,205265066.89999995
2025-08-01 09:24:08 AM,426.6,118,50338.8,205315405.69999996
2025-08-01 09:24:09 AM,426.6,10,4266.0,205319671.69999996
2025-08-01 09:24:09 AM,426.65,0,0.0,205319671.69999996
2025-08-01 09:24:10 AM,427.0,330,140910.0,205460581.69999996
2025-08-01 09:24:10 AM,426.9,2,853.8,205461435.49999997
2025-08-01 09:24:11 AM,426.95,0,0.0,205461435.49999997
2025-08-01 09:24:11 AM,426.95,860,367177.0,205828612.49999997
2025-08-01 09:24:12 AM,426.9,0,0.0,205828612.49999997
2025-08-01 09:24:13 AM,426.9,7,2988.2999999999997,205831600.79999998
2025-08-01 09:24:13 AM,426.8,0,0.0,205831600.79999998
2025-08-01 09:24:14 AM,426.9,130,55497.0,205887097.79999998
2025-08-01 09:24:17 AM,426.9,25,10672.5,205897770.29999998
2025-08-01 09:24:18 AM,426.95,0,0.0,205897770.29999998
2025-08-01 09:24:19 AM,426.95,1,426.95,205898197.24999997
2025-08-01 09:24:19 AM,426.9,315,134473.5,206032670.74999997
2025-08-01 09:24:19 AM,426.85,0,0.0,206032670.74999997
2025-08-01 09:24:20 AM,426.85,950,405507.5,206438178.24999997
2025-08-01 09:24:21 AM,426.85,20,8537.0,206446715.24999997
2025-08-01 09:24:21 AM,426.95,0,0.0,206446715.24999997
2025-08-01 09:24:22 AM,426.8,180,76824.0,206523539.24999997
2025-08-01 09:24:26 AM,426.8,88,37558.4,206561097.64999998
2025-08-01 09:24:27 AM,426.75,5,2133.75,206563231.39999998
2025-08-01 09:24:27 AM,426.6,0,0.0,206563231.39999998
2025-08-01 09:24:28 AM,426.8,42,17925.600000000002,206581156.99999997
2025-08-01 09:24:28 AM,426.75,0,0.0,206581156.99999997
2025-08-01 09:24:28 AM,426.8,0,0.0,206581156.99999997
2025-08-01 09:24:29 AM,426.8,126,53776.8,206634933.79999998
2025-08-01 09:24:29 AM,426.75,50,21337.5,206656271.29999998
2025-08-01 09:24:29 AM,426.6,0,0.0,206656271.29999998
2025-08-01 09:24:30 AM,426.6,2,853.2,206657124.49999997
2025-08-01 09:24:30 AM,426.75,0,0.0,206657124.49999997
2025-08-01 09:24:31 AM,426.75,102,43528.5,206700652.99999997
2025-08-01 09:24:31 AM,426.7,0,0.0,206700652.99999997
2025-08-01 09:24:32 AM,426.7,10,4267.0,206704919.99999997
2025-08-01 09:24:32 AM,426.7,201,85766.7,206790686.69999996
2025-08-01 09:24:33 AM,426.75,315,134426.25,206925112.94999996
2025-08-01 09:24:37 AM,426.65,0,0.0,206925112.94999996
2025-08-01 09:24:38 AM,426.65,1225,522646.25,207447759.19999996
2025-08-01 09:24:38 AM,426.6,0,0.0,207447759.19999996
2025-08-01 09:24:39 AM,426.6,1869,797315.4,208245074.59999996
2025-08-01 09:24:40 AM,426.5,624,266136.0,208511210.59999996
2025-08-01 09:24:40 AM,426.55,0,0.0,208511210.59999996
2025-08-01 09:24:41 AM,426.55,76,32417.8,208543628.39999998
2025-08-01 09:24:42 AM,426.5,799,340773.5,208884401.89999998
2025-08-01 09:24:43 AM,426.55,211,90002.05,208974403.95
2025-08-01 09:24:44 AM,426.4,0,0.0,208974403.95
2025-08-01 09:24:45 AM,426.3,1698,723857.4,209698261.35
2025-08-01 09:24:46 AM,426.45,45,19190.25,209717451.6
2025-08-01 09:24:46 AM,426.45,48,20469.6,209737921.2
2025-08-01 09:24:47 AM,426.45,10,4264.5,209742185.7
2025-08-01 09:24:47 AM,426.3,0,0.0,209742185.7
2025-08-01 09:24:47 AM,426.3,125,53287.5,209795473.2
2025-08-01 09:24:48 AM,426.35,0,0.0,209795473.2
2025-08-01 09:24:49 AM,426.35,277,118098.95000000001,209913572.14999998
2025-08-01 09:24:50 AM,426.35,102,43487.700000000004,209957059.84999996
2025-08-01 09:24:51 AM,426.4,3,1279.1999999999998,209958339.04999995
2025-08-01 09:24:51 AM,426.3,0,0.0,209958339.04999995
2025-08-01 09:24:52 AM,426.3,3,1278.9,209959617.94999996
2025-08-01 09:24:54 AM,426.1,503,214328.30000000002,210173946.24999997
2025-08-01 09:24:55 AM,426.3,20,8526.0,210182472.24999997
2025-08-01 09:24:56 AM,426.2,70,29834.0,210212306.24999997
2025-08-01 09:24:57 AM,426.1,81,34514.1,210246820.34999996
2025-08-01 09:24:57 AM,426.3,0,0.0,210246820.34999996
2025-08-01 09:24:57 AM,426.25,0,0.0,210246820.34999996
2025-08-01 09:24:58 AM,426.25,240,102300.0,210349120.34999996
2025-08-01 09:24:59 AM,426.3,5,2131.5,210351251.84999996
2025-08-01 09:25:01 AM,426.2,134,57110.799999999996,210408362.64999998
2025-08-01 09:25:01 AM,426.1,0,0.0,210408362.64999998
2025-08-01 09:25:02 AM,426.25,0,0.0,210408362.64999998
2025-08-01 09:25:03 AM,426.25,953,406216.25,210814578.89999998
2025-08-01 09:25:08 AM,426.75,0,0.0,210814578.89999998
2025-08-01 09:25:09 AM,426.75,9692,4136061.0,214950639.89999998
2025-08-01 09:25:15 AM,426.85,0,0.0,214950639.89999998
2025-08-01 09:25:16 AM,426.85,1407,600577.9500000001,215551217.84999996
2025-08-01 09:25:19 AM,426.95,442,188711.9,215739929.74999997
2025-08-01 09:25:21 AM,426.65,0,0.0,215739929.74999997
2025-08-01 09:25:24 AM,426.65,546,232950.9,215972880.64999998
2025-08-01 09:25:26 AM,426.65,622,265376.3,216238256.95
2025-08-01 09:25:31 AM,426.75,933,398157.75,216636414.7
2025-08-01 09:25:32 AM,426.65,0,0.0,216636414.7
2025-08-01 09:25:33 AM,426.65,228,97276.2,216733690.89999998
2025-08-01 09:25:38 AM,426.6,0,0.0,216733690.89999998
2025-08-01 09:25:39 AM,426.6,1677,715408.2000000001,217449099.09999996
2025-08-01 09:25:41 AM,426.6,20,8532.0,217457631.09999996
2025-08-01 09:25:44 AM,426.3,0,0.0,217457631.09999996
2025-08-01 09:25:44 AM,426.4,0,0.0,217457631.09999996
2025-08-01 09:25:46 AM,426.4,337,143696.8,217601327.89999998
2025-08-01 09:25:48 AM,426.45,387,165036.15,217766364.04999998
2025-08-01 09:25:54 AM,426.4,102,43492.799999999996,217809856.85
2025-08-01 09:25:56 AM,426.4,7,2984.7999999999997,217812841.65
2025-08-01 09:26:01 AM,426.35,609,259647.15000000002,218072488.8
2025-08-01 09:26:03 AM,426.35,49,20891.15,218093379.95000002
2025-08-01 09:26:09 AM,426.35,750,319762.5,218413142.45000002
2025-08-01 09:26:11 AM,426.2,229,97599.8,218510742.25000003
2025-08-01 09:26:15 AM,426.15,0,0.0,218510742.25000003
2025-08-01 09:26:17 AM,426.15,112,47728.799999999996,218558471.05000004
2025-08-01 09:26:19 AM,426.15,71,30256.649999999998,218588727.70000005
2025-08-01 09:26:25 AM,426.1,3264,1390790.4000000001,219979518.10000005
2025-08-01 09:26:26 AM,426.1,3,1278.3000000000002,219980796.40000007
2025-08-01 09:26:27 AM,426.0,0,0.0,219980796.40000007
2025-08-01 09:26:31 AM,426.1,0,0.0,219980796.40000007
2025-08-01 09:26:32 AM,426.1,426,181518.6,220162315.00000006
2025-08-01 09:26:34 AM,426.1,6,2556.6000000000004,220164871.60000005
2025-08-01 09:26:36 AM,426.35,0,0.0,220164871.60000005
2025-08-01 09:26:39 AM,426.4,0,0.0,220164871.60000005
2025-08-01 09:26:40 AM,426.3,2965,1263979.5,221428851.10000005
2025-08-01 09:26:42 AM,426.4,335,142844.0,221571695.10000005
2025-08-01 09:26:42 AM,426.35,0,0.0,221571695.10000005
2025-08-01 09:26:48 AM,426.35,3045,1298235.75,222869930.85000005
2025-08-01 09:26:48 AM,426.25,0,0.0,222869930.85000005
2025-08-01 09:26:49 AM,426.25,105,44756.25,222914687.10000005
2025-08-01 09:26:55 AM,426.2,190,80978.0,222995665.10000005
2025-08-01 09:26:56 AM,426.1,101,43036.100000000006,223038701.20000005
2025-08-01 09:26:59 AM,426.25,0,0.0,223038701.20000005
2025-08-01 09:27:00 AM,426.2,0,0.0,223038701.20000005
2025-08-01 09:27:02 AM,426.1,2295,977899.5,224016600.70000005
2025-08-01 09:27:04 AM,426.1,12,5113.200000000001,224021713.90000004
2025-08-01 09:27:05 AM,426.0,0,0.0,224021713.90000004
2025-08-01 09:27:10 AM,425.95,12527,5335875.649999999,229357589.55000004
2025-08-01 09:27:11 AM,425.95,10,4259.5,229361849.05000004
2025-08-01 09:27:12 AM,425.75,0,0.0,229361849.05000004
2025-08-01 09:27:16 AM,425.6,0,0.0,229361849.05000004
2025-08-01 09:27:17 AM,425.6,2045,870352.0,230232201.05000004
2025-08-01 09:27:19 AM,425.7,10,4257.0,230236458.05000004
2025-08-01 09:27:21 AM,425.5,0,0.0,230236458.05000004
2025-08-01 09:27:22 AM,425.25,0,0.0,230236458.05000004
2025-08-01 09:27:25 AM,425.2,6251,2657925.1999999997,232894383.25000003
2025-08-01 09:27:26 AM,425.1,9,3825.9,232898209.15000004
2025-08-01 09:27:27 AM,425.25,0,0.0,232898209.15000004
2025-08-01 09:27:31 AM,425.2,0,0.0,232898209.15000004
2025-08-01 09:27:32 AM,425.05,895,380419.75,233278628.90000004
2025-08-01 09:27:32 AM,425.0,0,0.0,233278628.90000004
2025-08-01 09:27:33 AM,425.2,238,101197.59999999999,233379826.50000003
2025-08-01 09:27:37 AM,425.0,0,0.0,233379826.50000003
2025-08-01 09:27:40 AM,425.0,1374,583950.0,233963776.50000003
2025-08-01 09:27:41 AM,425.2,17,7228.4,233971004.90000004
2025-08-01 09:27:46 AM,425.15,0,0.0,233971004.90000004
2025-08-01 09:27:47 AM,425.15,178,75676.7,234046681.60000002
2025-08-01 09:27:49 AM,425.2,5,2126.0,234048807.60000002
2025-08-01 09:27:52 AM,425.25,0,0.0,234048807.60000002
2025-08-01 09:27:52 AM,425.05,0,0.0,234048807.60000002
2025-08-01 09:27:55 AM,425.15,2056,874108.3999999999,234922916.00000003
2025-08-01 09:27:56 AM,425.15,325,138173.75,235061089.75000003
2025-08-01 09:28:02 AM,424.9,0,0.0,235061089.75000003
2025-08-01 09:28:03 AM,424.75,7555,3208986.25,238270076.00000003
2025-08-01 09:28:04 AM,424.75,111,47147.25,238317223.25000003
2025-08-01 09:28:08 AM,424.9,0,0.0,238317223.25000003
2025-08-01 09:28:11 AM,424.9,2926,1243257.4,239560480.65000004
2025-08-01 09:28:12 AM,424.9,502,213299.8,239773780.45000005
2025-08-01 09:28:15 AM,424.95,0,0.0,239773780.45000005
2025-08-01 09:28:18 AM,424.75,1254,532636.5,240306416.95000005
2025-08-01 09:28:19 AM,425.0,15,6375.0,240312791.95000005
2025-08-01 09:28:25 AM,424.95,0,0.0,240312791.95000005
2025-08-01 09:28:26 AM,424.95,666,283016.7,240595808.65000004
2025-08-01 09:28:27 AM,424.95,5,2124.75,240597933.40000004
2025-08-01 09:28:31 AM,424.9,0,0.0,240597933.40000004
2025-08-01 09:28:33 AM,424.9,510,216699.0,240814632.40000004
2025-08-01 09:28:35 AM,425.05,936,397846.8,241212479.20000005
2025-08-01 09:28:37 AM,424.95,0,0.0,241212479.20000005
2025-08-01 09:28:37 AM,424.9,0,0.0,241212479.20000005
2025-08-01 09:28:41 AM,424.8,216,91756.8,241304236.00000006
2025-08-01 09:28:42 AM,424.95,0,0.0,241304236.00000006
2025-08-01 09:28:42 AM,425.0,3103,1318775.0,242623011.00000006
2025-08-01 09:28:43 AM,425.05,0,0.0,242623011.00000006
2025-08-01 09:28:47 AM,425.35,0,0.0,242623011.00000006
2025-08-01 09:28:48 AM,425.1,0,0.0,242623011.00000006
2025-08-01 09:28:49 AM,425.1,1179,501192.9,243124203.90000007
2025-08-01 09:28:53 AM,425.35,0,0.0,243124203.90000007
2025-08-01 09:28:56 AM,425.2,3202,1361490.4,244485694.30000007
2025-08-01 09:28:58 AM,425.4,0,0.0,244485694.30000007
2025-08-01 09:28:58 AM,425.4,4,1701.6,244487395.90000007
2025-08-01 09:28:59 AM,425.2,0,0.0,244487395.90000007
2025-08-01 09:29:04 AM,425.3,0,0.0,244487395.90000007
2025-08-01 09:29:04 AM,425.2,140,59528.0,244546923.90000007
2025-08-01 09:29:05 AM,425.3,15,6379.5,244553303.40000007
2025-08-01 09:29:10 AM,425.2,0,0.0,244553303.40000007
2025-08-01 09:29:12 AM,425.2,1816,772163.2,245325466.60000005
2025-08-01 09:29:13 AM,425.2,37,15732.4,245341199.00000006
2025-08-01 09:29:19 AM,425.05,3752,1594787.6,246935986.60000005
2025-08-01 09:29:21 AM,424.95,0,0.0,246935986.60000005
2025-08-01 09:29:22 AM,424.8,0,0.0,246935986.60000005
2025-08-01 09:29:26 AM,424.75,0,0.0,246935986.60000005
2025-08-01 09:29:27 AM,424.75,682,289679.5,247225666.10000005
2025-08-01 09:29:28 AM,424.9,50,21245.0,247246911.10000005
2025-08-01 09:29:31 AM,424.8,0,0.0,247246911.10000005
2025-08-01 09:29:34 AM,424.95,697,296190.14999999997,247543101.25000006
2025-08-01 09:29:41 AM,424.75,0,0.0,247543101.25000006
2025-08-01 09:29:42 AM,424.75,305,129548.75,247672650.00000006
2025-08-01 09:29:43 AM,424.95,100,42495.0,247715145.00000006
2025-08-01 09:29:49 AM,424.65,1908,810232.2,248525377.20000005
2025-08-01 09:29:50 AM,424.8,13,5522.400000000001,248530899.60000005
2025-08-01 09:29:51 AM,424.85,0,0.0,248530899.60000005
2025-08-01 09:29:57 AM,424.85,209,88793.65000000001,248619693.25000006
2025-08-01 09:30:02 AM,424.65,0,0.0,248619693.25000006
2025-08-01 09:30:04 AM,424.6,5328,2262268.8000000003,250881962.05000007
2025-08-01 09:30:05 AM,424.6,120,50952.0,250932914.05000007
2025-08-01 09:30:10 AM,424.5,0,0.0,250932914.05000007
2025-08-01 09:30:12 AM,424.5,12502,5307099.0,256240013.05000007
2025-08-01 09:30:13 AM,424.6,6,2547.6000000000004,256242560.65000007
2025-08-01 09:30:17 AM,424.7,0,0.0,256242560.65000007
2025-08-01 09:30:18 AM,424.5,0,0.0,256242560.65000007
2025-08-01 09:30:19 AM,424.65,2171,921915.1499999999,257164475.80000007
2025-08-01 09:30:24 AM,424.5,0,0.0,257164475.80000007
2025-08-01 09:30:27 AM,424.65,574,243749.09999999998,257408224.90000007
2025-08-01 09:30:28 AM,424.65,105,44588.25,257452813.15000007
2025-08-01 09:30:31 AM,424.7,0,0.0,257452813.15000007
2025-08-01 09:30:34 AM,424.5,3084,1309158.0,258761971.15000007
2025-08-01 09:30:35 AM,424.7,20,8494.0,258770465.15000007
2025-08-01 09:30:42 AM,424.75,1396,592951.0,259363416.15000007
2025-08-01 09:30:45 AM,424.6,0,0.0,259363416.15000007
2025-08-01 09:30:47 AM,424.8,0,0.0,259363416.15000007
2025-08-01 09:30:49 AM,424.5,5574,2366163.0,261729579.15000007
2025-08-01 09:30:50 AM,424.6,189,80249.40000000001,261809828.55000007
2025-08-01 09:30:52 AM,424.5,0,0.0,261809828.55000007
2025-08-01 09:30:55 AM,424.6,0,0.0,261809828.55000007
2025-08-01 09:30:56 AM,424.7,3074,1305527.8,263115356.35000008
2025-08-01 09:31:02 AM,424.3,0,0.0,263115356.35000008
2025-08-01 09:31:03 AM,424.3,9493,4027879.9,267143236.2500001
2025-08-01 09:31:04 AM,424.3,128,54310.4,267197546.6500001
2025-08-01 09:31:07 AM,424.35,0,0.0,267197546.6500001
2025-08-01 09:31:08 AM,424.4,0,0.0,267197546.6500001
2025-08-01 09:31:11 AM,424.4,232,98460.79999999999,267296007.4500001
2025-08-01 09:31:12 AM,424.4,45,19098.0,267315105.4500001
2025-08-01 09:31:18 AM,424.25,0,0.0,267315105.4500001
2025-08-01 09:31:18 AM,424.3,6125,2598837.5,269913942.9500001
2025-08-01 09:31:19 AM,424.3,5,2121.5,269916064.4500001
2025-08-01 09:31:20 AM,424.4,0,0.0,269916064.4500001
2025-08-01 09:31:24 AM,424.2,0,0.0,269916064.4500001
2025-08-01 09:31:26 AM,424.05,9518,4036107.9,273952172.3500001
2025-08-01 09:31:32 AM,424.7,0,0.0,273952172.3500001
2025-08-01 09:31:33 AM,424.7,2689,1142018.3,275094190.6500001
2025-08-01 09:31:33 AM,424.5,1010,428745.0,275522935.6500001
2025-08-01 09:31:36 AM,424.65,0,0.0,275522935.6500001
2025-08-01 09:31:40 AM,424.8,525,223020.0,275745955.6500001
2025-08-01 09:31:40 AM,424.8,1,424.8,275746380.4500001
2025-08-01 09:31:44 AM,425.05,0,0.0,275746380.4500001
2025-08-01 09:31:47 AM,425.2,2649,1126354.8,276872735.2500001
2025-08-01 09:31:49 AM,425.4,0,0.0,276872735.2500001
2025-08-01 09:31:54 AM,425.2,0,0.0,276872735.2500001
2025-08-01 09:31:54 AM,425.2,13981,5944721.2,282817456.4500001
2025-08-01 09:31:59 AM,425.05,0,0.0,282817456.4500001
2025-08-01 09:32:01 AM,425.45,2038,867067.1,283684523.55000013
2025-08-01 09:32:04 AM,425.5,0,0.0,283684523.55000013
2025-08-01 09:32:08 AM,425.45,166,70624.7,283755148.2500001
2025-08-01 09:32:15 AM,425.45,333,141674.85,283896823.10000014
2025-08-01 09:32:22 AM,425.65,0,0.0,283896823.10000014
2025-08-01 09:32:22 AM,425.65,2520,1072638.0,284969461.10000014
2025-08-01 09:32:28 AM,425.7,0,0.0,284969461.10000014
2025-08-01 09:32:28 AM,425.85,0,0.0,284969461.10000014
2025-08-01 09:32:29 AM,425.85,317,134994.45,285104455.55000013
2025-08-01 09:32:34 AM,425.8,0,0.0,285104455.55000013
2025-08-01 09:32:34 AM,425.75,0,0.0,285104455.55000013
2025-08-01 09:32:36 AM,425.8,551,234615.80000000002,285339071.35000014
2025-08-01 09:32:36 AM,425.85,9,3832.65,285342904.0000001
2025-08-01 09:32:43 AM,425.8,2147,914192.6,286257096.60000014
2025-08-01 09:32:46 AM,426.0,0,0.0,286257096.60000014
2025-08-01 09:32:46 AM,425.85,0,0.0,286257096.60000014
2025-08-01 09:32:50 AM,425.85,3972,1691476.2000000002,287948572.80000013
2025-08-01 09:32:57 AM,426.0,329,140154.0,288088726.80000013
2025-08-01 09:32:57 AM,425.85,33,14053.050000000001,288102779.85000014
2025-08-01 09:32:58 AM,426.0,0,0.0,288102779.85000014
2025-08-01 09:33:03 AM,425.65,1918,816396.7,288919176.55000013
2025-08-01 09:33:04 AM,425.75,0,0.0,288919176.55000013
2025-08-01 09:33:10 AM,425.65,0,0.0,288919176.55000013
2025-08-01 09:33:10 AM,425.8,0,0.0,288919176.55000013
2025-08-01 09:33:11 AM,425.8,1796,764736.8,289683913.35000014
2025-08-01 09:33:17 AM,425.8,109,46412.200000000004,289730325.55000013
2025-08-01 09:33:20 AM,425.85,0,0.0,289730325.55000013
2025-08-01 09:33:24 AM,425.9,3231,1376082.9,291106408.4500001
2025-08-01 09:33:25 AM,426.0,0,0.0,291106408.4500001
2025-08-01 09:33:30 AM,426.15,0,0.0,291106408.4500001
2025-08-01 09:33:31 AM,426.15,523,222876.44999999998,291329284.9000001
2025-08-01 09:33:31 AM,426.15,11,4687.65,291333972.5500001
2025-08-01 09:33:35 AM,426.0,0,0.0,291333972.5500001
2025-08-01 09:33:38 AM,426.3,260,110838.0,291444810.5500001
2025-08-01 09:33:38 AM,426.15,25,10653.75,291455464.3000001
2025-08-01 09:33:40 AM,426.25,0,0.0,291455464.3000001
2025-08-01 09:33:45 AM,426.0,2697,1148922.0,292604386.3000001
2025-08-01 09:33:45 AM,426.0,1,426.0,292604812.3000001
2025-08-01 09:33:52 AM,425.9,2558,1089452.2,293694264.50000006
2025-08-01 09:33:55 AM,426.0,0,0.0,293694264.50000006
2025-08-01 09:33:59 AM,425.95,650,276867.5,293971132.00000006
2025-08-01 09:33:59 AM,425.95,4,1703.8,293972835.8000001
2025-08-01 09:34:00 AM,425.85,0,0.0,293972835.8000001
2025-08-01 09:34:06 AM,425.7,1525,649192.5,294622028.3000001
2025-08-01 09:34:10 AM,425.75,0,0.0,294622028.3000001
2025-08-01 09:34:12 AM,425.7,0,0.0,294622028.3000001
2025-08-01 09:34:13 AM,425.6,284,120870.40000000001,294742898.70000005
2025-08-01 09:34:13 AM,425.75,1001,426175.75,295169074.45000005
2025-08-01 09:34:15 AM,425.7,0,0.0,295169074.45000005
2025-08-01 09:34:20 AM,425.75,382,162636.5,295331710.95000005
2025-08-01 09:34:27 AM,425.7,409,174111.3,295505822.25000006
2025-08-01 09:34:30 AM,425.5,0,0.0,295505822.25000006
2025-08-01 09:34:33 AM,425.55,0,0.0,295505822.25000006
2025-08-01 09:34:34 AM,425.55,848,360866.4,295866688.65000004
2025-08-01 09:34:35 AM,425.45,0,0.0,295866688.65000004
2025-08-01 09:34:38 AM,425.3,0,0.0,295866688.65000004
2025-08-01 09:34:40 AM,425.35,0,0.0,295866688.65000004
2025-08-01 09:34:41 AM,425.35,804,341981.4,296208670.05
2025-08-01 09:34:43 AM,425.25,0,0.0,296208670.05
2025-08-01 09:34:45 AM,425.1,0,0.0,296208670.05
2025-08-01 09:34:48 AM,424.95,0,0.0,296208670.05
2025-08-01 09:34:48 AM,424.95,1443,613202.85,296821872.90000004
2025-08-01 09:34:48 AM,424.95,25,10623.75,296832496.65000004
2025-08-01 09:34:50 AM,424.7,0,0.0,296832496.65000004
2025-08-01 09:34:53 AM,424.85,0,0.0,296832496.65000004
2025-08-01 09:34:55 AM,424.75,1072,455332.0,297287828.65000004
2025-08-01 09:34:57 AM,424.45,0,0.0,297287828.65000004
2025-08-01 09:35:00 AM,424.5,0,0.0,297287828.65000004
2025-08-01 09:35:02 AM,424.45,2236,949070.2,298236898.85
2025-08-01 09:35:05 AM,424.6,0,0.0,298236898.85
2025-08-01 09:35:09 AM,424.8,502,213249.6,298450148.45000005
2025-08-01 09:35:10 AM,424.65,0,0.0,298450148.45000005
2025-08-01 09:35:15 AM,424.45,0,0.0,298450148.45000005
2025-08-01 09:35:15 AM,424.75,0,0.0,298450148.45000005
2025-08-01 09:35:16 AM,424.75,578,245505.5,298695653.95000005
2025-08-01 09:35:20 AM,424.65,0,0.0,298695653.95000005
2025-08-01 09:35:23 AM,424.6,347,147336.2,298842990.15000004
2025-08-01 09:35:23 AM,424.45,94,39898.299999999996,298882888.45000005
2025-08-01 09:35:25 AM,424.25,0,0.0,298882888.45000005
2025-08-01 09:35:30 AM,424.2,0,0.0,298882888.45000005
2025-08-01 09:35:30 AM,424.2,45814,19434298.8,318317187.25000006
2025-08-01 09:35:35 AM,424.25,0,0.0,318317187.25000006
2025-08-01 09:35:35 AM,424.2,0,0.0,318317187.25000006
2025-08-01 09:35:37 AM,424.25,1528,648254.0,318965441.25000006
2025-08-01 09:35:40 AM,424.7,0,0.0,318965441.25000006
2025-08-01 09:35:44 AM,424.55,238,101042.90000000001,319066484.15000004
2025-08-01 09:35:44 AM,424.45,15,6366.75,319072850.90000004
2025-08-01 09:35:50 AM,424.45,947,401954.14999999997,319474805.05
2025-08-01 09:35:51 AM,424.6,11,4670.6,319479475.65000004
2025-08-01 09:35:55 AM,424.55,0,0.0,319479475.65000004
2025-08-01 09:35:55 AM,424.75,0,0.0,319479475.65000004
2025-08-01 09:35:57 AM,424.55,181,76843.55,319556319.20000005
2025-08-01 09:36:00 AM,424.75,0,0.0,319556319.20000005
2025-08-01 09:36:03 AM,424.55,3809,1617110.95,321173430.15000004
2025-08-01 09:36:04 AM,424.6,0,0.0,321173430.15000004
2025-08-01 09:36:10 AM,424.8,585,248508.0,321421938.15000004
2025-08-01 09:36:11 AM,424.65,10,4246.5,321426184.65000004
2025-08-01 09:36:12 AM,424.8,0,0.0,321426184.65000004
2025-08-01 09:36:12 AM,424.65,0,0.0,321426184.65000004
2025-08-01 09:36:16 AM,424.55,0,0.0,321426184.65000004
2025-08-01 09:36:17 AM,424.6,4729,2007933.4000000001,323434118.05
2025-08-01 09:36:24 AM,424.6,1650,700590.0,324134708.05
2025-08-01 09:36:30 AM,424.5,2246,953427.0,325088135.05
2025-08-01 09:36:32 AM,424.6,0,0.0,325088135.05
2025-08-01 09:36:36 AM,424.5,0,0.0,325088135.05
2025-08-01 09:36:36 AM,424.5,107,45421.5,325133556.55
2025-08-01 09:36:40 AM,424.6,0,0.0,325133556.55
2025-08-01 09:36:43 AM,424.65,765,324857.25,325458413.8
2025-08-01 09:36:44 AM,424.8,0,0.0,325458413.8
2025-08-01 09:36:48 AM,424.45,0,0.0,325458413.8
2025-08-01 09:36:48 AM,424.65,0,0.0,325458413.8
2025-08-01 09:36:49 AM,424.65,6036,2563187.4,328021601.2
2025-08-01 09:36:50 AM,424.65,1,424.65,328022025.84999996
2025-08-01 09:36:56 AM,424.6,0,0.0,328022025.84999996
2025-08-01 09:36:56 AM,424.6,363,154129.80000000002,328176155.65
2025-08-01 09:36:57 AM,424.6,26,11039.6,328187195.25
2025-08-01 09:37:00 AM,424.4,0,0.0,328187195.25
2025-08-01 09:37:03 AM,424.35,10116,4292724.600000001,332479919.85
2025-08-01 09:37:03 AM,424.35,6,2546.1000000000004,332482465.95000005
2025-08-01 09:37:08 AM,424.1,0,0.0,332482465.95000005
2025-08-01 09:37:10 AM,424.1,2378,1008509.8,333490975.75000006
2025-08-01 09:37:10 AM,424.1,51,21629.100000000002,333512604.8500001
2025-08-01 09:37:17 AM,424.1,514,217987.40000000002,333730592.25000006
2025-08-01 09:37:17 AM,424.1,15,6361.5,333736953.75000006
2025-08-01 09:37:23 AM,424.0,0,0.0,333736953.75000006
2025-08-01 09:37:24 AM,424.05,3579,1517674.95,335254628.70000005
2025-08-01 09:37:24 AM,424.0,0,0.0,335254628.70000005
2025-08-01 09:37:28 AM,423.7,0,0.0,335254628.70000005
2025-08-01 09:37:29 AM,423.8,0,0.0,335254628.70000005
2025-08-01 09:37:31 AM,423.9,45164,19145019.599999998,354399648.3000001
2025-08-01 09:37:33 AM,423.95,0,0.0,354399648.3000001
2025-08-01 09:37:34 AM,424.1,0,0.0,354399648.3000001
2025-08-01 09:37:38 AM,424.1,4080,1730328.0,356129976.3000001
2025-08-01 09:37:38 AM,424.1,31,13147.1,356143123.4000001
2025-08-01 09:37:42 AM,424.45,0,0.0,356143123.4000001
2025-08-01 09:37:44 AM,424.45,6261,2657481.4499999997,358800604.8500001
2025-08-01 09:37:45 AM,424.45,161,68336.45,358868941.3000001
2025-08-01 09:37:46 AM,424.5,0,0.0,358868941.3000001
2025-08-01 09:37:48 AM,424.4,0,0.0,358868941.3000001
2025-08-01 09:37:50 AM,424.45,0,0.0,358868941.3000001
2025-08-01 09:37:51 AM,424.5,1901,806974.5,359675915.8000001
2025-08-01 09:37:54 AM,424.6,0,0.0,359675915.8000001
2025-08-01 09:37:58 AM,424.4,3690,1566036.0,361241951.8000001
2025-08-01 09:38:00 AM,424.1,0,0.0,361241951.8000001
2025-08-01 09:38:01 AM,424.3,0,0.0,361241951.8000001
2025-08-01 09:38:01 AM,424.3,118,50067.4,361292019.20000005
2025-08-01 09:38:03 AM,424.2,0,0.0,361292019.20000005
2025-08-01 09:38:03 AM,424.2,102,43268.4,361335287.6
2025-08-01 09:38:04 AM,424.1,0,0.0,361335287.6
2025-08-01 09:38:04 AM,424.1,5532,2346121.2,363681408.8
2025-08-01 09:38:05 AM,424.15,0,0.0,363681408.8
2025-08-01 09:38:05 AM,424.15,41,17390.149999999998,363698798.95
2025-08-01 09:38:06 AM,424.1,0,0.0,363698798.95
2025-08-01 09:38:06 AM,424.1,98,41561.8,363740360.75
2025-08-01 09:38:07 AM,424.05,0,0.0,363740360.75
2025-08-01 09:38:07 AM,424.05,3,1272.15,363741632.9
2025-08-01 09:38:08 AM,424.1,0,0.0,363741632.9
2025-08-01 09:38:08 AM,424.1,440,186604.0,363928236.9
2025-08-01 09:38:09 AM,424.15,322,136576.3,364064813.2
2025-08-01 09:38:11 AM,424.2,1,424.2,364065237.4
2025-08-01 09:38:12 AM,424.2,5,2121.0,364067358.4
2025-08-01 09:38:13 AM,424.1,70,29687.0,364097045.4
2025-08-01 09:38:14 AM,424.1,581,246402.1,364343447.5
2025-08-01 09:38:15 AM,424.1,10,4241.0,364347688.5
2025-08-01 09:38:17 AM,424.1,1,424.1,364348112.6
2025-08-01 09:38:18 AM,424.15,16,6786.4,364354899.0
2025-08-01 09:38:19 AM,424.2,11,4666.2,364359565.2
2025-08-01 09:38:20 AM,424.1,0,0.0,364359565.2
2025-08-01 09:38:21 AM,424.1,391,165823.1,364525388.3
2025-08-01 09:38:22 AM,424.05,30,12721.5,364538109.8
2025-08-01 09:38:23 AM,424.1,16,6785.6,364544895.40000004
2025-08-01 09:38:24 AM,424.1,1,424.1,364545319.50000006
2025-08-01 09:38:25 AM,424.1,387,164126.7,364709446.20000005
2025-08-01 09:38:26 AM,424.1,11,4665.1,364714111.3000001
2025-08-01 09:38:28 AM,424.05,0,0.0,364714111.3000001
2025-08-01 09:38:29 AM,423.9,880,373032.0,365087143.3000001
2025-08-01 09:38:30 AM,423.9,10,4239.0,365091382.3000001
2025-08-01 09:38:31 AM,423.9,1,423.9,365091806.20000005
2025-08-01 09:38:31 AM,424.05,0,0.0,365091806.20000005
2025-08-01 09:38:32 AM,424.05,21,8905.050000000001,365100711.25000006
2025-08-01 09:38:33 AM,424.0,0,0.0,365100711.25000006
2025-08-01 09:38:34 AM,424.0,50,21200.0,365121911.25000006
2025-08-01 09:38:34 AM,424.0,150,63600.0,365185511.25000006
2025-08-01 09:38:35 AM,424.15,1194,506435.1,365691946.3500001
2025-08-01 09:38:35 AM,424.1,0,0.0,365691946.3500001
2025-08-01 09:38:36 AM,424.1,225,95422.5,365787368.8500001
2025-08-01 09:38:40 AM,424.1,700,296870.0,366084238.8500001
2025-08-01 09:38:42 AM,424.2,150,63630.0,366147868.8500001
2025-08-01 09:38:43 AM,424.2,6,2545.2,366150414.0500001
2025-08-01 09:38:45 AM,424.1,2,848.2,366151262.25000006
2025-08-01 09:38:47 AM,424.2,1,424.2,366151686.45000005
2025-08-01 09:38:48 AM,424.1,0,0.0,366151686.45000005
2025-08-01 09:38:48 AM,424.2,357,151439.4,366303125.85
2025-08-01 09:38:49 AM,424.2,200,84840.0,366387965.85
2025-08-01 09:38:50 AM,424.1,0,0.0,366387965.85
2025-08-01 09:38:51 AM,424.1,15,6361.5,366394327.35
2025-08-01 09:38:52 AM,424.2,0,0.0,366394327.35
2025-08-01 09:38:52 AM,424.2,51,21634.2,366415961.55
2025-08-01 09:38:53 AM,424.2,50,21210.0,366437171.55
2025-08-01 09:38:55 AM,424.15,52,22055.8,366459227.35
2025-08-01 09:38:55 AM,424.15,3,1272.4499999999998,366460499.8
2025-08-01 09:38:56 AM,424.2,1,424.2,366460924.0
2025-08-01 09:38:59 AM,424.2,118,50055.6,366510979.6
2025-08-01 09:39:00 AM,424.1,712,301959.2,366812938.8
2025-08-01 09:39:05 AM,424.0,1308,554592.0,367367530.8
2025-08-01 09:39:05 AM,423.9,0,0.0,367367530.8
2025-08-01 09:39:10 AM,423.65,0,0.0,367367530.8
2025-08-01 09:39:12 AM,423.75,347,147041.25,367514572.05
2025-08-01 09:39:18 AM,423.9,308,130561.2,367645133.25
2025-08-01 09:39:19 AM,423.95,10,4239.5,367649372.75
2025-08-01 09:39:20 AM,424.0,0,0.0,367649372.75
2025-08-01 09:39:25 AM,423.9,411,174222.9,367823595.65
2025-08-01 09:39:29 AM,424.0,0,0.0,367823595.65
2025-08-01 09:39:32 AM,424.0,277,117448.0,367941043.65
2025-08-01 09:39:32 AM,423.85,310,131393.5,368072437.15
2025-08-01 09:39:37 AM,424.0,0,0.0,368072437.15
2025-08-01 09:39:38 AM,424.15,804,341016.6,368413453.75
2025-08-01 09:39:45 AM,424.15,124,52594.6,368466048.35
2025-08-01 09:39:49 AM,424.0,0,0.0,368466048.35
2025-08-01 09:39:51 AM,424.15,70,29690.5,368495738.85
2025-08-01 09:39:52 AM,424.15,15,6362.25,368502101.1
2025-08-01 09:39:57 AM,424.2,0,0.0,368502101.1
2025-08-01 09:39:58 AM,424.2,15,6363.0,368508464.1
2025-08-01 09:39:59 AM,424.2,110,46662.0,368555126.1
2025-08-01 09:40:01 AM,424.15,0,0.0,368555126.1
2025-08-01 09:40:05 AM,424.2,0,0.0,368555126.1
2025-08-01 09:40:05 AM,424.2,326,138289.19999999998,368693415.3
2025-08-01 09:40:05 AM,424.15,120,50898.0,368744313.3
2025-08-01 09:40:05 AM,424.2,0,0.0,368744313.3
2025-08-01 09:40:09 AM,424.5,0,0.0,368744313.3
2025-08-01 09:40:11 AM,424.5,2055,872347.5,369616660.8
2025-08-01 09:40:18 AM,424.5,76,32262.0,369648922.8
2025-08-01 09:40:24 AM,424.5,130,55185.0,369704107.8
2025-08-01 09:40:25 AM,424.5,518,219891.0,369923998.8
2025-08-01 09:40:29 AM,424.6,0,0.0,369923998.8
2025-08-01 09:40:31 AM,424.5,619,262765.5,370186764.3
2025-08-01 09:40:44 AM,424.8,1113,472802.4,370659566.7
2025-08-01 09:40:51 AM,424.85,316,134252.6,370793819.3
2025-08-01 09:40:51 AM,425.3,3197,1359684.1,372153503.40000004
2025-08-01 09:40:53 AM,425.15,0,0.0,372153503.40000004
2025-08-01 09:40:57 AM,425.15,326,138598.9,372292102.3
2025-08-01 09:41:04 AM,425.15,1460,620719.0,372912821.3
2025-08-01 09:41:08 AM,425.35,0,0.0,372912821.3
2025-08-01 09:41:11 AM,425.35,500,212675.0,373125496.3
2025-08-01 09:41:11 AM,425.4,30,12762.0,373138258.3
2025-08-01 09:41:17 AM,425.3,117,49760.1,373188018.40000004
2025-08-01 09:41:18 AM,425.35,4,1701.4,373189719.8
2025-08-01 09:41:20 AM,425.4,0,0.0,373189719.8
2025-08-01 09:41:24 AM,425.45,16,6807.2,373196527.0
2025-08-01 09:41:24 AM,425.5,0,0.0,373196527.0
2025-08-01 09:41:25 AM,425.5,10,4255.0,373200782.0
2025-08-01 09:41:30 AM,425.5,21,8935.5,373209717.5
2025-08-01 09:41:32 AM,425.45,0,0.0,373209717.5
2025-08-01 09:41:36 AM,425.5,0,0.0,373209717.5
2025-08-01 09:41:37 AM,425.5,322,137011.0,373346728.5
2025-08-01 09:41:38 AM,425.5,10,4255.0,373350983.5
2025-08-01 09:41:44 AM,425.6,1507,641379.2000000001,373992362.7
2025-08-01 09:41:50 AM,425.6,449,191094.40000000002,374183457.09999996
2025-08-01 09:41:51 AM,425.6,5,2128.0,374185585.09999996
2025-08-01 09:41:52 AM,425.5,0,0.0,374185585.09999996
2025-08-01 09:41:57 AM,425.5,1397,594423.5,374780008.59999996
2025-08-01 09:41:57 AM,425.5,16,6808.0,374786816.59999996
2025-08-01 09:42:00 AM,425.35,0,0.0,374786816.59999996
2025-08-01 09:42:03 AM,425.25,934,397183.5,375184000.09999996
2025-08-01 09:42:04 AM,425.15,137,58245.549999999996,375242245.65
2025-08-01 09:42:09 AM,425.25,0,0.0,375242245.65
2025-08-01 09:42:10 AM,425.35,763,324542.05,375566787.7
2025-08-01 09:42:13 AM,425.45,0,0.0,375566787.7
2025-08-01 09:42:16 AM,425.4,647,275233.8,375842021.5
2025-08-01 09:42:17 AM,425.25,0,0.0,375842021.5
2025-08-01 09:42:17 AM,425.25,70,29767.5,375871789.0
2025-08-01 09:42:23 AM,425.25,530,225382.5,376097171.5
2025-08-01 09:42:24 AM,425.25,5,2126.25,376099297.75
2025-08-01 09:42:29 AM,425.25,119,50604.75,376149902.5
2025-08-01 09:42:31 AM,425.2,0,0.0,376149902.5
2025-08-01 09:42:31 AM,425.2,871,370349.2,376520251.7
2025-08-01 09:42:36 AM,425.2,39,16582.8,376536834.5
2025-08-01 09:42:37 AM,425.3,301,128015.3,376664849.8
2025-08-01 09:42:39 AM,425.2,0,0.0,376664849.8
2025-08-01 09:42:42 AM,425.25,52,22113.0,376686962.8
2025-08-01 09:42:47 AM,425.3,0,0.0,376686962.8
2025-08-01 09:42:47 AM,425.2,0,0.0,376686962.8
2025-08-01 09:42:49 AM,425.1,4690,1993719.0,378680681.8
2025-08-01 09:42:54 AM,425.2,0,0.0,378680681.8
2025-08-01 09:42:55 AM,425.1,170,72267.0,378752948.8
2025-08-01 09:42:56 AM,425.2,50,21260.0,378774208.8
2025-08-01 09:43:02 AM,425.35,2680,1139938.0,379914146.8
2025-08-01 09:43:03 AM,425.4,0,0.0,379914146.8
2025-08-01 09:43:03 AM,425.4,51,21695.399999999998,379935842.2
2025-08-01 09:43:03 AM,425.25,0,0.0,379935842.2
2025-08-01 09:43:07 AM,424.95,0,0.0,379935842.2
2025-08-01 09:43:07 AM,425.2,0,0.0,379935842.2
2025-08-01 09:43:08 AM,425.2,6411,2725957.1999999997,382661799.4
2025-08-01 09:43:09 AM,425.15,20,8503.0,382670302.4
2025-08-01 09:43:15 AM,425.1,0,0.0,382670302.4
2025-08-01 09:43:15 AM,425.1,1298,551779.8,383222082.2
2025-08-01 09:43:22 AM,425.1,4189,1780743.9000000001,385002826.09999996
2025-08-01 09:43:28 AM,425.1,905,384715.5,385387541.59999996
2025-08-01 09:43:29 AM,425.0,399,169575.0,385557116.59999996
2025-08-01 09:43:35 AM,424.9,0,0.0,385557116.59999996
2025-08-01 09:43:35 AM,425.0,151,64175.0,385621291.59999996
2025-08-01 09:43:36 AM,425.0,53,22525.0,385643816.59999996
2025-08-01 09:43:39 AM,424.95,0,0.0,385643816.59999996
2025-08-01 09:43:41 AM,424.9,1760,747824.0,386391640.59999996
2025-08-01 09:43:43 AM,424.9,10,4249.0,386395889.59999996
2025-08-01 09:43:46 AM,424.85,0,0.0,386395889.59999996
2025-08-01 09:43:48 AM,424.85,131,55655.350000000006,386451544.95
2025-08-01 09:43:49 AM,424.85,5,2124.25,386453669.2
2025-08-01 09:43:51 AM,424.9,0,0.0,386453669.2
2025-08-01 09:43:54 AM,424.95,214,90939.3,386544608.5
2025-08-01 09:43:55 AM,425.0,0,0.0,386544608.5
2025-08-01 09:43:56 AM,425.0,1500,637500.0,387182108.5
2025-08-01 09:43:59 AM,424.75,0,0.0,387182108.5
2025-08-01 09:44:01 AM,424.9,766,325473.39999999997,387507581.9
2025-08-01 09:44:02 AM,424.75,364,154609.0,387662190.9
2025-08-01 09:44:03 AM,424.6,0,0.0,387662190.9
2025-08-01 09:44:07 AM,424.55,0,0.0,387662190.9
2025-08-01 09:44:07 AM,424.6,0,0.0,387662190.9
2025-08-01 09:44:08 AM,424.6,26,11039.6,387673230.5
2025-08-01 09:44:09 AM,424.6,48,20380.800000000003,387693611.3
2025-08-01 09:44:11 AM,424.55,0,0.0,387693611.3
2025-08-01 09:44:15 AM,424.5,1102,467799.0,388161410.3
2025-08-01 09:44:15 AM,424.55,0,0.0,388161410.3
2025-08-01 09:44:16 AM,424.55,1,424.55,388161834.85
2025-08-01 09:44:17 AM,424.6,0,0.0,388161834.85
2025-08-01 09:44:21 AM,424.6,273,115915.8,388277750.65000004
2025-08-01 09:44:25 AM,424.5,0,0.0,388277750.65000004
2025-08-01 09:44:27 AM,424.45,0,0.0,388277750.65000004
2025-08-01 09:44:28 AM,424.45,292,123939.4,388401690.05
2025-08-01 09:44:34 AM,424.45,57,24193.649999999998,388425883.7
2025-08-01 09:44:35 AM,424.45,8,3395.6,388429279.3
2025-08-01 09:44:40 AM,424.45,42,17826.899999999998,388447106.2
2025-08-01 09:44:42 AM,424.4,149,63235.6,388510341.8
2025-08-01 09:44:43 AM,424.35,0,0.0,388510341.8
2025-08-01 09:44:45 AM,424.3,0,0.0,388510341.8
2025-08-01 09:44:47 AM,424.4,84,35649.6,388545991.40000004
2025-08-01 09:44:53 AM,424.4,30,12732.0,388558723.40000004
2025-08-01 09:44:54 AM,424.4,294,124773.59999999999,388683497.00000006
2025-08-01 09:44:55 AM,424.45,0,0.0,388683497.00000006
2025-08-01 09:44:57 AM,424.4,0,0.0,388683497.00000006
2025-08-01 09:45:00 AM,424.4,402,170608.8,388854105.8000001
2025-08-01 09:45:01 AM,424.35,0,0.0,388854105.8000001
2025-08-01 09:45:01 AM,424.35,25,10608.75,388864714.5500001
2025-08-01 09:45:03 AM,424.3,0,0.0,388864714.5500001
2025-08-01 09:45:07 AM,424.3,119,50491.700000000004,388915206.25000006
2025-08-01 09:45:08 AM,424.25,56,23758.0,388938964.25000006
2025-08-01 09:45:13 AM,424.2,4171,1769338.2,390708302.45000005
2025-08-01 09:45:15 AM,424.2,1,424.2,390708726.65000004
2025-08-01 09:45:19 AM,424.4,0,0.0,390708726.65000004
2025-08-01 09:45:20 AM,424.4,2506,1063546.4,391772273.05
2025-08-01 09:45:21 AM,424.4,50,21220.0,391793493.05
2025-08-01 09:45:26 AM,424.4,1,424.4,391793917.45
2025-08-01 09:45:28 AM,424.4,5,2122.0,391796039.45
2025-08-01 09:45:33 AM,424.45,1079,457981.55,392254021.0
2025-08-01 09:45:39 AM,426.4,67761,28893290.4,421147311.4
2025-08-01 09:45:40 AM,426.35,0,0.0,421147311.4
2025-08-01 09:45:40 AM,426.5,100,42650.0,421189961.4
2025-08-01 09:45:43 AM,426.75,0,0.0,421189961.4
2025-08-01 09:45:46 AM,426.5,4388,1871482.0,423061443.4
2025-08-01 09:45:47 AM,426.4,2500,1066000.0,424127443.4
2025-08-01 09:45:47 AM,426.65,0,0.0,424127443.4
2025-08-01 09:45:50 AM,426.6,0,0.0,424127443.4
2025-08-01 09:45:51 AM,426.4,0,0.0,424127443.4
2025-08-01 09:45:52 AM,426.6,2593,1106173.8,425233617.2
2025-08-01 09:45:53 AM,426.65,0,0.0,425233617.2
2025-08-01 09:45:53 AM,426.65,588,250870.19999999998,425484487.4
2025-08-01 09:45:59 AM,426.65,150,63997.5,425548484.9
2025-08-01 09:46:00 AM,426.5,167,71225.5,425619710.4
2025-08-01 09:46:01 AM,426.6,0,0.0,425619710.4
2025-08-01 09:46:02 AM,426.6,5,2133.0,425621843.4
2025-08-01 09:46:05 AM,426.55,12,5118.6,425626962.0
2025-08-01 09:46:05 AM,426.5,0,0.0,425626962.0
2025-08-01 09:46:06 AM,426.5,1,426.5,425627388.5
2025-08-01 09:46:06 AM,426.5,5,2132.5,425629521.0
2025-08-01 09:46:07 AM,426.55,1,426.55,425629947.55
2025-08-01 09:46:07 AM,426.55,10,4265.5,425634213.05
2025-08-01 09:46:08 AM,426.55,13,5545.150000000001,425639758.2
2025-08-01 09:46:09 AM,426.5,686,292579.0,425932337.2
2025-08-01 09:46:10 AM,426.5,325,138612.5,426070949.7
2025-08-01 09:46:11 AM,426.5,1010,430765.0,426501714.7
2025-08-01 09:46:12 AM,426.5,10,4265.0,426505979.7
2025-08-01 09:46:13 AM,426.55,0,0.0,426505979.7
2025-08-01 09:46:13 AM,426.5,410,174865.0,426680844.7
2025-08-01 09:46:15 AM,426.5,300,127950.0,426808794.7
2025-08-01 09:46:16 AM,426.5,766,326699.0,427135493.7
2025-08-01 09:46:17 AM,426.5,50,21325.0,427156818.7
2025-08-01 09:46:18 AM,426.55,2,853.1,427157671.8
2025-08-01 09:46:19 AM,426.55,113,48200.15,427205871.95
2025-08-01 09:46:19 AM,426.55,25,10663.75,427216535.7
2025-08-01 09:46:20 AM,426.55,12,5118.6,427221654.3
2025-08-01 09:46:21 AM,426.5,0,0.0,427221654.3
2025-08-01 09:46:22 AM,426.55,0,0.0,427221654.3
2025-08-01 09:46:22 AM,426.55,264,112609.2,427334263.5
2025-08-01 09:46:23 AM,426.5,2007,855985.5,428190249.0
2025-08-01 09:46:25 AM,426.55,4,1706.2,428191955.2
2025-08-01 09:46:25 AM,426.5,4,1706.0,428193661.2
2025-08-01 09:46:26 AM,426.55,0,0.0,428193661.2
2025-08-01 09:46:26 AM,426.5,10,4265.0,428197926.2
2025-08-01 09:46:27 AM,426.55,5,2132.75,428200058.95
2025-08-01 09:46:27 AM,426.5,0,0.0,428200058.95
2025-08-01 09:46:28 AM,426.5,50,21325.0,428221383.95
2025-08-01 09:46:29 AM,426.5,250,106625.0,428328008.95
2025-08-01 09:46:31 AM,426.55,10,4265.5,428332274.45
2025-08-01 09:46:32 AM,426.5,0,0.0,428332274.45
2025-08-01 09:46:32 AM,426.55,13,5545.150000000001,428337819.59999996
2025-08-01 09:46:32 AM,426.5,0,0.0,428337819.59999996
2025-08-01 09:46:33 AM,426.5,20,8530.0,428346349.59999996
2025-08-01 09:46:34 AM,426.55,2,853.1,428347202.7
2025-08-01 09:46:35 AM,426.5,100,42650.0,428389852.7
2025-08-01 09:46:36 AM,426.55,0,0.0,428389852.7
2025-08-01 09:46:37 AM,426.5,0,0.0,428389852.7
2025-08-01 09:46:37 AM,426.5,6,2559.0,428392411.7
2025-08-01 09:46:39 AM,426.55,0,0.0,428392411.7
2025-08-01 09:46:39 AM,426.55,119,50759.450000000004,428443171.15
2025-08-01 09:46:40 AM,426.55,5,2132.75,428445303.9
2025-08-01 09:46:44 AM,426.5,0,0.0,428445303.9
2025-08-01 09:46:44 AM,426.5,117,49900.5,428495204.4
2025-08-01 09:46:44 AM,426.5,500,213250.0,428708454.4
2025-08-01 09:46:44 AM,426.55,0,0.0,428708454.4
2025-08-01 09:46:45 AM,426.4,0,0.0,428708454.4
2025-08-01 09:46:45 AM,426.4,277,118112.79999999999,428826567.2
2025-08-01 09:46:49 AM,426.55,0,0.0,428826567.2
2025-08-01 09:46:50 AM,426.55,101,43081.55,428869648.75
2025-08-01 09:46:50 AM,426.45,183,78040.34999999999,428947689.1
2025-08-01 09:46:51 AM,426.45,10,4264.5,428951953.6
2025-08-01 09:46:52 AM,426.35,5,2131.75,428954085.35
2025-08-01 09:46:53 AM,426.35,2,852.7,428954938.05
2025-08-01 09:46:54 AM,426.2,205,87371.0,429042309.05
2025-08-01 09:46:54 AM,426.15,0,0.0,429042309.05
2025-08-01 09:46:55 AM,426.15,19,8096.849999999999,429050405.90000004
2025-08-01 09:46:55 AM,426.3,50,21315.0,429071720.90000004
2025-08-01 09:46:56 AM,426.35,4,1705.4,429073426.3
2025-08-01 09:46:57 AM,426.4,66,28142.399999999998,429101568.7
2025-08-01 09:47:00 AM,426.35,0,0.0,429101568.7
2025-08-01 09:47:02 AM,426.35,119,50735.65,429152304.34999996
2025-08-01 09:47:04 AM,426.4,0,0.0,429152304.34999996
2025-08-01 09:47:04 AM,426.4,5,2132.0,429154436.34999996
2025-08-01 09:47:05 AM,426.35,0,0.0,429154436.34999996
2025-08-01 09:47:08 AM,426.35,2538,1082076.3,430236512.65
2025-08-01 09:47:10 AM,426.55,88,37536.4,430274049.04999995
2025-08-01 09:47:12 AM,426.4,0,0.0,430274049.04999995
2025-08-01 09:47:14 AM,426.3,479,204197.7,430478246.74999994
2025-08-01 09:47:17 AM,426.1,50,21305.0,430499551.74999994
2025-08-01 09:47:17 AM,426.05,0,0.0,430499551.74999994
2025-08-01 09:47:21 AM,426.25,21,8951.25,430508502.99999994
2025-08-01 09:47:23 AM,426.2,20,8524.0,430517026.99999994
2025-08-01 09:47:27 AM,426.15,29,12358.349999999999,430529385.34999996
2025-08-01 09:47:28 AM,426.05,0,0.0,430529385.34999996
2025-08-01 09:47:29 AM,426.15,60,25569.0,430554954.34999996
2025-08-01 09:47:32 AM,425.95,0,0.0,430554954.34999996
2025-08-01 09:47:33 AM,425.85,565,240605.25,430795559.59999996
2025-08-01 09:47:36 AM,425.75,1022,435116.5,431230676.09999996
2025-08-01 09:47:37 AM,425.9,0,0.0,431230676.09999996
2025-08-01 09:47:39 AM,425.85,0,0.0,431230676.09999996
2025-08-01 09:47:40 AM,425.85,34,14478.900000000001,431245154.99999994
2025-08-01 09:47:42 AM,425.75,0,0.0,431245154.99999994
2025-08-01 09:47:43 AM,425.75,168,71526.0,431316680.99999994
2025-08-01 09:47:44 AM,425.65,0,0.0,431316680.99999994
2025-08-01 09:47:47 AM,425.9,183,77939.7,431394620.6999999
2025-08-01 09:47:49 AM,425.65,1200,510780.0,431905400.6999999
2025-08-01 09:47:53 AM,425.85,0,0.0,431905400.6999999
2025-08-01 09:47:54 AM,425.9,30,12777.0,431918177.6999999
2025-08-01 09:47:56 AM,425.95,10,4259.5,431922437.1999999
2025-08-01 09:47:57 AM,426.1,0,0.0,431922437.1999999
2025-08-01 09:48:01 AM,426.1,3898,1660937.8,433583374.99999994
2025-08-01 09:48:01 AM,426.25,0,0.0,433583374.99999994
2025-08-01 09:48:02 AM,426.25,200,85250.0,433668624.99999994
2025-08-01 09:48:04 AM,426.1,59,25139.9,433693764.8999999
2025-08-01 09:48:05 AM,426.2,10,4262.0,433698026.8999999
2025-08-01 09:48:05 AM,426.25,0,0.0,433698026.8999999
2025-08-01 09:48:06 AM,426.25,800,341000.0,434039026.8999999
2025-08-01 09:48:07 AM,426.1,10,4261.0,434043287.8999999
2025-08-01 09:48:09 AM,426.1,31,13209.1,434056496.99999994
2025-08-01 09:48:10 AM,426.1,10,4261.0,434060757.99999994
2025-08-01 09:48:10 AM,426.0,0,0.0,434060757.99999994
2025-08-01 09:48:11 AM,426.0,521,221946.0,434282703.99999994
2025-08-01 09:48:12 AM,426.2,0,0.0,434282703.99999994
2025-08-01 09:48:12 AM,426.2,10,4262.0,434286965.99999994
2025-08-01 09:48:14 AM,426.1,15,6391.5,434293357.49999994
2025-08-01 09:48:15 AM,426.3,5302,2260242.6,436553600.09999996
2025-08-01 09:48:16 AM,426.55,2003,854379.65,437407979.74999994
2025-08-01 09:48:16 AM,426.45,0,0.0,437407979.74999994
2025-08-01 09:48:17 AM,426.45,50,21322.5,437429302.24999994
2025-08-01 09:48:18 AM,426.55,6,2559.3,437431861.54999995
2025-08-01 09:48:18 AM,426.55,1,426.55,437432288.09999996
2025-08-01 09:48:19 AM,426.45,0,0.0,437432288.09999996
2025-08-01 09:48:20 AM,426.55,100,42655.0,437474943.09999996
2025-08-01 09:48:20 AM,426.55,884,377070.2,437852013.29999995
2025-08-01 09:48:21 AM,426.65,0,0.0,437852013.29999995
2025-08-01 09:48:21 AM,426.65,200,85330.0,437937343.29999995
2025-08-01 09:48:21 AM,426.6,100,42660.0,437980003.29999995
2025-08-01 09:48:21 AM,426.5,0,0.0,437980003.29999995
2025-08-01 09:48:22 AM,426.5,175,74637.5,438054640.79999995
2025-08-01 09:48:25 AM,426.5,20,8530.0,438063170.79999995
2025-08-01 09:48:25 AM,426.65,100,42665.0,438105835.79999995
2025-08-01 09:48:26 AM,426.65,101,43091.649999999994,438148927.4499999
2025-08-01 09:48:26 AM,426.5,1,426.5,438149353.9499999
2025-08-01 09:48:27 AM,426.65,10,4266.5,438153620.4499999
2025-08-01 09:48:28 AM,426.6,5,2133.0,438155753.4499999
2025-08-01 09:48:29 AM,426.6,1,426.6,438156180.04999995
2025-08-01 09:48:29 AM,426.6,5,2133.0,438158313.04999995
2025-08-01 09:48:30 AM,426.5,100,42650.0,438200963.04999995
2025-08-01 09:48:31 AM,426.6,0,0.0,438200963.04999995
2025-08-01 09:48:32 AM,426.65,507,216311.55,438417274.59999996
2025-08-01 09:48:32 AM,426.55,15,6398.25,438423672.84999996
2025-08-01 09:48:33 AM,426.65,100,42665.0,438466337.84999996
2025-08-01 09:48:33 AM,426.65,2,853.3,438467191.15
2025-08-01 09:48:34 AM,426.65,2,853.3,438468044.45
2025-08-01 09:48:35 AM,426.65,1,426.65,438468471.09999996
2025-08-01 09:48:36 AM,426.6,1,426.6,438468897.7
2025-08-01 09:48:37 AM,426.6,10,4266.0,438473163.7
2025-08-01 09:48:37 AM,426.5,1467,625675.5,439098839.2
2025-08-01 09:48:37 AM,426.55,0,0.0,439098839.2
2025-08-01 09:48:38 AM,426.4,55,23452.0,439122291.2
2025-08-01 09:48:38 AM,426.6,426,181731.6,439304022.8
2025-08-01 09:48:39 AM,426.55,40,17062.0,439321084.8
2025-08-01 09:48:40 AM,426.55,4,1706.2,439322791.0
2025-08-01 09:48:40 AM,426.55,2,853.1,439323644.1
2025-08-01 09:48:41 AM,426.55,33,14076.15,439337720.25
2025-08-01 09:48:42 AM,426.6,415,177039.0,439514759.25
2025-08-01 09:48:42 AM,426.65,0,0.0,439514759.25
2025-08-01 09:48:42 AM,426.65,33,14079.449999999999,439528838.7
2025-08-01 09:48:45 AM,426.65,5,2133.25,439530971.95
2025-08-01 09:48:47 AM,426.65,4,1706.6,439532678.55
2025-08-01 09:48:48 AM,426.65,3,1279.9499999999998,439533958.5
2025-08-01 09:48:49 AM,426.65,105,44798.25,439578756.75
2025-08-01 09:48:50 AM,426.65,10,4266.5,439583023.25
2025-08-01 09:48:50 AM,426.55,0,0.0,439583023.25
2025-08-01 09:48:51 AM,426.55,225,95973.75,439678997.0
2025-08-01 09:48:51 AM,426.65,0,0.0,439678997.0
2025-08-01 09:48:52 AM,426.65,1,426.65,439679423.65
2025-08-01 09:48:52 AM,426.65,21,8959.65,439688383.29999995
2025-08-01 09:48:54 AM,426.65,15,6399.75,439694783.04999995
2025-08-01 09:48:54 AM,426.55,7,2985.85,439697768.9
2025-08-01 09:48:55 AM,426.65,0,0.0,439697768.9
2025-08-01 09:48:55 AM,426.65,250,106662.5,439804431.4
2025-08-01 09:48:56 AM,426.65,211,90023.15,439894454.54999995
2025-08-01 09:48:57 AM,426.65,3,1279.9499999999998,439895734.49999994
2025-08-01 09:48:59 AM,426.65,50,21332.5,439917066.99999994
2025-08-01 09:49:00 AM,426.65,11,4693.15,439921760.1499999
2025-08-01 09:49:02 AM,426.4,0,0.0,439921760.1499999
2025-08-01 09:49:02 AM,426.4,696,296774.39999999997,440218534.5499999
2025-08-01 09:49:03 AM,426.35,0,0.0,440218534.5499999
2025-08-01 09:49:03 AM,426.35,10,4263.5,440222798.0499999
2025-08-01 09:49:04 AM,426.35,61,26007.350000000002,440248805.3999999
2025-08-01 09:49:06 AM,426.35,1,426.35,440249231.74999994
2025-08-01 09:49:08 AM,426.4,492,209788.8,440459020.54999995
2025-08-01 09:49:11 AM,426.55,0,0.0,440459020.54999995
2025-08-01 09:49:12 AM,426.55,12,5118.6,440464139.15
2025-08-01 09:49:13 AM,426.4,30,12792.0,440476931.15
2025-08-01 09:49:14 AM,426.4,50,21320.0,440498251.15
2025-08-01 09:49:15 AM,426.5,0,0.0,440498251.15
2025-08-01 09:49:15 AM,426.5,3,1279.5,440499530.65
2025-08-01 09:49:18 AM,426.55,0,0.0,440499530.65
2025-08-01 09:49:18 AM,426.4,175,74620.0,440574150.65
2025-08-01 09:49:21 AM,426.55,4,1706.2,440575856.84999996
2025-08-01 09:49:24 AM,426.5,7,2985.5,440578842.34999996
2025-08-01 09:49:25 AM,426.5,70,29855.0,440608697.34999996
2025-08-01 09:49:25 AM,426.65,115,49064.75,440657762.09999996
2025-08-01 09:49:27 AM,426.65,18,7679.7,440665441.79999995
2025-08-01 09:49:31 AM,426.6,0,0.0,440665441.79999995
2025-08-01 09:49:31 AM,426.6,10,4266.0,440669707.79999995
2025-08-01 09:49:32 AM,426.6,1,426.6,440670134.4
2025-08-01 09:49:34 AM,426.6,14,5972.400000000001,440676106.79999995
2025-08-01 09:49:35 AM,426.6,25,10665.0,440686771.79999995
2025-08-01 09:49:37 AM,426.6,22,9385.2,440696156.99999994
2025-08-01 09:49:39 AM,426.5,0,0.0,440696156.99999994
2025-08-01 09:49:39 AM,426.5,50,21325.0,440717481.99999994
2025-08-01 09:49:40 AM,426.5,250,106625.0,440824106.99999994
2025-08-01 09:49:41 AM,426.6,0,0.0,440824106.99999994
2025-08-01 09:49:41 AM,426.6,12,5119.200000000001,440829226.1999999
2025-08-01 09:49:44 AM,426.65,2,853.3,440830079.49999994
2025-08-01 09:49:46 AM,426.65,90,38398.5,440868477.99999994
2025-08-01 09:49:47 AM,426.5,0,0.0,440868477.99999994
2025-08-01 09:49:47 AM,426.65,1100,469315.0,441337792.99999994
2025-08-01 09:49:50 AM,426.5,255,108757.5,441446550.49999994
2025-08-01 09:49:52 AM,426.5,185,78902.5,441525452.99999994
2025-08-01 09:49:53 AM,426.4,0,0.0,441525452.99999994
2025-08-01 09:49:53 AM,426.15,3719,1584851.8499999999,443110304.84999996
2025-08-01 09:49:54 AM,426.0,35,14910.0,443125214.84999996
2025-08-01 09:49:55 AM,426.2,5,2131.0,443127345.84999996
2025-08-01 09:49:56 AM,426.25,7505,3199006.25,446326352.09999996
2025-08-01 09:49:59 AM,426.25,5,2131.25,446328483.34999996
2025-08-01 09:50:00 AM,426.0,0,0.0,446328483.34999996
2025-08-01 09:50:01 AM,426.0,200,85200.0,446413683.34999996
2025-08-01 09:50:02 AM,426.15,0,0.0,446413683.34999996
2025-08-01 09:50:04 AM,426.25,396,168795.0,446582478.34999996
2025-08-01 09:50:05 AM,426.2,0,0.0,446582478.34999996
2025-08-01 09:50:07 AM,426.0,0,0.0,446582478.34999996
2025-08-01 09:50:07 AM,426.0,322,137172.0,446719650.34999996
2025-08-01 09:50:10 AM,426.0,50,21300.0,446740950.34999996
2025-08-01 09:50:14 AM,426.05,12,5112.6,446746062.95
2025-08-01 09:50:14 AM,426.0,0,0.0,446746062.95
2025-08-01 09:50:17 AM,426.0,1820,775320.0,447521382.95
2025-08-01 09:50:18 AM,426.15,0,0.0,447521382.95
2025-08-01 09:50:20 AM,426.25,551,234863.75,447756246.7
2025-08-01 09:50:22 AM,426.2,0,0.0,447756246.7
2025-08-01 09:50:23 AM,426.1,13,5539.3,447761786.0
2025-08-01 09:50:28 AM,426.4,0,0.0,447761786.0
2025-08-01 09:50:29 AM,426.4,2151,917186.3999999999,448678972.4
2025-08-01 09:50:31 AM,426.25,0,0.0,448678972.4
2025-08-01 09:50:32 AM,426.35,0,0.0,448678972.4
2025-08-01 09:50:33 AM,426.35,26,11085.1,448690057.5
2025-08-01 09:50:35 AM,426.4,196,83574.4,448773631.9
2025-08-01 09:50:35 AM,426.35,0,0.0,448773631.9
2025-08-01 09:50:38 AM,426.4,0,0.0,448773631.9
2025-08-01 09:50:38 AM,426.45,0,0.0,448773631.9
2025-08-01 09:50:39 AM,426.45,1387,591486.15,449365118.04999995
2025-08-01 09:50:41 AM,426.45,522,222606.9,449587724.9499999
2025-08-01 09:50:44 AM,426.6,0,0.0,449587724.9499999
2025-08-01 09:50:45 AM,426.5,400,170600.0,449758324.9499999
2025-08-01 09:50:46 AM,426.6,0,0.0,449758324.9499999
2025-08-01 09:50:48 AM,426.55,136,58010.8,449816335.74999994
2025-08-01 09:50:50 AM,426.7,0,0.0,449816335.74999994
2025-08-01 09:50:51 AM,426.7,11287,4816162.899999999,454632498.6499999
2025-08-01 09:50:52 AM,426.5,0,0.0,454632498.6499999
2025-08-01 09:50:53 AM,426.35,0,0.0,454632498.6499999
2025-08-01 09:50:54 AM,426.35,3009,1282887.1500000001,455915385.7999999
2025-08-01 09:50:56 AM,426.5,0,0.0,455915385.7999999
2025-08-01 09:50:58 AM,426.55,0,0.0,455915385.7999999
2025-08-01 09:50:58 AM,426.55,111,47347.05,455962732.8499999
2025-08-01 09:51:00 AM,426.6,11,4692.6,455967425.4499999
2025-08-01 09:51:02 AM,426.65,0,0.0,455967425.4499999
2025-08-01 09:51:03 AM,426.65,36,15359.4,455982784.8499999
2025-08-01 09:51:04 AM,426.65,6,2559.8999999999996,455985344.7499999
2025-08-01 09:51:04 AM,426.75,0,0.0,455985344.7499999
2025-08-01 09:51:05 AM,426.75,5,2133.75,455987478.4999999
2025-08-01 09:51:06 AM,426.65,30,12799.5,456000277.9999999
2025-08-01 09:51:06 AM,426.75,0,0.0,456000277.9999999
2025-08-01 09:51:07 AM,426.75,336,143388.0,456143665.9999999
2025-08-01 09:51:08 AM,426.75,7,2987.25,456146653.2499999
2025-08-01 09:51:09 AM,426.8,126,53776.8,456200430.0499999
2025-08-01 09:51:12 AM,426.9,10,4269.0,456204699.0499999
2025-08-01 09:51:12 AM,426.85,0,0.0,456204699.0499999
2025-08-01 09:51:13 AM,426.85,20,8537.0,456213236.0499999
2025-08-01 09:51:14 AM,426.75,1444,616227.0,456829463.0499999
2025-08-01 09:51:15 AM,426.75,120,51210.0,456880673.0499999
2025-08-01 09:51:16 AM,426.65,0,0.0,456880673.0499999
2025-08-01 09:51:16 AM,426.65,56,23892.399999999998,456904565.44999987
2025-08-01 09:51:17 AM,426.8,250,106700.0,457011265.44999987
2025-08-01 09:51:19 AM,426.95,807,344548.64999999997,457355814.09999985
2025-08-01 09:51:19 AM,427.15,0,0.0,457355814.09999985
2025-08-01 09:51:20 AM,427.15,29649,12664570.35,470020384.44999987
2025-08-01 09:51:20 AM,426.8,0,0.0,470020384.44999987
2025-08-01 09:51:21 AM,426.8,391,166878.80000000002,470187263.2499999
2025-08-01 09:51:22 AM,426.85,5,2134.25,470189397.4999999
2025-08-01 09:51:23 AM,426.85,575,245438.75,470434836.2499999
2025-08-01 09:51:24 AM,427.0,50,21350.0,470456186.2499999
2025-08-01 09:51:25 AM,427.05,0,0.0,470456186.2499999
2025-08-01 09:51:25 AM,426.8,132,56337.6,470512523.8499999
2025-08-01 09:51:26 AM,426.9,1,426.9,470512950.7499999
2025-08-01 09:51:26 AM,426.85,0,0.0,470512950.7499999
2025-08-01 09:51:27 AM,426.85,1239,528867.15,471041817.89999986
2025-08-01 09:51:27 AM,426.9,0,0.0,471041817.89999986
2025-08-01 09:51:28 AM,426.9,20,8538.0,471050355.89999986
2025-08-01 09:51:29 AM,426.9,1,426.9,471050782.79999983
2025-08-01 09:51:30 AM,426.95,0,0.0,471050782.79999983
2025-08-01 09:51:31 AM,426.75,2574,1098454.5,472149237.29999983
2025-08-01 09:51:31 AM,426.6,0,0.0,472149237.29999983
2025-08-01 09:51:32 AM,426.65,174,74237.09999999999,472223474.39999986
2025-08-01 09:51:33 AM,426.6,24,10238.400000000001,472233712.79999983
2025-08-01 09:51:34 AM,426.65,52,22185.8,472255898.59999985
2025-08-01 09:51:38 AM,426.6,0,0.0,472255898.59999985
2025-08-01 09:51:39 AM,426.6,100,42660.0,472298558.59999985
2025-08-01 09:51:40 AM,426.7,7,2986.9,472301545.4999998
2025-08-01 09:51:41 AM,426.7,5,2133.5,472303678.9999998
2025-08-01 09:51:42 AM,426.7,153,65285.1,472368964.09999985
2025-08-01 09:51:42 AM,426.7,1,426.7,472369390.79999983
2025-08-01 09:51:43 AM,426.75,0,0.0,472369390.79999983
2025-08-01 09:51:44 AM,426.75,22,9388.5,472378779.29999983
2025-08-01 09:51:44 AM,426.6,0,0.0,472378779.29999983
2025-08-01 09:51:45 AM,426.65,953,406597.44999999995,472785376.7499998
2025-08-01 09:51:46 AM,426.65,1,426.65,472785803.3999998
2025-08-01 09:51:47 AM,426.7,7,2986.9,472788790.2999998
2025-08-01 09:51:49 AM,426.7,19,8107.3,472796897.5999998
2025-08-01 09:51:50 AM,426.7,416,177507.19999999998,472974404.7999998
2025-08-01 09:51:51 AM,426.65,0,0.0,472974404.7999998
2025-08-01 09:51:52 AM,426.7,1887,805182.9,473779587.69999975
2025-08-01 09:51:53 AM,426.7,1,426.7,473780014.39999974
2025-08-01 09:51:54 AM,426.7,30,12801.0,473792815.39999974
2025-08-01 09:51:55 AM,426.7,25,10667.5,473803482.89999974
2025-08-01 09:51:56 AM,426.65,0,0.0,473803482.89999974
2025-08-01 09:51:57 AM,426.65,120,51198.0,473854680.89999974
2025-08-01 09:51:58 AM,426.7,5,2133.5,473856814.39999974
2025-08-01 09:51:59 AM,426.75,0,0.0,473856814.39999974
2025-08-01 09:52:00 AM,426.75,262,111808.5,473968622.89999974
2025-08-01 09:52:01 AM,426.7,50,21335.0,473989957.89999974
2025-08-01 09:52:02 AM,426.7,30,12801.0,474002758.89999974
2025-08-01 09:52:03 AM,426.8,0,0.0,474002758.89999974
2025-08-01 09:52:04 AM,426.75,255,108821.25,474111580.14999974
2025-08-01 09:52:05 AM,426.65,0,0.0,474111580.14999974
2025-08-01 09:52:05 AM,426.65,1,426.65,474112006.7999997
2025-08-01 09:52:06 AM,426.75,0,0.0,474112006.7999997
2025-08-01 09:52:07 AM,426.75,51,21764.25,474133771.0499997
2025-08-01 09:52:09 AM,426.7,0,0.0,474133771.0499997
2025-08-01 09:52:10 AM,426.7,160,68272.0,474202043.0499997
2025-08-01 09:52:11 AM,426.7,117,49923.9,474251966.9499997
2025-08-01 09:52:13 AM,426.7,5,2133.5,474254100.4499997
2025-08-01 09:52:14 AM,426.6,0,0.0,474254100.4499997
2025-08-01 09:52:14 AM,426.6,3433,1464517.8,475718618.2499997
2025-08-01 09:52:14 AM,426.4,0,0.0,475718618.2499997
2025-08-01 09:52:15 AM,426.4,2255,961532.0,476680150.2499997
2025-08-01 09:52:15 AM,426.35,169,72053.15000000001,476752203.3999997
2025-08-01 09:52:16 AM,426.35,10,4263.5,476756466.8999997
2025-08-01 09:52:16 AM,426.4,5,2132.0,476758598.8999997
2025-08-01 09:52:18 AM,426.4,41,17482.399999999998,476776081.29999965
2025-08-01 09:52:18 AM,426.35,105,44766.75,476820848.04999965
2025-08-01 09:52:18 AM,426.4,0,0.0,476820848.04999965
2025-08-01 09:52:19 AM,426.4,51,21746.399999999998,476842594.44999963
2025-08-01 09:52:19 AM,426.4,1,426.4,476843020.8499996
2025-08-01 09:52:20 AM,426.45,0,0.0,476843020.8499996
2025-08-01 09:52:20 AM,426.4,109,46477.6,476889498.44999963
2025-08-01 09:52:21 AM,426.25,0,0.0,476889498.44999963
2025-08-01 09:52:21 AM,426.25,20,8525.0,476898023.44999963
2025-08-01 09:52:23 AM,426.2,11,4688.2,476902711.6499996
2025-08-01 09:52:25 AM,426.4,0,0.0,476902711.6499996
2025-08-01 09:52:26 AM,426.4,11,4690.4,476907402.0499996
2025-08-01 09:52:26 AM,426.3,0,0.0,476907402.0499996
2025-08-01 09:52:27 AM,426.3,5,2131.5,476909533.5499996
2025-08-01 09:52:27 AM,426.4,0,0.0,476909533.5499996
2025-08-01 09:52:28 AM,426.4,4,1705.6,476911239.1499996
2025-08-01 09:52:29 AM,426.4,2,852.8,476912091.94999963
2025-08-01 09:52:30 AM,426.3,23,9804.9,476921896.8499996
2025-08-01 09:52:35 AM,426.35,0,0.0,476921896.8499996
2025-08-01 09:52:36 AM,426.35,155,66084.25,476987981.0999996
2025-08-01 09:52:36 AM,426.5,0,0.0,476987981.0999996
2025-08-01 09:52:36 AM,426.5,25,10662.5,476998643.5999996
2025-08-01 09:52:36 AM,426.35,0,0.0,476998643.5999996
2025-08-01 09:52:37 AM,426.35,45,19185.75,477017829.3499996
2025-08-01 09:52:37 AM,426.5,0,0.0,477017829.3499996
2025-08-01 09:52:38 AM,426.5,1,426.5,477018255.8499996
2025-08-01 09:52:39 AM,426.4,5,2132.0,477020387.8499996
2025-08-01 09:52:44 AM,426.5,0,0.0,477020387.8499996
2025-08-01 09:52:45 AM,426.5,100,42650.0,477063037.8499996
2025-08-01 09:52:46 AM,426.4,50,21320.0,477084357.8499996
2025-08-01 09:52:48 AM,426.5,0,0.0,477084357.8499996
2025-08-01 09:52:49 AM,426.5,4,1706.0,477086063.8499996
2025-08-01 09:52:50 AM,426.5,10,4265.0,477090328.8499996
2025-08-01 09:52:50 AM,426.4,0,0.0,477090328.8499996
2025-08-01 09:52:51 AM,426.4,194,82721.59999999999,477173050.44999963
2025-08-01 09:52:51 AM,426.55,0,0.0,477173050.44999963
2025-08-01 09:52:52 AM,426.55,95,40522.25,477213572.69999963
2025-08-01 09:52:53 AM,426.5,0,0.0,477213572.69999963
2025-08-01 09:52:54 AM,426.5,1,426.5,477213999.19999963
2025-08-01 09:52:57 AM,426.55,1149,490105.95,477704105.1499996
2025-08-01 09:53:01 AM,426.4,0,0.0,477704105.1499996
2025-08-01 09:53:01 AM,426.4,343,146255.19999999998,477850360.3499996
2025-08-01 09:53:03 AM,426.4,54,23025.6,477873385.94999963
2025-08-01 09:53:04 AM,426.6,0,0.0,477873385.94999963
2025-08-01 09:53:07 AM,426.6,10572,4510015.2,482383401.1499996
2025-08-01 09:53:09 AM,426.65,11,4693.15,482388094.2999996
2025-08-01 09:53:13 AM,426.65,2,853.3,482388947.5999996
2025-08-01 09:53:15 AM,426.3,781,332940.3,482721887.8999996
2025-08-01 09:53:20 AM,426.3,154,65650.2,482787538.0999996
2025-08-01 09:53:22 AM,426.2,10,4262.0,482791800.0999996
2025-08-01 09:53:23 AM,426.1,0,0.0,482791800.0999996
2025-08-01 09:53:26 AM,426.15,0,0.0,482791800.0999996
2025-08-01 09:53:26 AM,426.15,1102,469617.3,483261417.3999996
2025-08-01 09:53:28 AM,426.1,109,46444.9,483307862.2999996
2025-08-01 09:53:32 AM,426.1,9,3834.9,483311697.1999996
2025-08-01 09:53:32 AM,426.0,0,0.0,483311697.1999996
2025-08-01 09:53:34 AM,426.1,1335,568843.5,483880540.6999996
2025-08-01 09:53:38 AM,426.0,1907,812382.0,484692922.6999996
2025-08-01 09:53:40 AM,426.05,1,426.05,484693348.7499996
2025-08-01 09:53:42 AM,426.0,0,0.0,484693348.7499996
2025-08-01 09:53:43 AM,425.85,0,0.0,484693348.7499996
2025-08-01 09:53:45 AM,425.85,32,13627.2,484706975.9499996
2025-08-01 09:53:46 AM,425.85,4,1703.4,484708679.34999955
2025-08-01 09:53:47 AM,425.75,0,0.0,484708679.34999955
2025-08-01 09:53:51 AM,425.65,130,55334.5,484764013.84999955
2025-08-01 09:53:52 AM,425.75,20,8515.0,484772528.84999955
2025-08-01 09:53:56 AM,425.65,0,0.0,484772528.84999955
2025-08-01 09:53:57 AM,425.65,879,374146.35,485146675.1999996
2025-08-01 09:53:59 AM,425.7,0,0.0,485146675.1999996
2025-08-01 09:53:59 AM,425.75,0,0.0,485146675.1999996
2025-08-01 09:54:03 AM,425.65,523,222614.94999999998,485369290.14999956
2025-08-01 09:54:04 AM,425.7,2861,1217927.7,486587217.84999955
2025-08-01 09:54:05 AM,425.8,0,0.0,486587217.84999955
2025-08-01 09:54:08 AM,426.0,0,0.0,486587217.84999955
2025-08-01 09:54:09 AM,426.0,3796,1617096.0,488204313.84999955
2025-08-01 09:54:11 AM,426.0,200,85200.0,488289513.84999955
2025-08-01 09:54:16 AM,425.95,122,51965.9,488341479.7499995
2025-08-01 09:54:17 AM,426.0,0,0.0,488341479.7499995
2025-08-01 09:54:20 AM,426.3,0,0.0,488341479.7499995
2025-08-01 09:54:22 AM,426.4,2363,1007583.2,489349062.9499995
2025-08-01 09:54:27 AM,426.2,0,0.0,489349062.9499995
2025-08-01 09:54:28 AM,426.15,962,409956.3,489759019.2499995
2025-08-01 09:54:33 AM,426.3,0,0.0,489759019.2499995
2025-08-01 09:54:33 AM,426.2,0,0.0,489759019.2499995
2025-08-01 09:54:34 AM,426.4,116,49462.399999999994,489808481.6499995
2025-08-01 09:54:36 AM,426.2,0,0.0,489808481.6499995
2025-08-01 09:54:36 AM,426.4,0,0.0,489808481.6499995
2025-08-01 09:54:41 AM,426.35,359,153059.65,489961541.2999995
2025-08-01 09:54:45 AM,426.2,0,0.0,489961541.2999995
2025-08-01 09:54:45 AM,426.25,0,0.0,489961541.2999995
2025-08-01 09:54:46 AM,426.25,5549,2365261.25,492326802.5499995
2025-08-01 09:54:52 AM,426.25,9,3836.25,492330638.7999995
2025-08-01 09:54:58 AM,426.25,68,28985.0,492359623.7999995
2025-08-01 09:55:00 AM,426.1,493,210067.30000000002,492569691.0999995
2025-08-01 09:55:01 AM,426.1,22,9374.2,492579065.2999995
2025-08-01 09:55:02 AM,426.1,10,4261.0,492583326.2999995
2025-08-01 09:55:03 AM,426.1,70,29827.0,492613153.2999995
2025-08-01 09:55:05 AM,426.15,1619,689936.85,493303090.1499995
2025-08-01 09:55:06 AM,426.05,195,83079.75,493386169.8999995
2025-08-01 09:55:06 AM,426.1,162,69028.2,493455198.0999995
2025-08-01 09:55:07 AM,426.1,142,60506.200000000004,493515704.2999995
2025-08-01 09:55:07 AM,426.2,0,0.0,493515704.2999995
2025-08-01 09:55:08 AM,426.2,123,52422.6,493568126.8999995
2025-08-01 09:55:09 AM,426.0,0,0.0,493568126.8999995
2025-08-01 09:55:10 AM,426.0,28,11928.0,493580054.8999995
2025-08-01 09:55:12 AM,426.0,185,78810.0,493658864.8999995
2025-08-01 09:55:13 AM,426.2,2,852.4,493659717.2999995
2025-08-01 09:55:15 AM,426.1,123,52410.3,493712127.5999995
2025-08-01 09:55:17 AM,426.15,0,0.0,493712127.5999995
2025-08-01 09:55:17 AM,426.15,68,28978.199999999997,493741105.7999995
2025-08-01 09:55:19 AM,426.15,7,2983.0499999999997,493744088.8499995
2025-08-01 09:55:20 AM,426.0,0,0.0,493744088.8499995
2025-08-01 09:55:20 AM,426.0,264,112464.0,493856552.8499995
2025-08-01 09:55:21 AM,425.85,0,0.0,493856552.8499995
2025-08-01 09:55:21 AM,425.85,35,14904.75,493871457.5999995
2025-08-01 09:55:21 AM,426.0,0,0.0,493871457.5999995
2025-08-01 09:55:22 AM,426.0,13,5538.0,493876995.5999995
2025-08-01 09:55:23 AM,425.85,0,0.0,493876995.5999995
2025-08-01 09:55:23 AM,425.95,7,2981.65,493879977.24999946
2025-08-01 09:55:26 AM,425.95,20,8519.0,493888496.24999946
2025-08-01 09:55:26 AM,426.0,8,3408.0,493891904.24999946
2025-08-01 09:55:27 AM,426.0,3,1278.0,493893182.24999946
2025-08-01 09:55:27 AM,425.95,0,0.0,493893182.24999946
2025-08-01 09:55:28 AM,425.95,88,37483.6,493930665.8499995
2025-08-01 09:55:29 AM,426.05,0,0.0,493930665.8499995
2025-08-01 09:55:30 AM,426.05,100,42605.0,493973270.8499995
2025-08-01 09:55:31 AM,426.05,100,42605.0,494015875.8499995
2025-08-01 09:55:32 AM,425.85,10,4258.5,494020134.3499995
2025-08-01 09:55:33 AM,426.05,0,0.0,494020134.3499995
2025-08-01 09:55:33 AM,426.05,40,17042.0,494037176.3499995
2025-08-01 09:55:36 AM,426.1,0,0.0,494037176.3499995
2025-08-01 09:55:36 AM,426.1,1450,617845.0,494655021.3499995
2025-08-01 09:55:37 AM,426.0,0,0.0,494655021.3499995
2025-08-01 09:55:37 AM,426.05,527,224528.35,494879549.6999995
2025-08-01 09:55:38 AM,426.05,2,852.1,494880401.79999954
2025-08-01 09:55:39 AM,425.85,0,0.0,494880401.79999954
2025-08-01 09:55:39 AM,425.85,26,11072.1,494891473.89999956
2025-08-01 09:55:40 AM,426.05,0,0.0,494891473.89999956
2025-08-01 09:55:40 AM,426.05,5,2130.25,494893604.14999956
2025-08-01 09:55:41 AM,426.05,11,4686.55,494898290.6999996
2025-08-01 09:55:42 AM,426.1,3,1278.3000000000002,494899568.9999996
2025-08-01 09:55:44 AM,426.1,53,22583.300000000003,494922152.2999996
2025-08-01 09:55:45 AM,426.7,66587,28412672.9,523334825.1999996
2025-08-01 09:55:46 AM,426.65,744,317427.6,523652252.7999996
2025-08-01 09:55:47 AM,426.8,300,128040.0,523780292.7999996
2025-08-01 09:55:48 AM,426.65,200,85330.0,523865622.7999996
2025-08-01 09:55:49 AM,426.65,5,2133.25,523867756.0499996
2025-08-01 09:55:49 AM,426.8,580,247544.0,524115300.0499996
2025-08-01 09:55:51 AM,426.85,0,0.0,524115300.0499996
2025-08-01 09:55:51 AM,426.85,1145,488743.25,524604043.2999996
2025-08-01 09:55:51 AM,426.95,2100,896595.0,525500638.2999996
2025-08-01 09:55:52 AM,426.9,76,32444.399999999998,525533082.6999996
2025-08-01 09:55:53 AM,426.9,19,8111.099999999999,525541193.7999996
2025-08-01 09:55:54 AM,427.0,0,0.0,525541193.7999996
2025-08-01 09:55:54 AM,427.0,218,93086.0,525634279.7999996
2025-08-01 09:55:54 AM,427.0,37,15799.0,525650078.7999996
2025-08-01 09:55:55 AM,426.9,65,27748.5,525677827.2999996
2025-08-01 09:55:56 AM,426.9,26,11099.4,525688926.6999996
2025-08-01 09:55:56 AM,426.9,11,4695.9,525693622.59999955
2025-08-01 09:55:57 AM,426.9,4,1707.6,525695330.1999996
2025-08-01 09:55:59 AM,426.7,0,0.0,525695330.1999996
2025-08-01 09:55:59 AM,426.9,127,54216.299999999996,525749546.4999996
2025-08-01 09:55:59 AM,426.9,1,426.9,525749973.39999956
2025-08-01 09:56:01 AM,426.7,0,0.0,525749973.39999956
2025-08-01 09:56:01 AM,426.85,200,85370.0,525835343.39999956
2025-08-01 09:56:02 AM,426.7,482,205669.4,526041012.79999954
2025-08-01 09:56:04 AM,426.7,4137,1765257.9,527806270.6999995
2025-08-01 09:56:06 AM,426.65,3,1279.9499999999998,527807550.6499995
2025-08-01 09:56:07 AM,426.5,0,0.0,527807550.6499995
2025-08-01 09:56:07 AM,426.5,622,265283.0,528072833.6499995
2025-08-01 09:56:07 AM,426.5,1,426.5,528073260.1499995
2025-08-01 09:56:08 AM,426.5,1,426.5,528073686.6499995
2025-08-01 09:56:09 AM,426.35,0,0.0,528073686.6499995
2025-08-01 09:56:09 AM,426.35,146,62247.100000000006,528135933.7499995
2025-08-01 09:56:10 AM,426.35,15,6395.25,528142328.9999995
2025-08-01 09:56:12 AM,426.4,62,26436.8,528168765.79999954
2025-08-01 09:56:13 AM,426.4,23,9807.199999999999,528178572.9999995
2025-08-01 09:56:14 AM,426.4,1,426.4,528178999.3999995
2025-08-01 09:56:17 AM,426.4,8,3411.2,528182410.5999995
2025-08-01 09:56:18 AM,426.35,131,55851.850000000006,528238262.4499995
2025-08-01 09:56:19 AM,426.35,1,426.35,528238688.79999954
2025-08-01 09:56:20 AM,426.35,150,63952.5,528302641.29999954
2025-08-01 09:56:21 AM,426.35,82,34960.700000000004,528337601.9999995
2025-08-01 09:56:23 AM,426.35,27,11511.45,528349113.4499995
2025-08-01 09:56:24 AM,426.35,25,10658.75,528359772.1999995
2025-08-01 09:56:26 AM,426.3,2153,917823.9,529277596.0999995
2025-08-01 09:56:27 AM,426.4,0,0.0,529277596.0999995
2025-08-01 09:56:27 AM,426.4,16,6822.4,529284418.49999946
2025-08-01 09:56:28 AM,426.4,30,12792.0,529297210.49999946
2025-08-01 09:56:29 AM,426.25,0,0.0,529297210.49999946
2025-08-01 09:56:29 AM,426.25,130,55412.5,529352622.99999946
2025-08-01 09:56:31 AM,426.4,0,0.0,529352622.99999946
2025-08-01 09:56:31 AM,426.25,264,112530.0,529465152.99999946
2025-08-01 09:56:31 AM,426.25,2,852.5,529466005.49999946
2025-08-01 09:56:33 AM,426.4,7,2984.7999999999997,529468990.2999995
2025-08-01 09:56:33 AM,426.25,7,2983.75,529471974.0499995
2025-08-01 09:56:34 AM,426.25,50,21312.5,529493286.5499995
2025-08-01 09:56:37 AM,426.25,708,301785.0,529795071.5499995
2025-08-01 09:56:39 AM,426.2,0,0.0,529795071.5499995
2025-08-01 09:56:39 AM,426.2,381,162382.19999999998,529957453.74999946
2025-08-01 09:56:41 AM,426.25,0,0.0,529957453.74999946
2025-08-01 09:56:41 AM,426.25,180,76725.0,530034178.74999946
2025-08-01 09:56:42 AM,426.3,0,0.0,530034178.74999946
2025-08-01 09:56:42 AM,426.3,3,1278.9,530035457.64999944
2025-08-01 09:56:42 AM,426.2,350,149170.0,530184627.64999944
2025-08-01 09:56:44 AM,426.15,1,426.15,530185053.7999994
2025-08-01 09:56:44 AM,426.2,1,426.2,530185479.9999994
2025-08-01 09:56:46 AM,426.05,0,0.0,530185479.9999994
2025-08-01 09:56:46 AM,426.05,3012,1283262.6,531468742.5999994
2025-08-01 09:56:50 AM,426.1,1,426.1,531469168.69999945
2025-08-01 09:56:51 AM,426.15,5,2130.75,531471299.44999945
2025-08-01 09:56:52 AM,426.25,0,0.0,531471299.44999945
2025-08-01 09:56:52 AM,426.25,100,42625.0,531513924.44999945
2025-08-01 09:56:53 AM,426.3,100,42630.0,531556554.44999945
2025-08-01 09:56:59 AM,426.05,176,74984.8,531631539.24999946
2025-08-01 09:57:01 AM,425.85,0,0.0,531631539.24999946
2025-08-01 09:57:04 AM,426.05,604,257334.2,531888873.44999945
2025-08-01 09:57:10 AM,426.05,513,218563.65,532107437.0999994
2025-08-01 09:57:16 AM,426.05,721,307182.05,532414619.14999944
2025-08-01 09:57:17 AM,426.05,10,4260.5,532418879.64999944
2025-08-01 09:57:21 AM,426.2,0,0.0,532418879.64999944
2025-08-01 09:57:21 AM,426.2,122,51996.4,532470876.0499994
2025-08-01 09:57:23 AM,426.2,102,43472.4,532514348.4499994
2025-08-01 09:57:25 AM,426.1,0,0.0,532514348.4499994
2025-08-01 09:57:27 AM,425.9,3252,1385026.7999999998,533899375.2499994
2025-08-01 09:57:29 AM,426.0,9,3834.0,533903209.2499994
2025-08-01 09:57:33 AM,425.85,0,0.0,533903209.2499994
2025-08-01 09:57:33 AM,425.85,126,53657.100000000006,533956866.3499994
2025-08-01 09:57:35 AM,425.9,2,851.8,533957718.14999944
2025-08-01 09:57:39 AM,425.9,547,232967.3,534190685.44999945
2025-08-01 09:57:41 AM,425.9,1,425.9,534191111.3499994
2025-08-01 09:57:45 AM,425.95,0,0.0,534191111.3499994
2025-08-01 09:57:45 AM,425.95,53,22575.35,534213686.69999945
2025-08-01 09:57:48 AM,426.0,110,46860.0,534260546.69999945
2025-08-01 09:57:51 AM,426.0,467,198942.0,534459488.69999945
2025-08-01 09:57:53 AM,426.1,0,0.0,534459488.69999945
2025-08-01 09:57:53 AM,426.25,0,0.0,534459488.69999945
2025-08-01 09:57:54 AM,426.25,23,9803.75,534469292.44999945
2025-08-01 09:57:57 AM,426.3,11,4689.3,534473981.74999946
2025-08-01 09:58:00 AM,426.1,188,80106.8,534554088.5499995
2025-08-01 09:58:00 AM,426.15,0,0.0,534554088.5499995
2025-08-01 09:58:01 AM,426.1,0,0.0,534554088.5499995
2025-08-01 09:58:03 AM,426.1,133,56671.3,534610759.8499995
2025-08-01 09:58:06 AM,426.0,93,39618.0,534650377.8499995
2025-08-01 09:58:12 AM,426.0,10,4260.0,534654637.8499995
2025-08-01 09:58:15 AM,426.0,3,1278.0,534655915.8499995
2025-08-01 09:58:18 AM,425.9,0,0.0,534655915.8499995
2025-08-01 09:58:18 AM,425.9,67,28535.3,534684451.1499995
2025-08-01 09:58:21 AM,426.0,5,2130.0,534686581.1499995
2025-08-01 09:58:27 AM,426.0,29,12354.0,534698935.1499995
2025-08-01 09:58:30 AM,426.0,5,2130.0,534701065.1499995
2025-08-01 09:58:33 AM,426.0,109,46434.0,534747499.1499995
2025-08-01 09:58:36 AM,425.9,53,22572.699999999997,534770071.8499995
2025-08-01 09:58:38 AM,425.75,0,0.0,534770071.8499995
2025-08-01 09:58:40 AM,425.9,1033,439954.69999999995,535210026.5499995
2025-08-01 09:58:42 AM,425.95,0,0.0,535210026.5499995
2025-08-01 09:58:42 AM,425.95,101,43020.95,535253047.49999946
2025-08-01 09:58:46 AM,426.0,0,0.0,535253047.49999946
2025-08-01 09:58:46 AM,426.0,171,72846.0,535325893.49999946
2025-08-01 09:58:49 AM,426.1,10,4261.0,535330154.49999946
2025-08-01 09:58:50 AM,425.85,0,0.0,535330154.49999946
2025-08-01 09:58:52 AM,425.9,12,5110.799999999999,535335265.2999995
2025-08-01 09:58:54 AM,425.95,0,0.0,535335265.2999995
2025-08-01 09:58:54 AM,425.95,307,130766.65,535466031.94999945
2025-08-01 09:58:58 AM,425.8,0,0.0,535466031.94999945
2025-08-01 09:58:58 AM,425.8,256,109004.8,535575036.74999946
2025-08-01 09:59:00 AM,425.8,102,43431.6,535618468.3499995
2025-08-01 09:59:03 AM,425.75,0,0.0,535618468.3499995
2025-08-01 09:59:03 AM,425.75,6,2554.5,535621022.8499995
2025-08-01 09:59:07 AM,425.6,0,0.0,535621022.8499995
2025-08-01 09:59:07 AM,425.75,105,44703.75,535665726.5999995
2025-08-01 09:59:07 AM,425.6,705,300048.0,535965774.5999995
2025-08-01 09:59:08 AM,425.65,100,42565.0,536008339.5999995
2025-08-01 09:59:09 AM,425.6,0,0.0,536008339.5999995
2025-08-01 09:59:09 AM,425.6,381,162153.6,536170493.1999995
2025-08-01 09:59:10 AM,425.7,19,8088.3,536178581.4999995
2025-08-01 09:59:14 AM,425.7,1,425.7,536179007.1999995
2025-08-01 09:59:17 AM,425.75,25,10643.75,536189650.9499995
2025-08-01 09:59:18 AM,425.7,300,127710.0,536317360.9499995
2025-08-01 09:59:19 AM,425.75,5,2128.75,536319489.6999995
2025-08-01 09:59:20 AM,425.75,100,42575.0,536362064.6999995
2025-08-01 09:59:21 AM,425.75,15,6386.25,536368450.9499995
2025-08-01 09:59:22 AM,425.7,325,138352.5,536506803.4499995
2025-08-01 09:59:22 AM,425.75,152,64714.0,536571517.4499995
2025-08-01 09:59:23 AM,425.95,50,21297.5,536592814.9499995
2025-08-01 09:59:24 AM,425.8,0,0.0,536592814.9499995
2025-08-01 09:59:24 AM,425.8,25,10645.0,536603459.9499995
2025-08-01 09:59:29 AM,426.0,1,426.0,536603885.9499995
2025-08-01 09:59:30 AM,425.85,0,0.0,536603885.9499995
2025-08-01 09:59:30 AM,425.85,40,17034.0,536620919.9499995
2025-08-01 09:59:30 AM,425.85,500,212925.0,536833844.9499995
2025-08-01 09:59:31 AM,426.0,0,0.0,536833844.9499995
2025-08-01 09:59:31 AM,426.0,1,426.0,536834270.9499995
2025-08-01 09:59:32 AM,426.0,1,426.0,536834696.9499995
2025-08-01 09:59:33 AM,425.95,5,2129.75,536836826.6999995
2025-08-01 09:59:36 AM,425.95,169,71985.55,536908812.2499995
2025-08-01 09:59:37 AM,425.85,50,21292.5,536930104.7499995
2025-08-01 09:59:38 AM,426.0,15,6390.0,536936494.7499995
2025-08-01 09:59:39 AM,426.0,49,20874.0,536957368.7499995
2025-08-01 09:59:43 AM,426.0,25,10650.0,536968018.7499995
2025-08-01 09:59:45 AM,426.0,12,5112.0,536973130.7499995
2025-08-01 09:59:46 AM,425.95,0,0.0,536973130.7499995
2025-08-01 09:59:46 AM,425.95,10,4259.5,536977390.2499995
2025-08-01 09:59:48 AM,425.95,502,213826.9,537191217.1499995
2025-08-01 09:59:49 AM,425.8,0,0.0,537191217.1499995
2025-08-01 09:59:49 AM,425.8,31,13199.800000000001,537204416.9499995
2025-08-01 09:59:50 AM,426.0,0,0.0,537204416.9499995
2025-08-01 09:59:50 AM,425.9,134,57070.6,537261487.5499995
2025-08-01 09:59:51 AM,425.9,2,851.8,537262339.3499994
2025-08-01 09:59:52 AM,425.85,1,425.85,537262765.1999995
2025-08-01 09:59:53 AM,425.85,1,425.85,537263191.0499995
2025-08-01 09:59:54 AM,425.85,3,1277.5500000000002,537264468.5999994
2025-08-01 09:59:55 AM,425.85,3,1277.5500000000002,537265746.1499994
2025-08-01 09:59:56 AM,426.0,0,0.0,537265746.1499994
2025-08-01 09:59:56 AM,425.85,0,0.0,537265746.1499994
2025-08-01 09:59:56 AM,425.85,154,65580.90000000001,537331327.0499994
2025-08-01 09:59:57 AM,425.85,3,1277.5500000000002,537332604.5999993
2025-08-01 09:59:57 AM,425.85,1,425.85,537333030.4499993
2025-08-01 09:59:58 AM,425.85,68,28957.800000000003,537361988.2499993
2025-08-01 09:59:59 AM,425.85,1173,499522.05000000005,537861510.2999992
2025-08-01 10:00:00 AM,425.6,26,11065.6,537872575.8999993
2025-08-01 10:00:02 AM,425.75,110,46832.5,537919408.3999993
2025-08-01 10:00:06 AM,425.7,0,0.0,537919408.3999993
2025-08-01 10:00:06 AM,425.7,55,23413.5,537942821.8999993
2025-08-01 10:00:09 AM,425.65,0,0.0,537942821.8999993
2025-08-01 10:00:09 AM,425.7,7,2979.9,537945801.7999992
2025-08-01 10:00:13 AM,425.65,28,11918.199999999999,537957719.9999993
2025-08-01 10:00:16 AM,425.65,60,25539.0,537983258.9999993
2025-08-01 10:00:19 AM,425.65,55,23410.75,538006669.7499993
2025-08-01 10:00:22 AM,425.65,92,39159.799999999996,538045829.5499992
2025-08-01 10:00:25 AM,425.65,14,5959.099999999999,538051788.6499993
2025-08-01 10:00:27 AM,425.7,0,0.0,538051788.6499993
2025-08-01 10:00:28 AM,425.6,271,115337.6,538167126.2499993
2025-08-01 10:00:31 AM,425.7,112,47678.4,538214804.6499993
2025-08-01 10:00:35 AM,425.7,67,28521.899999999998,538243326.5499992
2025-08-01 10:00:38 AM,425.7,147,62577.9,538305904.4499992
2025-08-01 10:00:41 AM,425.7,84,35758.799999999996,538341663.2499992
2025-08-01 10:00:44 AM,425.65,264,112371.59999999999,538454034.8499992
2025-08-01 10:00:47 AM,425.65,16,6810.4,538460845.2499992
2025-08-01 10:00:50 AM,425.7,177,75348.9,538536194.1499991
2025-08-01 10:00:54 AM,425.75,213,90684.75,538626878.8999991
2025-08-01 10:00:57 AM,425.75,55,23416.25,538650295.1499991
2025-08-01 10:01:00 AM,425.75,96,40872.0,538691167.1499991
2025-08-01 10:01:03 AM,425.75,14,5960.5,538697127.6499991
2025-08-01 10:01:06 AM,425.75,7,2980.25,538700107.8999991
2025-08-01 10:01:08 AM,425.9,0,0.0,538700107.8999991
2025-08-01 10:01:09 AM,425.85,1021,434792.85000000003,539134900.7499992
2025-08-01 10:01:13 AM,425.9,0,0.0,539134900.7499992
2025-08-01 10:01:13 AM,425.9,7,2981.2999999999997,539137882.0499991
2025-08-01 10:01:16 AM,425.95,436,185714.19999999998,539323596.2499992
2025-08-01 10:01:18 AM,426.1,0,0.0,539323596.2499992
2025-08-01 10:01:19 AM,426.1,1039,442717.9,539766314.1499991
2025-08-01 10:01:22 AM,426.0,0,0.0,539766314.1499991
2025-08-01 10:01:22 AM,426.05,2417,1029762.85,540796076.9999992
2025-08-01 10:01:25 AM,426.15,570,242905.5,541038982.4999992
2025-08-01 10:01:26 AM,426.4,0,0.0,541038982.4999992
2025-08-01 10:01:27 AM,426.45,0,0.0,541038982.4999992
2025-08-01 10:01:28 AM,426.45,1714,730935.2999999999,541769917.7999991
2025-08-01 10:01:30 AM,426.35,0,0.0,541769917.7999991
2025-08-01 10:01:31 AM,426.35,57,24301.95,541794219.7499992
2025-08-01 10:01:34 AM,426.45,8,3411.6,541797631.3499992
2025-08-01 10:01:35 AM,426.4,0,0.0,541797631.3499992
2025-08-01 10:01:37 AM,426.45,207,88275.15,541885906.4999992
2025-08-01 10:01:40 AM,426.45,5,2132.25,541888038.7499992
2025-08-01 10:01:44 AM,426.45,234,99789.3,541987828.0499991
2025-08-01 10:01:46 AM,426.6,32,13651.2,542001479.2499992
2025-08-01 10:01:47 AM,426.55,0,0.0,542001479.2499992
2025-08-01 10:01:48 AM,426.75,0,0.0,542001479.2499992
2025-08-01 10:01:50 AM,426.8,1264,539475.2000000001,542540954.4499992
2025-08-01 10:01:51 AM,426.65,0,0.0,542540954.4499992
2025-08-01 10:01:52 AM,426.8,0,0.0,542540954.4499992
2025-08-01 10:01:52 AM,426.8,59,25181.2,542566135.6499993
2025-08-01 10:01:55 AM,426.85,0,0.0,542566135.6499993
2025-08-01 10:01:56 AM,426.65,2216,945456.3999999999,543511592.0499992
2025-08-01 10:01:58 AM,426.65,467,199245.55,543710837.5999992
2025-08-01 10:02:00 AM,426.75,0,0.0,543710837.5999992
2025-08-01 10:02:01 AM,426.75,2115,902576.25,544613413.8499992
2025-08-01 10:02:02 AM,426.75,2,853.5,544614267.3499992
2025-08-01 10:02:02 AM,426.75,1,426.75,544614694.0999992
2025-08-01 10:02:03 AM,426.8,0,0.0,544614694.0999992
2025-08-01 10:02:03 AM,426.8,491,209558.80000000002,544824252.8999991
2025-08-01 10:02:03 AM,426.9,10,4269.0,544828521.8999991
2025-08-01 10:02:05 AM,426.8,0,0.0,544828521.8999991
2025-08-01 10:02:05 AM,426.9,0,0.0,544828521.8999991
2025-08-01 10:02:05 AM,426.9,327,139596.3,544968118.1999991
2025-08-01 10:02:06 AM,426.75,6,2560.5,544970678.6999991
2025-08-01 10:02:07 AM,426.9,0,0.0,544970678.6999991
2025-08-01 10:02:07 AM,426.9,12,5122.799999999999,544975801.499999
2025-08-01 10:02:08 AM,426.8,0,0.0,544975801.499999
2025-08-01 10:02:08 AM,426.8,405,172854.0,545148655.499999
2025-08-01 10:02:09 AM,426.75,0,0.0,545148655.499999
2025-08-01 10:02:09 AM,426.8,19,8109.2,545156764.6999991
2025-08-01 10:02:10 AM,426.9,0,0.0,545156764.6999991
2025-08-01 10:02:10 AM,426.9,739,315479.1,545472243.7999991
2025-08-01 10:02:11 AM,426.8,36,15364.800000000001,545487608.5999991
2025-08-01 10:02:14 AM,426.75,87,37127.25,545524735.8499991
2025-08-01 10:02:14 AM,426.8,3,1280.4,545526016.249999
2025-08-01 10:02:15 AM,426.7,45,19201.5,545545217.749999
2025-08-01 10:02:16 AM,426.8,0,0.0,545545217.749999
2025-08-01 10:02:16 AM,426.8,1,426.8,545545644.549999
2025-08-01 10:02:18 AM,426.85,50,21342.5,545566987.049999
2025-08-01 10:02:19 AM,426.7,0,0.0,545566987.049999
2025-08-01 10:02:19 AM,426.7,100,42670.0,545609657.049999
2025-08-01 10:02:20 AM,426.85,0,0.0,545609657.049999
2025-08-01 10:02:20 AM,426.9,0,0.0,545609657.049999
