date,price,qty,trnvr,cum_trnvr
2025-08-01 09:15:03 AM,1650.1,26,42902.6,42902.6
2025-08-01 09:16:07 AM,1653.9,3,4961.700000000001,47864.3
2025-08-01 09:17:37 AM,1659.2,5,8296.0,56160.3
2025-08-01 09:17:46 AM,1656.9,6,9941.400000000001,66101.70000000001
2025-08-01 09:20:04 AM,1660.4,48,79699.20000000001,145800.90000000002
2025-08-01 09:20:20 AM,1662.8,25,41570.0,187370.90000000002
2025-08-01 09:20:51 AM,1663.0,10,16630.0,204000.90000000002
2025-08-01 09:21:15 AM,1661.4,10,16614.0,220614.90000000002
2025-08-01 09:21:37 AM,1663.7,0,0.0,220614.90000000002
2025-08-01 09:21:38 AM,1663.7,128,212953.6,433568.5
2025-08-01 09:21:40 AM,1665.7,0,0.0,433568.5
2025-08-01 09:21:46 AM,1665.7,65,108270.5,541839.0
2025-08-01 09:21:54 AM,1666.0,12,19992.0,561831.0
2025-08-01 09:21:59 AM,1666.4,0,0.0,561831.0
2025-08-01 09:22:01 AM,1666.4,9,14997.6,576828.6
2025-08-01 09:22:02 AM,1667.4,16,26678.4,603507.0
2025-08-01 09:22:03 AM,1666.3,0,0.0,603507.0
2025-08-01 09:22:08 AM,1666.3,10,16663.0,620170.0
2025-08-01 09:23:01 AM,1665.6,0,0.0,620170.0
2025-08-01 09:23:02 AM,1665.6,49,81614.4,701784.4
2025-08-01 09:28:29 AM,1664.2,1,1664.2,703448.6
2025-08-01 09:32:11 AM,1662.0,0,0.0,703448.6
2025-08-01 09:32:17 AM,1662.0,5,8310.0,711758.6
2025-08-01 09:32:42 AM,1661.5,0,0.0,711758.6
2025-08-01 09:32:44 AM,1661.5,1,1661.5,713420.1
2025-08-01 09:34:11 AM,1661.1,0,0.0,713420.1
2025-08-01 09:34:15 AM,1661.1,25,41527.5,754947.6
2025-08-01 09:40:52 AM,1661.3,25,41532.5,796480.1
2025-08-01 09:41:57 AM,1664.3,0,0.0,796480.1
2025-08-01 09:41:58 AM,1664.3,1,1664.3,798144.4
2025-08-01 09:42:57 AM,1661.9,1,1661.9,799806.3
2025-08-01 09:43:50 AM,1663.6,3,4990.799999999999,804797.1000000001
2025-08-01 09:46:06 AM,1660.3,0,0.0,804797.1000000001
2025-08-01 09:46:07 AM,1660.3,10,16603.0,821400.1000000001
2025-08-01 09:48:02 AM,1660.9,10,16609.0,838009.1000000001
2025-08-01 09:48:21 AM,1663.0,5,8315.0,846324.1000000001
2025-08-01 09:48:30 AM,1664.3,25,41607.5,887931.6000000001
2025-08-01 09:48:43 AM,1667.1,0,0.0,887931.6000000001
2025-08-01 09:48:43 AM,1667.1,6,10002.599999999999,897934.2000000001
2025-08-01 09:49:40 AM,1667.0,0,0.0,897934.2000000001
2025-08-01 09:49:40 AM,1667.0,10,16670.0,914604.2000000001
2025-08-01 09:49:49 AM,1666.0,82,136612.0,1051216.2000000002
2025-08-01 09:51:08 AM,1667.3,9,15005.699999999999,1066221.9000000001
2025-08-01 09:51:32 AM,1666.0,0,0.0,1066221.9000000001
2025-08-01 09:51:33 AM,1666.0,7,11662.0,1077883.9000000001
2025-08-01 09:52:04 AM,1666.3,5,8331.5,1086215.4000000001
2025-08-01 09:55:38 AM,1663.9,0,0.0,1086215.4000000001
2025-08-01 09:55:41 AM,1663.9,20,33278.0,1119493.4000000001
2025-08-01 09:58:14 AM,1663.1,1,1663.1,1121156.5000000002
2025-08-01 09:59:31 AM,1660.3,6,9961.8,1131118.3000000003
2025-08-01 09:59:44 AM,1660.5,0,0.0,1131118.3000000003
2025-08-01 09:59:46 AM,1660.5,1,1660.5,1132778.8000000003
2025-08-01 09:59:48 AM,1660.0,0,0.0,1132778.8000000003
2025-08-01 09:59:49 AM,1660.0,15,24900.0,1157678.8000000003
2025-08-01 09:59:56 AM,1655.1,0,0.0,1157678.8000000003
2025-08-01 09:59:58 AM,1655.1,116,191991.59999999998,1349670.4000000004
2025-08-01 10:00:04 AM,1655.0,0,0.0,1349670.4000000004
2025-08-01 10:00:04 AM,1655.0,60,99300.0,1448970.4000000004
2025-08-01 10:00:27 AM,1655.1,5,8275.5,1457245.9000000004
2025-08-01 10:00:39 AM,1655.2,0,0.0,1457245.9000000004
2025-08-01 10:00:39 AM,1655.2,3,4965.6,1462211.5000000005
2025-08-01 10:01:11 AM,1657.3,2,3314.6,1465526.1000000006
2025-08-01 10:01:41 AM,1656.3,10,16563.0,1482089.1000000006
2025-08-01 10:02:33 AM,1657.2,0,0.0,1482089.1000000006
2025-08-01 10:02:35 AM,1657.2,21,34801.200000000004,1516890.3000000005
2025-08-01 10:02:56 AM,1661.8,45,74781.0,1591671.3000000005
2025-08-01 10:03:50 AM,1662.1,0,0.0,1591671.3000000005
2025-08-01 10:03:52 AM,1662.1,5,8310.5,1599981.8000000005
2025-08-01 10:06:07 AM,1662.9,1,1662.9,1601644.7000000004
2025-08-01 10:06:49 AM,1662.1,6,9972.599999999999,1611617.3000000005
2025-08-01 10:07:59 AM,1661.0,0,0.0,1611617.3000000005
2025-08-01 10:07:59 AM,1661.0,9,14949.0,1626566.3000000005
2025-08-01 10:08:03 AM,1661.9,1,1661.9,1628228.2000000004
2025-08-01 10:09:27 AM,1661.2,0,0.0,1628228.2000000004
2025-08-01 10:09:28 AM,1661.2,9,14950.800000000001,1643179.0000000005
2025-08-01 10:13:00 AM,1663.8,0,0.0,1643179.0000000005
2025-08-01 10:13:03 AM,1663.8,4,6655.2,1649834.2000000004
2025-08-01 10:13:33 AM,1661.2,0,0.0,1649834.2000000004
2025-08-01 10:13:33 AM,1661.2,51,84721.2,1734555.4000000004
2025-08-01 10:14:14 AM,1661.2,5,8306.0,1742861.4000000004
2025-08-01 10:14:57 AM,1663.5,0,0.0,1742861.4000000004
2025-08-01 10:15:00 AM,1663.5,1,1663.5,1744524.9000000004
2025-08-01 10:15:04 AM,1661.6,0,0.0,1744524.9000000004
2025-08-01 10:15:06 AM,1661.6,15,24924.0,1769448.9000000004
2025-08-01 10:15:24 AM,1663.5,10,16635.0,1786083.9000000004
2025-08-01 10:17:08 AM,1663.3,0,0.0,1786083.9000000004
2025-08-01 10:17:08 AM,1663.3,1,1663.3,1787747.2000000004
2025-08-01 10:19:27 AM,1663.1,2,3326.2,1791073.4000000004
2025-08-01 10:21:48 AM,1663.9,0,0.0,1791073.4000000004
2025-08-01 10:21:49 AM,1663.9,6,9983.400000000001,1801056.8000000003
2025-08-01 10:21:55 AM,1663.9,10,16639.0,1817695.8000000003
2025-08-01 10:31:22 AM,1662.0,0,0.0,1817695.8000000003
2025-08-01 10:31:24 AM,1662.0,5,8310.0,1826005.8000000003
2025-08-01 10:37:22 AM,1663.4,0,0.0,1826005.8000000003
2025-08-01 10:37:24 AM,1663.4,1,1663.4,1827669.2000000002
2025-08-01 10:41:32 AM,1665.0,0,0.0,1827669.2000000002
2025-08-01 10:41:33 AM,1665.0,156,259740.0,2087409.2000000002
2025-08-01 10:42:11 AM,1665.0,2,3330.0,2090739.2000000002
2025-08-01 10:43:13 AM,1666.2,0,0.0,2090739.2000000002
2025-08-01 10:43:14 AM,1666.2,50,83310.0,2174049.2
2025-08-01 10:46:06 AM,1666.1,1,1666.1,2175715.3000000003
2025-08-01 10:47:46 AM,1666.3,261,434904.3,2610619.6
2025-08-01 10:47:56 AM,1667.0,0,0.0,2610619.6
2025-08-01 10:47:57 AM,1667.0,20,33340.0,2643959.6
2025-08-01 10:49:33 AM,1664.5,45,74902.5,2718862.1
2025-08-01 10:50:04 AM,1664.5,7,11651.5,2730513.6
2025-08-01 10:54:25 AM,1664.5,10,16645.0,2747158.6
2025-08-01 10:55:23 AM,1664.5,5,8322.5,2755481.1
2025-08-01 10:57:20 AM,1664.5,2,3329.0,2758810.1
2025-08-01 10:58:18 AM,1664.5,1,1664.5,2760474.6
2025-08-01 10:59:36 AM,1663.5,0,0.0,2760474.6
2025-08-01 10:59:38 AM,1663.5,13,21625.5,2782100.1
2025-08-01 10:59:48 AM,1664.5,0,0.0,2782100.1
2025-08-01 10:59:49 AM,1664.5,5,8322.5,2790422.6
2025-08-01 11:00:00 AM,1664.5,112,186424.0,2976846.6
2025-08-01 11:01:21 AM,1662.1,0,0.0,2976846.6
2025-08-01 11:01:22 AM,1662.1,47,78118.7,3054965.3000000003
2025-08-01 11:01:42 AM,1662.1,15,24931.5,3079896.8000000003
2025-08-01 11:02:59 AM,1664.5,0,0.0,3079896.8000000003
2025-08-01 11:03:02 AM,1664.5,3,4993.5,3084890.3000000003
2025-08-01 11:04:45 AM,1665.4,0,0.0,3084890.3000000003
2025-08-01 11:04:46 AM,1665.4,24,39969.600000000006,3124859.9000000004
2025-08-01 11:09:18 AM,1663.6,0,0.0,3124859.9000000004
2025-08-01 11:09:19 AM,1663.6,10,16636.0,3141495.9000000004
2025-08-01 11:14:01 AM,1664.9,2,3329.8,3144825.7
2025-08-01 11:14:21 AM,1665.6,0,0.0,3144825.7
2025-08-01 11:14:21 AM,1665.6,25,41640.0,3186465.7
2025-08-01 11:15:31 AM,1666.0,0,0.0,3186465.7
2025-08-01 11:15:31 AM,1666.0,1,1666.0,3188131.7
2025-08-01 11:16:18 AM,1663.3,5,8316.5,3196448.2
2025-08-01 11:18:10 AM,1665.4,2,3330.8,3199779.0
2025-08-01 11:21:34 AM,1665.5,0,0.0,3199779.0
2025-08-01 11:21:36 AM,1665.5,4,6662.0,3206441.0
2025-08-01 11:22:22 AM,1665.5,13,21651.5,3228092.5
2025-08-01 11:23:21 AM,1665.5,7,11658.5,3239751.0
2025-08-01 11:24:06 AM,1665.5,205,341427.5,3581178.5
2025-08-01 11:24:58 AM,1662.1,0,0.0,3581178.5
2025-08-01 11:24:59 AM,1662.1,50,83105.0,3664283.5
2025-08-01 11:27:49 AM,1662.7,10,16627.0,3680910.5
2025-08-01 11:29:30 AM,1665.1,50,83255.0,3764165.5
2025-08-01 11:29:34 AM,1665.7,0,0.0,3764165.5
2025-08-01 11:29:35 AM,1665.7,1,1665.7,3765831.2
2025-08-01 11:33:25 AM,1665.4,0,0.0,3765831.2
2025-08-01 11:33:26 AM,1665.4,22,36638.8,3802470.0
2025-08-01 11:33:56 AM,1666.4,0,0.0,3802470.0
2025-08-01 11:33:57 AM,1666.4,10,16664.0,3819134.0
2025-08-01 11:36:59 AM,1666.6,0,0.0,3819134.0
2025-08-01 11:36:59 AM,1666.6,10,16666.0,3835800.0
2025-08-01 11:37:28 AM,1666.8,0,0.0,3835800.0
2025-08-01 11:37:31 AM,1666.8,22,36669.6,3872469.6
2025-08-01 11:38:43 AM,1664.6,5,8323.0,3880792.6
2025-08-01 11:39:15 AM,1667.3,0,0.0,3880792.6
2025-08-01 11:39:17 AM,1667.3,50,83365.0,3964157.6
2025-08-01 11:39:36 AM,1667.5,0,0.0,3964157.6
2025-08-01 11:39:38 AM,1667.5,50,83375.0,4047532.6
2025-08-01 11:40:55 AM,1666.9,1,1666.9,4049199.5
2025-08-01 11:42:21 AM,1668.0,0,0.0,4049199.5
2025-08-01 11:42:21 AM,1668.0,1,1668.0,4050867.5
2025-08-01 11:43:03 AM,1666.1,26,43318.6,4094186.1
2025-08-01 11:45:22 AM,1664.5,0,0.0,4094186.1
2025-08-01 11:45:25 AM,1664.5,1,1664.5,4095850.6
2025-08-01 11:48:58 AM,1664.3,0,0.0,4095850.6
2025-08-01 11:49:02 AM,1664.5,0,0.0,4095850.6
2025-08-01 11:49:02 AM,1664.5,29,48270.5,4144121.1
2025-08-01 11:49:11 AM,1664.2,0,0.0,4144121.1
2025-08-01 11:49:13 AM,1664.2,17,28291.4,4172412.5
2025-08-01 11:50:34 AM,1666.4,0,0.0,4172412.5
2025-08-01 11:50:36 AM,1666.4,10,16664.0,4189076.5
2025-08-01 11:51:57 AM,1667.4,0,0.0,4189076.5
2025-08-01 11:52:00 AM,1667.4,50,83370.0,4272446.5
2025-08-01 11:52:38 AM,1667.7,0,0.0,4272446.5
2025-08-01 11:52:40 AM,1667.7,22,36689.4,4309135.9
2025-08-01 11:58:25 AM,1665.0,0,0.0,4309135.9
2025-08-01 11:58:26 AM,1665.0,10,16650.0,4325785.9
2025-08-01 11:58:37 AM,1667.3,0,0.0,4325785.9
2025-08-01 11:58:38 AM,1667.3,1,1667.3,4327453.2
2025-08-01 12:06:06 PM,1668.0,0,0.0,4327453.2
2025-08-01 12:06:09 PM,1668.0,16,26688.0,4354141.2
2025-08-01 12:06:20 PM,1666.0,0,0.0,4354141.2
2025-08-01 12:06:23 PM,1666.0,50,83300.0,4437441.2
2025-08-01 12:06:34 PM,1668.4,0,0.0,4437441.2
2025-08-01 12:06:37 PM,1668.4,30,50052.0,4487493.2
2025-08-01 12:06:40 PM,1669.9,0,0.0,4487493.2
2025-08-01 12:06:42 PM,1669.9,36,60116.4,4547609.600000001
2025-08-01 12:06:48 PM,1670.0,61,101870.0,4649479.600000001
2025-08-01 12:07:16 PM,1671.0,0,0.0,4649479.600000001
2025-08-01 12:07:18 PM,1671.0,11,18381.0,4667860.600000001
2025-08-01 12:09:03 PM,1671.0,1,1671.0,4669531.600000001
2025-08-01 12:09:54 PM,1672.0,0,0.0,4669531.600000001
2025-08-01 12:09:57 PM,1672.0,242,404624.0,5074155.600000001
2025-08-01 12:10:36 PM,1672.5,0,0.0,5074155.600000001
2025-08-01 12:10:38 PM,1672.5,1,1672.5,5075828.100000001
2025-08-01 12:13:36 PM,1671.6,0,0.0,5075828.100000001
2025-08-01 12:13:37 PM,1671.6,5,8358.0,5084186.100000001
2025-08-01 12:15:28 PM,1674.0,100,167400.0,5251586.100000001
2025-08-01 12:15:38 PM,1675.3,194,325008.2,5576594.300000001
2025-08-01 12:17:18 PM,1675.7,0,0.0,5576594.300000001
2025-08-01 12:17:22 PM,1675.7,20,33514.0,5610108.300000001
2025-08-01 12:17:26 PM,1677.5,0,0.0,5610108.300000001
2025-08-01 12:17:26 PM,1677.5,10,16775.0,5626883.300000001
2025-08-01 12:19:05 PM,1675.3,15,25129.5,5652012.800000001
2025-08-01 12:19:40 PM,1677.2,1,1677.2,5653690.000000001
2025-08-01 12:20:18 PM,1675.0,0,0.0,5653690.000000001
2025-08-01 12:20:21 PM,1675.0,10,16750.0,5670440.000000001
2025-08-01 12:21:11 PM,1673.7,0,0.0,5670440.000000001
2025-08-01 12:21:12 PM,1673.7,4,6694.8,5677134.800000001
2025-08-01 12:22:21 PM,1673.5,0,0.0,5677134.800000001
2025-08-01 12:22:22 PM,1673.5,1,1673.5,5678808.300000001
2025-08-01 12:23:55 PM,1673.2,0,0.0,5678808.300000001
2025-08-01 12:23:56 PM,1673.2,2,3346.4,5682154.700000001
2025-08-01 12:24:08 PM,1672.6,0,0.0,5682154.700000001
2025-08-01 12:24:12 PM,1672.6,29,48505.399999999994,5730660.1000000015
2025-08-01 12:25:35 PM,1675.2,0,0.0,5730660.1000000015
2025-08-01 12:25:36 PM,1675.2,50,83760.0,5814420.1000000015
2025-08-01 12:26:28 PM,1675.4,0,0.0,5814420.1000000015
2025-08-01 12:26:32 PM,1675.4,20,33508.0,5847928.1000000015
2025-08-01 12:34:10 PM,1674.7,0,0.0,5847928.1000000015
2025-08-01 12:34:12 PM,1674.7,10,16747.0,5864675.1000000015
2025-08-01 12:34:36 PM,1672.5,0,0.0,5864675.1000000015
2025-08-01 12:34:38 PM,1672.5,1,1672.5,5866347.6000000015
2025-08-01 12:35:22 PM,1674.9,0,0.0,5866347.6000000015
2025-08-01 12:35:23 PM,1674.9,3,5024.700000000001,5871372.300000002
2025-08-01 12:38:44 PM,1672.1,0,0.0,5871372.300000002
2025-08-01 12:38:46 PM,1672.1,25,41802.5,5913174.800000002
2025-08-01 12:42:15 PM,1676.0,132,221232.0,6134406.800000002
2025-08-01 12:47:13 PM,1674.8,30,50244.0,6184650.800000002
2025-08-01 12:48:21 PM,1673.7,0,0.0,6184650.800000002
2025-08-01 12:48:23 PM,1673.7,1,1673.7,6186324.500000002
2025-08-01 12:49:48 PM,1673.5,10,16735.0,6203059.500000002
2025-08-01 12:50:34 PM,1675.0,0,0.0,6203059.500000002
2025-08-01 12:50:35 PM,1675.0,67,112225.0,6315284.500000002
2025-08-01 12:50:36 PM,1673.2,0,0.0,6315284.500000002
2025-08-01 12:50:39 PM,1673.2,85,142222.0,6457506.500000002
2025-08-01 12:52:20 PM,1675.4,2,3350.8,6460857.300000002
2025-08-01 12:54:14 PM,1672.2,0,0.0,6460857.300000002
2025-08-01 12:54:15 PM,1672.2,25,41805.0,6502662.300000002
2025-08-01 12:54:40 PM,1675.0,50,83750.0,6586412.300000002
2025-08-01 12:56:43 PM,1672.9,1,1672.9,6588085.200000002
2025-08-01 12:57:20 PM,1669.5,0,0.0,6588085.200000002
2025-08-01 12:57:22 PM,1669.5,15,25042.5,6613127.700000002
2025-08-01 12:57:27 PM,1669.0,96,160224.0,6773351.700000002
2025-08-01 12:57:32 PM,1669.0,100,166900.0,6940251.700000002
2025-08-01 12:58:13 PM,1673.4,168,281131.2,7221382.900000002
2025-08-01 12:58:18 PM,1674.5,10,16745.0,7238127.900000002
2025-08-01 12:58:28 PM,1673.0,0,0.0,7238127.900000002
2025-08-01 12:58:28 PM,1673.0,5,8365.0,7246492.900000002
2025-08-01 01:02:07 PM,1673.7,0,0.0,7246492.900000002
2025-08-01 01:02:08 PM,1673.7,1,1673.7,7248166.600000002
2025-08-01 01:03:15 PM,1673.3,0,0.0,7248166.600000002
2025-08-01 01:03:19 PM,1673.3,27,45179.1,7293345.700000002
2025-08-01 01:03:24 PM,1675.0,1,1675.0,7295020.700000002
2025-08-01 01:06:50 PM,1674.0,5,8370.0,7303390.700000002
2025-08-01 01:07:00 PM,1674.0,20,33480.0,7336870.700000002
2025-08-01 01:07:21 PM,1674.0,14,23436.0,7360306.700000002
2025-08-01 01:07:28 PM,1674.4,0,0.0,7360306.700000002
2025-08-01 01:07:30 PM,1674.4,25,41860.0,7402166.700000002
2025-08-01 01:07:42 PM,1676.9,0,0.0,7402166.700000002
2025-08-01 01:07:42 PM,1676.9,107,179428.30000000002,7581595.000000002
2025-08-01 01:07:51 PM,1676.6,10,16766.0,7598361.000000002
2025-08-01 01:08:01 PM,1676.6,1,1676.6,7600037.6000000015
2025-08-01 01:08:16 PM,1676.3,0,0.0,7600037.6000000015
2025-08-01 01:08:16 PM,1676.3,2,3352.6,7603390.200000001
2025-08-01 01:09:49 PM,1676.3,1,1676.3,7605066.500000001
2025-08-01 01:09:55 PM,1676.2,0,0.0,7605066.500000001
2025-08-01 01:09:56 PM,1676.2,1,1676.2,7606742.700000001
2025-08-01 01:10:56 PM,1677.6,0,0.0,7606742.700000001
2025-08-01 01:10:57 PM,1677.6,20,33552.0,7640294.700000001
2025-08-01 01:11:12 PM,1674.2,18,30135.600000000002,7670430.300000001
2025-08-01 01:11:45 PM,1674.4,0,0.0,7670430.300000001
2025-08-01 01:11:47 PM,1674.4,1,1674.4,7672104.700000001
2025-08-01 01:12:20 PM,1677.4,0,0.0,7672104.700000001
2025-08-01 01:12:22 PM,1677.4,10,16774.0,7688878.700000001
2025-08-01 01:16:22 PM,1677.5,0,0.0,7688878.700000001
2025-08-01 01:16:24 PM,1677.5,5,8387.5,7697266.200000001
2025-08-01 01:16:38 PM,1675.0,0,0.0,7697266.200000001
2025-08-01 01:16:38 PM,1675.0,10,16750.0,7714016.200000001
2025-08-01 01:16:42 PM,1674.4,0,0.0,7714016.200000001
2025-08-01 01:16:43 PM,1674.4,31,51906.4,7765922.6000000015
2025-08-01 01:17:32 PM,1677.3,0,0.0,7765922.6000000015
2025-08-01 01:17:33 PM,1677.3,5,8386.5,7774309.1000000015
2025-08-01 01:18:21 PM,1675.0,47,78725.0,7853034.1000000015
2025-08-01 01:24:52 PM,1669.1,0,0.0,7853034.1000000015
2025-08-01 01:24:53 PM,1669.1,100,166910.0,8019944.1000000015
2025-08-01 01:27:25 PM,1672.8,0,0.0,8019944.1000000015
2025-08-01 01:27:26 PM,1672.8,10,16728.0,8036672.1000000015
2025-08-01 01:28:06 PM,1672.4,0,0.0,8036672.1000000015
2025-08-01 01:28:09 PM,1672.4,1,1672.4,8038344.500000002
2025-08-01 01:31:27 PM,1676.0,0,0.0,8038344.500000002
2025-08-01 01:31:29 PM,1676.0,155,259780.0,8298124.500000002
2025-08-01 01:31:32 PM,1675.5,0,0.0,8298124.500000002
2025-08-01 01:31:34 PM,1675.5,38,63669.0,8361793.500000002
2025-08-01 01:31:40 PM,1675.3,0,0.0,8361793.500000002
2025-08-01 01:31:44 PM,1675.3,20,33506.0,8395299.500000002
2025-08-01 01:38:28 PM,1674.9,0,0.0,8395299.500000002
2025-08-01 01:38:30 PM,1674.9,100,167490.0,8562789.500000002
2025-08-01 01:42:22 PM,1671.8,0,0.0,8562789.500000002
2025-08-01 01:42:23 PM,1671.8,5,8359.0,8571148.500000002
2025-08-01 01:43:40 PM,1672.4,0,0.0,8571148.500000002
2025-08-01 01:43:41 PM,1672.4,15,25086.0,8596234.500000002
2025-08-01 01:43:50 PM,1671.4,0,0.0,8596234.500000002
2025-08-01 01:43:50 PM,1671.4,5,8357.0,8604591.500000002
2025-08-01 01:44:24 PM,1671.7,0,0.0,8604591.500000002
2025-08-01 01:44:27 PM,1671.7,50,83585.0,8688176.500000002
2025-08-01 01:44:32 PM,1671.9,1,1671.9,8689848.400000002
2025-08-01 01:44:54 PM,1671.0,0,0.0,8689848.400000002
2025-08-01 01:44:57 PM,1671.0,16,26736.0,8716584.400000002
2025-08-01 01:45:58 PM,1671.6,0,0.0,8716584.400000002
2025-08-01 01:46:01 PM,1671.6,1,1671.6,8718256.000000002
2025-08-01 01:46:23 PM,1671.0,0,0.0,8718256.000000002
2025-08-01 01:46:26 PM,1671.0,20,33420.0,8751676.000000002
2025-08-01 01:50:42 PM,1670.0,4,6680.0,8758356.000000002
2025-08-01 01:50:52 PM,1675.0,0,0.0,8758356.000000002
2025-08-01 01:50:53 PM,1675.0,270,452250.0,9210606.000000002
2025-08-01 01:51:02 PM,1675.1,0,0.0,9210606.000000002
2025-08-01 01:51:02 PM,1675.1,122,204362.19999999998,9414968.200000001
2025-08-01 01:51:40 PM,1670.5,0,0.0,9414968.200000001
2025-08-01 01:51:41 PM,1670.5,5,8352.5,9423320.700000001
2025-08-01 01:55:37 PM,1670.9,0,0.0,9423320.700000001
2025-08-01 01:55:38 PM,1670.9,10,16709.0,9440029.700000001
2025-08-01 01:58:16 PM,1670.9,5,8354.5,9448384.200000001
2025-08-01 01:58:24 PM,1673.1,0,0.0,9448384.200000001
2025-08-01 01:58:25 PM,1673.1,20,33462.0,9481846.200000001
2025-08-01 01:58:34 PM,1673.5,0,0.0,9481846.200000001
2025-08-01 01:58:35 PM,1673.5,10,16735.0,9498581.200000001
2025-08-01 01:58:56 PM,1671.0,4,6684.0,9505265.200000001
2025-08-01 01:58:56 PM,1669.3,10,16693.0,9521958.200000001
2025-08-01 02:09:49 PM,1669.3,21,35055.299999999996,9557013.500000002
2025-08-01 02:11:16 PM,1669.3,5,8346.5,9565360.000000002
2025-08-01 02:11:44 PM,1672.4,0,0.0,9565360.000000002
2025-08-01 02:11:47 PM,1672.4,2,3344.8,9568704.800000003
2025-08-01 02:16:23 PM,1675.0,250,418750.0,9987454.800000003
2025-08-01 02:16:29 PM,1670.1,30,50103.0,10037557.800000003
2025-08-01 02:16:45 PM,1675.1,39,65328.899999999994,10102886.700000003
2025-08-01 02:16:46 PM,1676.0,0,0.0,10102886.700000003
2025-08-01 02:16:48 PM,1676.0,1,1676.0,10104562.700000003
2025-08-01 02:16:59 PM,1675.3,12,20103.6,10124666.300000003
2025-08-01 02:17:23 PM,1674.7,3,5024.1,10129690.400000002
2025-08-01 02:21:20 PM,1674.7,62,103831.40000000001,10233521.800000003
2025-08-01 02:23:39 PM,1674.7,5,8373.5,10241895.300000003
2025-08-01 02:24:21 PM,1676.0,11,18436.0,10260331.300000003
2025-08-01 02:25:30 PM,1674.7,0,0.0,10260331.300000003
2025-08-01 02:25:30 PM,1674.7,12,20096.4,10280427.700000003
2025-08-01 02:25:43 PM,1674.0,0,0.0,10280427.700000003
2025-08-01 02:25:46 PM,1674.0,3,5022.0,10285449.700000003
2025-08-01 02:27:52 PM,1673.4,0,0.0,10285449.700000003
2025-08-01 02:27:54 PM,1673.4,4,6693.6,10292143.300000003
2025-08-01 02:28:52 PM,1673.5,0,0.0,10292143.300000003
2025-08-01 02:28:54 PM,1673.5,2,3347.0,10295490.300000003
2025-08-01 02:29:18 PM,1673.4,8,13387.2,10308877.500000002
2025-08-01 02:36:52 PM,1673.4,2,3346.8,10312224.300000003
2025-08-01 02:38:22 PM,1673.4,41,68609.40000000001,10380833.700000003
2025-08-01 02:39:08 PM,1671.2,0,0.0,10380833.700000003
2025-08-01 02:39:08 PM,1671.2,10,16712.0,10397545.700000003
2025-08-01 02:40:44 PM,1672.5,1,1672.5,10399218.200000003
2025-08-01 02:41:59 PM,1672.5,3,5017.5,10404235.700000003
2025-08-01 02:42:26 PM,1670.0,100,167000.0,10571235.700000003
2025-08-01 02:43:46 PM,1670.0,7,11690.0,10582925.700000003
2025-08-01 02:46:49 PM,1671.9,0,0.0,10582925.700000003
2025-08-01 02:46:50 PM,1671.9,10,16719.0,10599644.700000003
2025-08-01 02:47:01 PM,1675.0,0,0.0,10599644.700000003
2025-08-01 02:47:01 PM,1675.0,107,179225.0,10778869.700000003
2025-08-01 02:47:07 PM,1674.7,0,0.0,10778869.700000003
2025-08-01 02:47:07 PM,1674.7,5,8373.5,10787243.200000003
2025-08-01 02:48:42 PM,1671.5,0,0.0,10787243.200000003
2025-08-01 02:48:44 PM,1671.5,10,16715.0,10803958.200000003
2025-08-01 02:51:23 PM,1674.9,0,0.0,10803958.200000003
2025-08-01 02:51:23 PM,1674.9,20,33498.0,10837456.200000003
2025-08-01 02:51:55 PM,1674.9,13,21773.7,10859229.900000002
2025-08-01 02:52:11 PM,1670.1,0,0.0,10859229.900000002
2025-08-01 02:52:11 PM,1670.1,80,133608.0,10992837.900000002
2025-08-01 02:52:32 PM,1673.4,0,0.0,10992837.900000002
2025-08-01 02:52:33 PM,1673.4,10,16734.0,11009571.900000002
2025-08-01 02:54:54 PM,1671.8,0,0.0,11009571.900000002
2025-08-01 02:54:54 PM,1671.8,5,8359.0,11017930.900000002
2025-08-01 02:56:19 PM,1674.4,0,0.0,11017930.900000002
2025-08-01 02:56:21 PM,1674.4,4,6697.6,11024628.500000002
2025-08-01 02:56:51 PM,1675.6,0,0.0,11024628.500000002
2025-08-01 02:56:54 PM,1675.6,25,41890.0,11066518.500000002
2025-08-01 02:58:23 PM,1675.1,5,8375.5,11074894.000000002
2025-08-01 02:58:50 PM,1670.0,0,0.0,11074894.000000002
2025-08-01 02:58:51 PM,1670.0,100,167000.0,11241894.000000002
2025-08-01 03:00:10 PM,1674.5,0,0.0,11241894.000000002
2025-08-01 03:00:11 PM,1674.5,50,83725.0,11325619.000000002
2025-08-01 03:01:11 PM,1673.5,1,1673.5,11327292.500000002
2025-08-01 03:01:35 PM,1673.6,10,16736.0,11344028.500000002
2025-08-01 03:02:02 PM,1673.6,12,20083.199999999997,11364111.700000001
2025-08-01 03:02:23 PM,1669.8,50,83490.0,11447601.700000001
2025-08-01 03:02:27 PM,1670.0,6,10020.0,11457621.700000001
2025-08-01 03:02:43 PM,1673.0,0,0.0,11457621.700000001
2025-08-01 03:02:45 PM,1673.0,20,33460.0,11491081.700000001
2025-08-01 03:03:03 PM,1673.0,5,8365.0,11499446.700000001
2025-08-01 03:03:55 PM,1674.0,204,341496.0,11840942.700000001
2025-08-01 03:04:32 PM,1675.2,120,201024.0,12041966.700000001
2025-08-01 03:05:12 PM,1675.0,10,16750.0,12058716.700000001
2025-08-01 03:05:40 PM,1671.6,0,0.0,12058716.700000001
2025-08-01 03:05:40 PM,1671.6,1,1671.6,12060388.3
2025-08-01 03:06:02 PM,1675.0,0,0.0,12060388.3
2025-08-01 03:06:02 PM,1675.0,120,201000.0,12261388.3
2025-08-01 03:06:12 PM,1675.0,3,5025.0,12266413.3
2025-08-01 03:07:06 PM,1675.2,0,0.0,12266413.3
2025-08-01 03:07:07 PM,1675.2,31,51931.200000000004,12318344.5
2025-08-01 03:07:20 PM,1675.2,15,25128.0,12343472.5
2025-08-01 03:08:06 PM,1676.4,0,0.0,12343472.5
2025-08-01 03:08:06 PM,1676.4,7,11734.800000000001,12355207.3
2025-08-01 03:08:09 PM,1676.6,10,16766.0,12371973.3
2025-08-01 03:08:43 PM,1673.4,0,0.0,12371973.3
2025-08-01 03:08:44 PM,1673.4,1,1673.4,12373646.700000001
2025-08-01 03:08:49 PM,1674.0,0,0.0,12373646.700000001
2025-08-01 03:08:50 PM,1674.0,10,16740.0,12390386.700000001
2025-08-01 03:10:50 PM,1674.0,19,31806.0,12422192.700000001
2025-08-01 03:15:03 PM,1671.4,0,0.0,12422192.700000001
2025-08-01 03:15:05 PM,1671.4,10,16714.0,12438906.700000001
2025-08-01 03:16:18 PM,1674.0,49,82026.0,12520932.700000001
2025-08-01 03:16:32 PM,1674.0,100,167400.0,12688332.700000001
2025-08-01 03:16:46 PM,1674.0,100,167400.0,12855732.700000001
2025-08-01 03:17:21 PM,1674.5,0,0.0,12855732.700000001
2025-08-01 03:17:26 PM,1674.5,10,16745.0,12872477.700000001
2025-08-01 03:17:50 PM,1674.0,0,0.0,12872477.700000001
2025-08-01 03:17:51 PM,1674.0,11,18414.0,12890891.700000001
2025-08-01 03:18:10 PM,1671.6,0,0.0,12890891.700000001
2025-08-01 03:18:12 PM,1671.6,1,1671.6,12892563.3
2025-08-01 03:18:56 PM,1671.5,0,0.0,12892563.3
2025-08-01 03:18:57 PM,1674.0,5,8370.0,12900933.3
2025-08-01 03:19:10 PM,1671.0,0,0.0,12900933.3
2025-08-01 03:19:11 PM,1671.0,32,53472.0,12954405.3
2025-08-01 03:19:17 PM,1671.0,40,66840.0,13021245.3
2025-08-01 03:19:19 PM,1670.1,1,1670.1,13022915.4
2025-08-01 03:19:24 PM,1671.0,30,50130.0,13073045.4
2025-08-01 03:19:43 PM,1671.0,5,8355.0,13081400.4
2025-08-01 03:20:25 PM,1671.0,2,3342.0,13084742.4
2025-08-01 03:20:28 PM,1671.0,50,83550.0,13168292.4
2025-08-01 03:20:48 PM,1673.5,250,418375.0,13586667.4
2025-08-01 03:20:53 PM,1673.0,41,68593.0,13655260.4
2025-08-01 03:21:13 PM,1672.9,0,0.0,13655260.4
2025-08-01 03:21:14 PM,1672.9,10,16729.0,13671989.4
2025-08-01 03:21:34 PM,1672.9,2,3345.8,13675335.200000001
2025-08-01 03:21:43 PM,1672.9,1,1672.9,13677008.100000001
2025-08-01 03:22:14 PM,1672.9,10,16729.0,13693737.100000001
2025-08-01 03:22:35 PM,1672.9,1,1672.9,13695410.000000002
2025-08-01 03:22:48 PM,1672.9,7,11710.300000000001,13707120.300000003
2025-08-01 03:23:15 PM,1672.9,7,11710.300000000001,13718830.600000003
2025-08-01 03:23:41 PM,1673.5,300,502050.0,14220880.600000003
2025-08-01 03:23:47 PM,1672.9,0,0.0,14220880.600000003
2025-08-01 03:23:48 PM,1672.9,9,15056.1,14235936.700000003
2025-08-01 03:23:54 PM,1673.5,1,1673.5,14237610.200000003
2025-08-01 03:24:01 PM,1673.5,45,75307.5,14312917.700000003
2025-08-01 03:25:01 PM,1673.5,100,167350.0,14480267.700000003
2025-08-01 03:25:14 PM,1673.5,10,16735.0,14497002.700000003
2025-08-01 03:25:25 PM,1672.9,0,0.0,14497002.700000003
2025-08-01 03:25:28 PM,1672.9,7,11710.300000000001,14508713.000000004
2025-08-01 03:25:40 PM,1672.9,30,50187.0,14558900.000000004
2025-08-01 03:26:07 PM,1672.9,32,53532.8,14612432.800000004
2025-08-01 03:26:27 PM,1672.0,40,66880.0,14679312.800000004
2025-08-01 03:26:34 PM,1672.0,9,15048.0,14694360.800000004
2025-08-01 03:26:42 PM,1670.5,5,8352.5,14702713.300000004
2025-08-01 03:27:05 PM,1672.0,0,0.0,14702713.300000004
2025-08-01 03:27:06 PM,1672.0,12,20064.0,14722777.300000004
2025-08-01 03:27:22 PM,1671.5,3,5014.5,14727791.800000004
2025-08-01 03:27:35 PM,1670.0,26,43420.0,14771211.800000004
2025-08-01 03:27:56 PM,1672.0,109,182248.0,14953459.800000004
2025-08-01 03:28:01 PM,1672.1,0,0.0,14953459.800000004
2025-08-01 03:28:03 PM,1672.1,14,23409.399999999998,14976869.200000005
2025-08-01 03:28:18 PM,1673.5,304,508744.0,15485613.200000005
2025-08-01 03:28:23 PM,1673.5,30,50205.0,15535818.200000005
2025-08-01 03:28:31 PM,1673.5,30,50205.0,15586023.200000005
2025-08-01 03:28:33 PM,1674.0,9,15066.0,15601089.200000005
2025-08-01 03:28:44 PM,1673.5,35,58572.5,15659661.700000005
2025-08-01 03:28:51 PM,1671.0,200,334200.0,15993861.700000005
2025-08-01 03:28:58 PM,1670.0,5,8350.0,16002211.700000005
2025-08-01 03:28:59 PM,1669.1,0,0.0,16002211.700000005
2025-08-01 03:29:00 PM,1669.1,29,48403.899999999994,16050615.600000005
2025-08-01 03:29:46 PM,1674.5,100,167450.0,16218065.600000005
