date,price,qty,trnvr,cum_trnvr
2025-08-01 09:15:03 AM,1401.5,170,238255.0,238255.0
2025-08-01 09:15:11 AM,1400.9,0,0.0,238255.0
2025-08-01 09:15:12 AM,1400.9,51,71445.90000000001,309700.9
2025-08-01 09:15:20 AM,1403.3,0,0.0,309700.9
2025-08-01 09:15:23 AM,1403.3,20,28066.0,337766.9
2025-08-01 09:15:27 AM,1403.8,0,0.0,337766.9
2025-08-01 09:15:32 AM,1403.8,4,5615.2,343382.10000000003
2025-08-01 09:15:39 AM,1400.9,0,0.0,343382.10000000003
2025-08-01 09:15:40 AM,1400.9,28,39225.200000000004,382607.30000000005
2025-08-01 09:16:01 AM,1398.2,0,0.0,382607.30000000005
2025-08-01 09:16:04 AM,1396.8,0,0.0,382607.30000000005
2025-08-01 09:16:05 AM,1396.8,212,296121.6,678728.9
2025-08-01 09:16:06 AM,1395.6,27,37681.2,716410.1
2025-08-01 09:16:09 AM,1392.7,0,0.0,716410.1
2025-08-01 09:16:13 AM,1392.7,215,299430.5,1015840.6
2025-08-01 09:16:31 AM,1395.5,10,13955.0,1029795.6
2025-08-01 09:16:39 AM,1393.4,15,20901.0,1050696.6
2025-08-01 09:16:46 AM,1396.0,74,103304.0,1154000.6
2025-08-01 09:17:10 AM,1397.4,47,65677.8,1219678.4000000001
2025-08-01 09:17:19 AM,1399.6,10,13996.0,1233674.4000000001
2025-08-01 09:17:27 AM,1397.5,10,13975.0,1247649.4000000001
2025-08-01 09:17:30 AM,1394.1,0,0.0,1247649.4000000001
2025-08-01 09:17:35 AM,1394.1,257,358283.69999999995,1605933.1
2025-08-01 09:17:38 AM,1395.8,0,0.0,1605933.1
2025-08-01 09:17:44 AM,1392.1,249,346632.89999999997,1952566.0
2025-08-01 09:17:49 AM,1392.8,0,0.0,1952566.0
2025-08-01 09:17:52 AM,1390.3,12,16683.6,1969249.6
2025-08-01 09:17:58 AM,1392.4,0,0.0,1969249.6
2025-08-01 09:18:00 AM,1392.4,1,1392.4,1970642.0
2025-08-01 09:18:06 AM,1393.0,0,0.0,1970642.0
2025-08-01 09:18:09 AM,1393.0,46,64078.0,2034720.0
2025-08-01 09:18:28 AM,1392.0,0,0.0,2034720.0
2025-08-01 09:18:33 AM,1392.0,20,27840.0,2062560.0
2025-08-01 09:18:50 AM,1394.1,25,34852.5,2097412.5
2025-08-01 09:19:08 AM,1393.7,0,0.0,2097412.5
2025-08-01 09:19:14 AM,1393.7,1,1393.7,2098806.2
2025-08-01 09:19:18 AM,1393.8,0,0.0,2098806.2
2025-08-01 09:19:22 AM,1394.8,20,27896.0,2126702.2
2025-08-01 09:19:30 AM,1395.0,5,6975.0,2133677.2
2025-08-01 09:19:38 AM,1396.7,80,111736.0,2245413.2
2025-08-01 09:20:02 AM,1394.1,1,1394.1,2246807.3000000003
2025-08-01 09:20:09 AM,1395.2,0,0.0,2246807.3000000003
2025-08-01 09:20:10 AM,1395.2,1,1395.2,2248202.5000000005
2025-08-01 09:20:16 AM,1394.9,0,0.0,2248202.5000000005
2025-08-01 09:20:18 AM,1394.9,43,59980.700000000004,2308183.2000000007
2025-08-01 09:20:23 AM,1394.0,0,0.0,2308183.2000000007
2025-08-01 09:20:26 AM,1394.0,6,8364.0,2316547.2000000007
2025-08-01 09:20:26 AM,1393.9,0,0.0,2316547.2000000007
2025-08-01 09:20:28 AM,1393.9,2,2787.8,2319335.0000000005
2025-08-01 09:20:42 AM,1393.9,1,1393.9,2320728.9000000004
2025-08-01 09:20:43 AM,1391.4,41,57047.4,2377776.3000000003
2025-08-01 09:20:48 AM,1393.6,0,0.0,2377776.3000000003
2025-08-01 09:20:49 AM,1393.9,6,8363.400000000001,2386139.7
2025-08-01 09:21:16 AM,1396.7,0,0.0,2386139.7
2025-08-01 09:21:21 AM,1396.7,125,174587.5,2560727.2
2025-08-01 09:21:29 AM,1397.1,5,6985.5,2567712.7
2025-08-01 09:21:44 AM,1397.7,0,0.0,2567712.7
2025-08-01 09:21:45 AM,1397.7,1,1397.7,2569110.4000000004
2025-08-01 09:21:58 AM,1397.0,0,0.0,2569110.4000000004
2025-08-01 09:21:59 AM,1397.0,14,19558.0,2588668.4000000004
2025-08-01 09:22:26 AM,1396.0,0,0.0,2588668.4000000004
2025-08-01 09:22:29 AM,1396.0,101,140996.0,2729664.4000000004
2025-08-01 09:22:45 AM,1396.0,2,2792.0,2732456.4000000004
2025-08-01 09:22:59 AM,1394.4,0,0.0,2732456.4000000004
2025-08-01 09:23:00 AM,1394.4,8,11155.2,2743611.6000000006
2025-08-01 09:23:04 AM,1394.3,0,0.0,2743611.6000000006
2025-08-01 09:23:07 AM,1394.3,8,11154.4,2754766.0000000005
2025-08-01 09:23:15 AM,1396.3,14,19548.2,2774314.2000000007
2025-08-01 09:23:44 AM,1393.9,0,0.0,2774314.2000000007
2025-08-01 09:23:45 AM,1393.9,205,285749.5,3060063.7000000007
2025-08-01 09:23:53 AM,1396.4,390,544596.0,3604659.7000000007
2025-08-01 09:23:55 AM,1394.7,6,8368.2,3613027.900000001
2025-08-01 09:24:09 AM,1393.6,1,1393.6,3614421.500000001
2025-08-01 09:24:24 AM,1394.2,25,34855.0,3649276.500000001
2025-08-01 09:24:56 AM,1393.5,1,1393.5,3650670.000000001
2025-08-01 09:25:09 AM,1391.4,5,6957.0,3657627.000000001
2025-08-01 09:26:08 AM,1392.0,0,0.0,3657627.000000001
2025-08-01 09:26:09 AM,1392.0,65,90480.0,3748107.000000001
2025-08-01 09:26:17 AM,1392.0,2,2784.0,3750891.000000001
2025-08-01 09:26:49 AM,1392.0,412,573504.0,4324395.000000001
2025-08-01 09:27:10 AM,1393.3,5,6966.5,4331361.500000001
2025-08-01 09:27:16 AM,1393.7,0,0.0,4331361.500000001
2025-08-01 09:27:17 AM,1393.7,2,2787.4,4334148.900000001
2025-08-01 09:27:46 AM,1392.4,0,0.0,4334148.900000001
2025-08-01 09:27:47 AM,1392.4,43,59873.200000000004,4394022.1000000015
2025-08-01 09:28:33 AM,1392.4,37,51518.8,4445540.900000001
2025-08-01 09:28:41 AM,1390.9,1,1390.9,4446931.800000002
2025-08-01 09:29:05 AM,1390.9,31,43117.9,4490049.700000002
2025-08-01 09:29:10 AM,1391.0,0,0.0,4490049.700000002
2025-08-01 09:29:12 AM,1391.0,47,65377.0,4555426.700000002
2025-08-01 09:29:26 AM,1391.5,0,0.0,4555426.700000002
2025-08-01 09:29:27 AM,1391.5,2,2783.0,4558209.700000002
2025-08-01 09:30:13 AM,1390.3,20,27806.0,4586015.700000002
2025-08-01 09:30:20 AM,1390.0,111,154290.0,4740305.700000002
2025-08-01 09:30:24 AM,1387.5,0,0.0,4740305.700000002
2025-08-01 09:30:27 AM,1387.5,7,9712.5,4750018.200000002
2025-08-01 09:30:28 AM,1387.5,14,19425.0,4769443.200000002
2025-08-01 09:30:31 AM,1388.4,0,0.0,4769443.200000002
2025-08-01 09:30:34 AM,1388.4,3,4165.200000000001,4773608.400000002
2025-08-01 09:30:39 AM,1387.5,0,0.0,4773608.400000002
2025-08-01 09:30:42 AM,1387.5,11,15262.5,4788870.900000002
2025-08-01 09:30:45 AM,1387.0,0,0.0,4788870.900000002
2025-08-01 09:30:49 AM,1387.0,2,2774.0,4791644.900000002
2025-08-01 09:31:00 AM,1387.5,0,0.0,4791644.900000002
2025-08-01 09:31:03 AM,1387.5,3,4162.5,4795807.400000002
2025-08-01 09:31:18 AM,1386.9,0,0.0,4795807.400000002
2025-08-01 09:31:18 AM,1386.9,48,66571.20000000001,4862378.600000002
2025-08-01 09:31:20 AM,1386.1,0,0.0,4862378.600000002
2025-08-01 09:31:26 AM,1386.1,1,1386.1,4863764.700000002
2025-08-01 09:31:33 AM,1385.6,8,11084.8,4874849.500000002
2025-08-01 09:31:33 AM,1385.3,3,4155.9,4879005.400000002
2025-08-01 09:31:36 AM,1387.2,0,0.0,4879005.400000002
2025-08-01 09:31:40 AM,1387.2,22,30518.4,4909523.800000003
2025-08-01 09:31:54 AM,1387.2,12,16646.4,4926170.200000003
2025-08-01 09:31:59 AM,1386.5,0,0.0,4926170.200000003
2025-08-01 09:32:01 AM,1386.5,1046,1450279.0,6376449.200000003
2025-08-01 09:32:10 AM,1386.4,0,0.0,6376449.200000003
2025-08-01 09:32:15 AM,1386.1,27,37424.7,6413873.900000003
2025-08-01 09:32:34 AM,1386.7,0,0.0,6413873.900000003
2025-08-01 09:32:36 AM,1386.7,5,6933.5,6420807.400000003
2025-08-01 09:32:52 AM,1387.0,0,0.0,6420807.400000003
2025-08-01 09:32:57 AM,1386.9,8,11095.2,6431902.600000003
2025-08-01 09:33:03 AM,1386.9,18,24964.2,6456866.800000004
2025-08-01 09:33:10 AM,1387.4,0,0.0,6456866.800000004
2025-08-01 09:33:11 AM,1387.4,48,66595.20000000001,6523462.000000004
2025-08-01 09:33:15 AM,1386.0,0,0.0,6523462.000000004
2025-08-01 09:33:17 AM,1388.3,51,70803.3,6594265.300000004
2025-08-01 09:33:20 AM,1386.1,0,0.0,6594265.300000004
2025-08-01 09:33:24 AM,1386.9,51,70731.90000000001,6664997.200000004
2025-08-01 09:33:31 AM,1386.9,51,70731.90000000001,6735729.100000004
2025-08-01 09:33:35 AM,1386.3,0,0.0,6735729.100000004
2025-08-01 09:33:38 AM,1386.3,4,5545.2,6741274.3000000045
2025-08-01 09:33:50 AM,1386.4,0,0.0,6741274.3000000045
2025-08-01 09:33:52 AM,1386.4,3,4159.200000000001,6745433.500000005
2025-08-01 09:33:55 AM,1385.2,0,0.0,6745433.500000005
2025-08-01 09:33:59 AM,1385.2,1,1385.2,6746818.700000005
2025-08-01 09:34:10 AM,1386.1,0,0.0,6746818.700000005
2025-08-01 09:34:13 AM,1386.1,3,4158.299999999999,6750977.000000005
2025-08-01 09:34:18 AM,1386.5,0,0.0,6750977.000000005
2025-08-01 09:34:20 AM,1386.5,3,4159.5,6755136.500000005
2025-08-01 09:34:27 AM,1385.8,1,1385.8,6756522.3000000045
2025-08-01 09:34:30 AM,1387.0,0,0.0,6756522.3000000045
2025-08-01 09:34:34 AM,1387.0,50,69350.0,6825872.3000000045
2025-08-01 09:34:48 AM,1385.8,0,0.0,6825872.3000000045
2025-08-01 09:34:48 AM,1385.8,5,6929.0,6832801.3000000045
2025-08-01 09:34:53 AM,1388.4,0,0.0,6832801.3000000045
2025-08-01 09:34:55 AM,1388.4,111,154112.40000000002,6986913.700000005
2025-08-01 09:35:00 AM,1389.0,0,0.0,6986913.700000005
2025-08-01 09:35:02 AM,1389.0,94,130566.0,7117479.700000005
2025-08-01 09:35:05 AM,1385.9,0,0.0,7117479.700000005
2025-08-01 09:35:09 AM,1385.9,5,6929.5,7124409.200000005
2025-08-01 09:35:15 AM,1387.3,0,0.0,7124409.200000005
2025-08-01 09:35:16 AM,1387.3,1,1387.3,7125796.500000005
2025-08-01 09:35:25 AM,1386.7,0,0.0,7125796.500000005
2025-08-01 09:35:30 AM,1386.7,28,38827.6,7164624.100000004
2025-08-01 09:35:40 AM,1388.3,0,0.0,7164624.100000004
2025-08-01 09:35:44 AM,1386.7,42,58241.4,7222865.500000005
2025-08-01 09:36:03 AM,1386.1,4,5544.4,7228409.900000005
2025-08-01 09:36:24 AM,1386.3,0,0.0,7228409.900000005
2025-08-01 09:36:24 AM,1386.3,5,6931.5,7235341.400000005
2025-08-01 09:36:40 AM,1386.6,0,0.0,7235341.400000005
2025-08-01 09:36:43 AM,1386.6,3,4159.799999999999,7239501.200000005
2025-08-01 09:36:44 AM,1386.0,0,0.0,7239501.200000005
2025-08-01 09:36:49 AM,1386.0,4,5544.0,7245045.200000005
2025-08-01 09:37:03 AM,1386.0,5,6930.0,7251975.200000005
2025-08-01 09:37:18 AM,1386.2,0,0.0,7251975.200000005
2025-08-01 09:37:24 AM,1386.2,5,6931.0,7258906.200000005
2025-08-01 09:37:38 AM,1386.2,1,1386.2,7260292.400000005
2025-08-01 09:37:44 AM,1386.2,4,5544.8,7265837.200000005
2025-08-01 09:37:50 AM,1387.9,0,0.0,7265837.200000005
2025-08-01 09:37:51 AM,1387.9,72,99928.8,7365766.000000005
2025-08-01 09:37:56 AM,1386.4,0,0.0,7365766.000000005
2025-08-01 09:37:58 AM,1386.4,5,6932.0,7372698.000000005
2025-08-01 09:38:09 AM,1387.2,0,0.0,7372698.000000005
2025-08-01 09:38:11 AM,1387.2,8,11097.6,7383795.600000004
2025-08-01 09:38:15 AM,1386.3,0,0.0,7383795.600000004
2025-08-01 09:38:18 AM,1387.0,5,6935.0,7390730.600000004
2025-08-01 09:38:35 AM,1386.2,0,0.0,7390730.600000004
2025-08-01 09:38:36 AM,1385.9,0,0.0,7390730.600000004
2025-08-01 09:38:38 AM,1385.9,50,69295.0,7460025.600000004
2025-08-01 09:38:45 AM,1385.0,35,48475.0,7508500.600000004
2025-08-01 09:38:48 AM,1384.6,0,0.0,7508500.600000004
2025-08-01 09:38:52 AM,1384.6,106,146767.59999999998,7655268.200000004
2025-08-01 09:38:52 AM,1385.0,0,0.0,7655268.200000004
2025-08-01 09:38:53 AM,1384.0,0,0.0,7655268.200000004
2025-08-01 09:38:56 AM,1384.8,0,0.0,7655268.200000004
2025-08-01 09:38:58 AM,1384.8,10,13848.0,7669116.200000004
2025-08-01 09:39:05 AM,1384.5,1,1384.5,7670500.700000004
2025-08-01 09:39:10 AM,1384.0,0,0.0,7670500.700000004
2025-08-01 09:39:12 AM,1384.0,1,1384.0,7671884.700000004
2025-08-01 09:39:15 AM,1383.0,0,0.0,7671884.700000004
2025-08-01 09:39:18 AM,1383.0,6,8298.0,7680182.700000004
2025-08-01 09:39:32 AM,1382.2,5,6911.0,7687093.700000004
2025-08-01 09:39:37 AM,1382.3,0,0.0,7687093.700000004
2025-08-01 09:39:38 AM,1382.3,19,26263.7,7713357.400000004
2025-08-01 09:39:46 AM,1383.6,0,0.0,7713357.400000004
2025-08-01 09:39:50 AM,1382.2,0,0.0,7713357.400000004
2025-08-01 09:39:51 AM,1382.2,14,19350.8,7732708.200000004
2025-08-01 09:40:11 AM,1382.2,5,6911.0,7739619.200000004
2025-08-01 09:40:18 AM,1382.2,10,13822.0,7753441.200000004
2025-08-01 09:40:31 AM,1382.2,4,5528.8,7758970.000000004
2025-08-01 09:40:37 AM,1382.2,21,29026.2,7787996.200000004
2025-08-01 09:40:51 AM,1382.2,5,6911.0,7794907.200000004
2025-08-01 09:40:51 AM,1382.2,57,78785.40000000001,7873692.600000004
2025-08-01 09:41:04 AM,1382.2,1,1382.2,7875074.8000000045
2025-08-01 09:41:11 AM,1382.2,5,6911.0,7881985.8000000045
2025-08-01 09:41:24 AM,1384.0,10,13840.0,7895825.8000000045
2025-08-01 09:41:25 AM,1382.6,0,0.0,7895825.8000000045
2025-08-01 09:41:25 AM,1382.6,5,6913.0,7902738.8000000045
2025-08-01 09:41:28 AM,1384.0,0,0.0,7902738.8000000045
2025-08-01 09:41:30 AM,1384.0,35,48440.0,7951178.8000000045
2025-08-01 09:41:44 AM,1382.8,5,6914.0,7958092.8000000045
2025-08-01 09:41:56 AM,1384.2,0,0.0,7958092.8000000045
2025-08-01 09:41:57 AM,1384.2,14,19378.8,7977471.600000004
2025-08-01 09:42:03 AM,1384.4,5,6922.0,7984393.600000004
2025-08-01 09:42:04 AM,1385.9,0,0.0,7984393.600000004
2025-08-01 09:42:09 AM,1384.4,0,0.0,7984393.600000004
2025-08-01 09:42:10 AM,1384.4,129,178587.6,8162981.200000004
2025-08-01 09:42:11 AM,1385.2,1,1385.2,8164366.400000004
2025-08-01 09:42:22 AM,1384.4,0,0.0,8164366.400000004
2025-08-01 09:42:23 AM,1384.4,5,6922.0,8171288.400000004
2025-08-01 09:42:35 AM,1385.7,0,0.0,8171288.400000004
2025-08-01 09:42:36 AM,1385.7,1,1385.7,8172674.100000004
2025-08-01 09:42:42 AM,1385.0,4,5540.0,8178214.100000004
2025-08-01 09:43:02 AM,1385.0,5,6925.0,8185139.100000004
2025-08-01 09:43:08 AM,1386.2,191,264764.2,8449903.300000004
2025-08-01 09:43:09 AM,1388.2,10,13882.0,8463785.300000004
2025-08-01 09:43:19 AM,1386.7,0,0.0,8463785.300000004
2025-08-01 09:43:22 AM,1388.0,32,44416.0,8508201.300000004
2025-08-01 09:43:23 AM,1387.5,0,0.0,8508201.300000004
2025-08-01 09:43:23 AM,1387.5,15,20812.5,8529013.800000004
2025-08-01 09:43:31 AM,1385.1,0,0.0,8529013.800000004
2025-08-01 09:43:35 AM,1385.1,51,70640.09999999999,8599653.900000004
2025-08-01 09:43:39 AM,1383.6,0,0.0,8599653.900000004
2025-08-01 09:43:41 AM,1383.6,502,694567.2,9294221.100000003
2025-08-01 09:43:49 AM,1383.8,2,2767.6,9296988.700000003
2025-08-01 09:43:59 AM,1382.8,0,0.0,9296988.700000003
2025-08-01 09:44:01 AM,1382.8,10,13828.0,9310816.700000003
2025-08-01 09:44:15 AM,1382.8,1,1382.8,9312199.500000004
2025-08-01 09:44:19 AM,1384.2,0,0.0,9312199.500000004
2025-08-01 09:44:21 AM,1384.2,100,138420.0,9450619.500000004
2025-08-01 09:44:35 AM,1382.5,5,6912.5,9457532.000000004
2025-08-01 09:44:47 AM,1382.0,50,69100.0,9526632.000000004
2025-08-01 09:44:54 AM,1382.0,4,5528.0,9532160.000000004
2025-08-01 09:44:55 AM,1381.7,0,0.0,9532160.000000004
2025-08-01 09:45:00 AM,1381.7,14,19343.8,9551503.800000004
2025-08-01 09:45:05 AM,1383.0,0,0.0,9551503.800000004
2025-08-01 09:45:07 AM,1383.0,99,136917.0,9688420.800000004
2025-08-01 09:45:13 AM,1383.0,5,6915.0,9695335.800000004
2025-08-01 09:45:28 AM,1383.0,4,5532.0,9700867.800000004
2025-08-01 09:45:33 AM,1383.0,4,5532.0,9706399.800000004
2025-08-01 09:45:46 AM,1383.3,1,1383.3,9707783.100000005
2025-08-01 09:45:51 AM,1383.8,0,0.0,9707783.100000005
2025-08-01 09:45:52 AM,1383.0,8,11064.0,9718847.100000005
2025-08-01 09:45:59 AM,1383.0,7,9681.0,9728528.100000005
2025-08-01 09:46:12 AM,1381.3,424,585671.2,10314199.300000004
2025-08-01 09:46:16 AM,1381.0,0,0.0,10314199.300000004
2025-08-01 09:46:18 AM,1381.0,40,55240.0,10369439.300000004
2025-08-01 09:46:20 AM,1381.0,1,1381.0,10370820.300000004
2025-08-01 09:46:29 AM,1381.1,0,0.0,10370820.300000004
2025-08-01 09:46:31 AM,1381.0,16,22096.0,10392916.300000004
2025-08-01 09:46:43 AM,1381.0,306,422586.0,10815502.300000004
2025-08-01 09:46:50 AM,1381.0,5,6905.0,10822407.300000004
2025-08-01 09:47:08 AM,1381.0,4,5524.0,10827931.300000004
2025-08-01 09:47:27 AM,1381.7,1,1381.7,10829313.000000004
2025-08-01 09:47:32 AM,1381.0,0,0.0,10829313.000000004
2025-08-01 09:47:33 AM,1381.0,4,5524.0,10834837.000000004
2025-08-01 09:47:43 AM,1382.6,20,27652.0,10862489.000000004
2025-08-01 09:47:46 AM,1381.2,0,0.0,10862489.000000004
2025-08-01 09:47:47 AM,1381.2,4,5524.8,10868013.800000004
2025-08-01 09:47:49 AM,1381.2,19,26242.8,10894256.600000005
2025-08-01 09:47:53 AM,1381.0,0,0.0,10894256.600000005
2025-08-01 09:47:54 AM,1381.0,81,111861.0,11006117.600000005
2025-08-01 09:48:07 AM,1381.2,2,2762.4,11008880.000000006
2025-08-01 09:48:11 AM,1381.0,0,0.0,11008880.000000006
2025-08-01 09:48:13 AM,1381.0,3,4143.0,11013023.000000006
2025-08-01 09:48:23 AM,1381.1,0,0.0,11013023.000000006
2025-08-01 09:48:26 AM,1381.1,5,6905.5,11019928.500000006
2025-08-01 09:48:29 AM,1381.1,11,15192.099999999999,11035120.600000005
2025-08-01 09:48:31 AM,1382.6,0,0.0,11035120.600000005
2025-08-01 09:48:32 AM,1382.6,5,6913.0,11042033.600000005
2025-08-01 09:48:42 AM,1381.2,0,0.0,11042033.600000005
2025-08-01 09:48:45 AM,1381.2,4,5524.8,11047558.400000006
2025-08-01 09:48:51 AM,1381.0,0,0.0,11047558.400000006
2025-08-01 09:48:52 AM,1381.0,100,138100.0,11185658.400000006
2025-08-01 09:49:04 AM,1381.0,5,6905.0,11192563.400000006
2025-08-01 09:49:21 AM,1381.1,0,0.0,11192563.400000006
2025-08-01 09:49:23 AM,1381.0,104,143624.0,11336187.400000006
2025-08-01 09:49:39 AM,1381.1,0,0.0,11336187.400000006
2025-08-01 09:49:42 AM,1381.0,5,6905.0,11343092.400000006
2025-08-01 09:50:00 AM,1381.5,0,0.0,11343092.400000006
2025-08-01 09:50:01 AM,1381.5,122,168543.0,11511635.400000006
2025-08-01 09:50:17 AM,1380.2,5,6901.0,11518536.400000006
2025-08-01 09:50:20 AM,1381.0,70,96670.0,11615206.400000006
2025-08-01 09:50:38 AM,1381.5,0,0.0,11615206.400000006
2025-08-01 09:50:39 AM,1383.0,115,159045.0,11774251.400000006
2025-08-01 09:50:43 AM,1384.8,0,0.0,11774251.400000006
2025-08-01 09:50:45 AM,1384.8,141,195256.8,11969508.200000007
2025-08-01 09:50:55 AM,1383.4,0,0.0,11969508.200000007
2025-08-01 09:50:56 AM,1389.0,0,0.0,11969508.200000007
2025-08-01 09:50:58 AM,1389.0,240,333360.0,12302868.200000007
2025-08-01 09:51:06 AM,1390.3,156,216886.8,12519755.000000007
2025-08-01 09:51:09 AM,1391.4,0,0.0,12519755.000000007
2025-08-01 09:51:10 AM,1391.4,21,29219.4,12548974.400000008
2025-08-01 09:51:14 AM,1390.1,0,0.0,12548974.400000008
2025-08-01 09:51:17 AM,1391.0,0,0.0,12548974.400000008
2025-08-01 09:51:17 AM,1391.0,57,79287.0,12628261.400000008
2025-08-01 09:51:31 AM,1391.0,10,13910.0,12642171.400000008
2025-08-01 09:51:41 AM,1388.6,0,0.0,12642171.400000008
2025-08-01 09:51:42 AM,1388.6,4,5554.4,12647725.800000008
2025-08-01 09:51:58 AM,1387.2,0,0.0,12647725.800000008
2025-08-01 09:52:00 AM,1387.4,15,20811.0,12668536.800000008
2025-08-01 09:52:08 AM,1385.9,0,0.0,12668536.800000008
2025-08-01 09:52:09 AM,1385.9,20,27718.0,12696254.800000008
2025-08-01 09:52:12 AM,1386.1,5,6930.5,12703185.300000008
2025-08-01 09:52:31 AM,1386.2,0,0.0,12703185.300000008
2025-08-01 09:52:31 AM,1386.2,4,5544.8,12708730.100000009
2025-08-01 09:52:43 AM,1385.9,0,0.0,12708730.100000009
2025-08-01 09:52:43 AM,1385.9,20,27718.0,12736448.100000009
2025-08-01 09:52:46 AM,1385.9,1,1385.9,12737834.00000001
2025-08-01 09:52:49 AM,1386.3,0,0.0,12737834.00000001
2025-08-01 09:52:49 AM,1386.3,5,6931.5,12744765.50000001
2025-08-01 09:52:55 AM,1386.4,3,4159.200000000001,12748924.700000009
2025-08-01 09:53:09 AM,1385.5,4,5542.0,12754466.700000009
2025-08-01 09:53:13 AM,1387.0,0,0.0,12754466.700000009
2025-08-01 09:53:13 AM,1387.0,4,5548.0,12760014.700000009
2025-08-01 09:53:32 AM,1383.8,0,0.0,12760014.700000009
2025-08-01 09:53:32 AM,1383.8,5,6919.0,12766933.700000009
2025-08-01 09:53:43 AM,1383.7,0,0.0,12766933.700000009
2025-08-01 09:53:45 AM,1383.7,52,71952.40000000001,12838886.100000009
2025-08-01 09:53:47 AM,1384.3,0,0.0,12838886.100000009
2025-08-01 09:53:50 AM,1383.3,0,0.0,12838886.100000009
2025-08-01 09:53:51 AM,1383.3,4,5533.2,12844419.300000008
2025-08-01 09:54:02 AM,1384.8,0,0.0,12844419.300000008
2025-08-01 09:54:03 AM,1384.8,5,6924.0,12851343.300000008
2025-08-01 09:54:05 AM,1383.5,0,0.0,12851343.300000008
2025-08-01 09:54:09 AM,1383.5,5,6917.5,12858260.800000008
2025-08-01 09:54:14 AM,1383.4,0,0.0,12858260.800000008
2025-08-01 09:54:16 AM,1383.4,1,1383.4,12859644.200000009
2025-08-01 09:54:28 AM,1383.4,10,13834.0,12873478.200000009
2025-08-01 09:54:30 AM,1384.9,0,0.0,12873478.200000009
2025-08-01 09:54:34 AM,1384.9,19,26313.100000000002,12899791.300000008
2025-08-01 09:54:45 AM,1383.8,0,0.0,12899791.300000008
2025-08-01 09:54:46 AM,1383.8,4,5535.2,12905326.500000007
2025-08-01 09:54:53 AM,1385.4,1,1385.4,12906711.900000008
2025-08-01 09:55:00 AM,1383.8,0,0.0,12906711.900000008
2025-08-01 09:55:03 AM,1383.8,6,8302.8,12915014.700000009
2025-08-01 09:55:22 AM,1383.1,4,5532.4,12920547.100000009
2025-08-01 09:55:35 AM,1384.0,0,0.0,12920547.100000009
2025-08-01 09:55:35 AM,1384.0,1,1384.0,12921931.100000009
2025-08-01 09:55:41 AM,1382.7,5,6913.5,12928844.600000009
2025-08-01 09:55:59 AM,1382.3,0,0.0,12928844.600000009
2025-08-01 09:55:59 AM,1382.3,4,5529.2,12934373.800000008
2025-08-01 09:56:22 AM,1382.3,5,6911.5,12941285.300000008
2025-08-01 09:56:24 AM,1382.6,0,0.0,12941285.300000008
2025-08-01 09:56:26 AM,1381.4,0,0.0,12941285.300000008
2025-08-01 09:56:28 AM,1381.4,51,70451.40000000001,13011736.700000009
2025-08-01 09:56:38 AM,1381.1,0,0.0,13011736.700000009
2025-08-01 09:56:39 AM,1381.1,5,6905.5,13018642.200000009
2025-08-01 09:56:57 AM,1381.0,0,0.0,13018642.200000009
2025-08-01 09:56:58 AM,1381.0,4,5524.0,13024166.200000009
2025-08-01 09:57:04 AM,1381.0,1,1381.0,13025547.200000009
2025-08-01 09:57:16 AM,1381.0,34,46954.0,13072501.200000009
2025-08-01 09:57:35 AM,1381.0,4,5524.0,13078025.200000009
2025-08-01 09:57:54 AM,1381.0,5,6905.0,13084930.200000009
2025-08-01 09:58:12 AM,1381.0,4,5524.0,13090454.200000009
2025-08-01 09:58:33 AM,1381.0,5,6905.0,13097359.200000009
2025-08-01 09:58:52 AM,1381.0,5,6905.0,13104264.200000009
2025-08-01 09:59:10 AM,1381.0,26,35906.0,13140170.200000009
2025-08-01 09:59:13 AM,1381.0,1,1381.0,13141551.200000009
2025-08-01 09:59:24 AM,1381.4,0,0.0,13141551.200000009
2025-08-01 09:59:26 AM,1381.4,5,6907.0,13148458.200000009
2025-08-01 09:59:29 AM,1381.4,5,6907.0,13155365.200000009
2025-08-01 09:59:34 AM,1381.0,0,0.0,13155365.200000009
2025-08-01 09:59:35 AM,1381.0,141,194721.0,13350086.200000009
2025-08-01 09:59:48 AM,1381.0,4,5524.0,13355610.200000009
2025-08-01 09:59:58 AM,1382.3,0,0.0,13355610.200000009
2025-08-01 10:00:00 AM,1382.3,88,121642.4,13477252.600000009
2025-08-01 10:00:06 AM,1382.3,5,6911.5,13484164.100000009
2025-08-01 10:00:19 AM,1383.0,7,9681.0,13493845.100000009
2025-08-01 10:00:25 AM,1381.2,4,5524.8,13499369.90000001
2025-08-01 10:00:44 AM,1381.2,5,6906.0,13506275.90000001
2025-08-01 10:01:03 AM,1381.1,5,6905.5,13513181.40000001
2025-08-01 10:01:09 AM,1381.1,1,1381.1,13514562.50000001
2025-08-01 10:01:22 AM,1381.1,5,6905.5,13521468.00000001
2025-08-01 10:01:43 AM,1381.2,0,0.0,13521468.00000001
2025-08-01 10:01:44 AM,1381.2,5,6906.0,13528374.00000001
2025-08-01 10:01:58 AM,1381.2,50,69060.0,13597434.00000001
2025-08-01 10:02:02 AM,1381.3,4,5525.2,13602959.200000009
2025-08-01 10:02:15 AM,1382.0,0,0.0,13602959.200000009
2025-08-01 10:02:15 AM,1382.0,1,1382.0,13604341.200000009
2025-08-01 10:02:19 AM,1381.2,0,0.0,13604341.200000009
2025-08-01 10:02:21 AM,1381.2,5,6906.0,13611247.200000009
2025-08-01 10:02:23 AM,1383.3,0,0.0,13611247.200000009
2025-08-01 10:02:23 AM,1383.3,86,118963.8,13730211.00000001
2025-08-01 10:02:40 AM,1382.0,0,0.0,13730211.00000001
2025-08-01 10:02:40 AM,1382.0,12,16584.0,13746795.00000001
2025-08-01 10:02:58 AM,1382.1,0,0.0,13746795.00000001
2025-08-01 10:02:59 AM,1382.1,5,6910.5,13753705.50000001
2025-08-01 10:03:14 AM,1381.2,32,44198.4,13797903.90000001
2025-08-01 10:03:21 AM,1381.4,5,6907.0,13804810.90000001
2025-08-01 10:03:30 AM,1383.1,0,0.0,13804810.90000001
2025-08-01 10:03:32 AM,1383.1,15,20746.5,13825557.40000001
2025-08-01 10:03:38 AM,1381.8,0,0.0,13825557.40000001
2025-08-01 10:03:38 AM,1381.8,5,6909.0,13832466.40000001
2025-08-01 10:03:56 AM,1381.8,5,6909.0,13839375.40000001
2025-08-01 10:04:15 AM,1381.8,4,5527.2,13844902.600000009
2025-08-01 10:04:21 AM,1382.9,15,20743.5,13865646.100000009
2025-08-01 10:04:34 AM,1381.8,0,0.0,13865646.100000009
2025-08-01 10:04:34 AM,1382.7,6,8296.2,13873942.300000008
2025-08-01 10:04:52 AM,1382.8,0,0.0,13873942.300000008
2025-08-01 10:04:53 AM,1382.8,4,5531.2,13879473.500000007
2025-08-01 10:05:11 AM,1382.8,7,9679.6,13889153.100000007
2025-08-01 10:05:30 AM,1382.8,5,6914.0,13896067.100000007
2025-08-01 10:05:45 AM,1381.8,0,0.0,13896067.100000007
2025-08-01 10:05:48 AM,1381.9,0,0.0,13896067.100000007
2025-08-01 10:05:48 AM,1381.9,5,6909.5,13902976.600000007
2025-08-01 10:05:51 AM,1381.7,0,0.0,13902976.600000007
2025-08-01 10:05:54 AM,1381.7,30,41451.0,13944427.600000007
2025-08-01 10:06:00 AM,1383.1,0,0.0,13944427.600000007
2025-08-01 10:06:00 AM,1383.1,10,13831.0,13958258.600000007
2025-08-01 10:06:02 AM,1381.7,3,4145.1,13962403.700000007
2025-08-01 10:06:08 AM,1381.4,0,0.0,13962403.700000007
2025-08-01 10:06:08 AM,1381.4,5,6907.0,13969310.700000007
2025-08-01 10:06:26 AM,1381.4,4,5525.6,13974836.300000006
2025-08-01 10:06:32 AM,1382.6,1,1382.6,13976218.900000006
2025-08-01 10:06:35 AM,1381.5,1,1381.5,13977600.400000006
2025-08-01 10:06:48 AM,1380.0,1075,1483500.0,15461100.400000006
2025-08-01 10:06:54 AM,1380.0,15,20700.0,15481800.400000006
2025-08-01 10:07:00 AM,1378.8,14,19303.2,15501103.600000005
2025-08-01 10:07:01 AM,1379.9,0,0.0,15501103.600000005
2025-08-01 10:07:02 AM,1378.1,32,44099.2,15545202.800000004
2025-08-01 10:07:06 AM,1378.7,0,0.0,15545202.800000004
2025-08-01 10:07:06 AM,1378.7,4,5514.8,15550717.600000005
2025-08-01 10:07:25 AM,1378.7,5,6893.5,15557611.100000005
2025-08-01 10:07:30 AM,1378.8,0,0.0,15557611.100000005
2025-08-01 10:07:31 AM,1378.8,3,4136.4,15561747.500000006
2025-08-01 10:07:39 AM,1378.9,1,1378.9,15563126.400000006
2025-08-01 10:07:43 AM,1378.9,5,6894.5,15570020.900000006
2025-08-01 10:07:45 AM,1378.8,70,96516.0,15666536.900000006
2025-08-01 10:07:49 AM,1379.0,1,1379.0,15667915.900000006
2025-08-01 10:08:02 AM,1379.0,4,5516.0,15673431.900000006
2025-08-01 10:08:21 AM,1380.9,130,179517.0,15852948.900000006
2025-08-01 10:08:38 AM,1379.2,0,0.0,15852948.900000006
2025-08-01 10:08:39 AM,1379.2,5,6896.0,15859844.900000006
2025-08-01 10:08:52 AM,1381.0,1,1381.0,15861225.900000006
2025-08-01 10:08:58 AM,1379.7,5,6898.5,15868124.400000006
2025-08-01 10:09:14 AM,1379.5,2,2759.0,15870883.400000006
2025-08-01 10:09:17 AM,1379.6,0,0.0,15870883.400000006
2025-08-01 10:09:20 AM,1379.6,4,5518.4,15876401.800000006
2025-08-01 10:09:38 AM,1380.6,300,414180.0,16290581.800000006
2025-08-01 10:09:55 AM,1379.7,5,6898.5,16297480.300000006
2025-08-01 10:10:00 AM,1379.7,1,1379.7,16298860.000000006
2025-08-01 10:10:14 AM,1379.5,4,5518.0,16304378.000000006
2025-08-01 10:10:26 AM,1378.8,0,0.0,16304378.000000006
2025-08-01 10:10:26 AM,1378.8,20,27576.0,16331954.000000006
2025-08-01 10:10:35 AM,1378.9,0,0.0,16331954.000000006
2025-08-01 10:10:36 AM,1378.9,5,6894.5,16338848.500000006
2025-08-01 10:10:43 AM,1378.9,8,11031.2,16349879.700000005
2025-08-01 10:10:54 AM,1378.9,4,5515.6,16355395.300000004
2025-08-01 10:11:00 AM,1380.1,0,0.0,16355395.300000004
2025-08-01 10:11:00 AM,1380.1,20,27602.0,16382997.300000004
2025-08-01 10:11:12 AM,1380.1,7,9660.699999999999,16392658.000000004
2025-08-01 10:11:18 AM,1380.1,15,20701.5,16413359.500000004
2025-08-01 10:11:30 AM,1380.1,4,5520.4,16418879.900000004
2025-08-01 10:11:32 AM,1381.1,0,0.0,16418879.900000004
2025-08-01 10:11:34 AM,1381.1,8,11048.8,16429928.700000005
2025-08-01 10:11:40 AM,1381.2,5,6906.0,16436834.700000005
2025-08-01 10:11:50 AM,1380.1,0,0.0,16436834.700000005
2025-08-01 10:11:52 AM,1380.1,5,6900.5,16443735.200000005
2025-08-01 10:12:05 AM,1379.4,0,0.0,16443735.200000005
2025-08-01 10:12:05 AM,1379.4,8,11035.2,16454770.400000004
2025-08-01 10:12:10 AM,1379.4,6,8276.400000000001,16463046.800000004
2025-08-01 10:12:27 AM,1379.4,4,5517.6,16468564.400000004
2025-08-01 10:12:38 AM,1379.0,0,0.0,16468564.400000004
2025-08-01 10:12:39 AM,1379.0,37,51023.0,16519587.400000004
2025-08-01 10:12:47 AM,1379.4,0,0.0,16519587.400000004
2025-08-01 10:12:50 AM,1379.4,5,6897.0,16526484.400000004
2025-08-01 10:13:02 AM,1380.7,5,6903.5,16533387.900000004
2025-08-01 10:13:05 AM,1379.6,0,0.0,16533387.900000004
2025-08-01 10:13:07 AM,1379.6,4,5518.4,16538906.300000004
2025-08-01 10:13:25 AM,1379.1,5,6895.5,16545801.800000004
2025-08-01 10:13:43 AM,1379.5,4,5518.0,16551319.800000004
2025-08-01 10:14:07 AM,1379.5,5,6897.5,16558217.300000004
2025-08-01 10:14:18 AM,1379.5,1,1379.5,16559596.800000004
2025-08-01 10:14:24 AM,1380.7,6,8284.2,16567881.000000004
2025-08-01 10:14:31 AM,1380.6,1,1380.6,16569261.600000003
2025-08-01 10:14:41 AM,1379.7,0,0.0,16569261.600000003
2025-08-01 10:14:41 AM,1379.7,4,5518.8,16574780.400000004
2025-08-01 10:14:47 AM,1379.7,4,5518.8,16580299.200000005
2025-08-01 10:14:59 AM,1379.7,5,6898.5,16587197.700000005
2025-08-01 10:15:16 AM,1381.2,0,0.0,16587197.700000005
2025-08-01 10:15:16 AM,1381.2,3,4143.6,16591341.300000004
2025-08-01 10:15:19 AM,1380.0,0,0.0,16591341.300000004
2025-08-01 10:15:22 AM,1380.0,4,5520.0,16596861.300000004
2025-08-01 10:15:38 AM,1379.8,0,0.0,16596861.300000004
2025-08-01 10:15:40 AM,1379.8,5,6899.0,16603760.300000004
2025-08-01 10:15:56 AM,1380.0,0,0.0,16603760.300000004
2025-08-01 10:15:58 AM,1380.0,4,5520.0,16609280.300000004
2025-08-01 10:16:16 AM,1379.8,5,6899.0,16616179.300000004
2025-08-01 10:16:17 AM,1380.0,0,0.0,16616179.300000004
2025-08-01 10:16:21 AM,1380.0,1,1380.0,16617559.300000004
2025-08-01 10:16:27 AM,1380.0,1,1380.0,16618939.300000004
2025-08-01 10:16:35 AM,1379.7,0,0.0,16618939.300000004
2025-08-01 10:16:39 AM,1379.7,5,6898.5,16625837.800000004
2025-08-01 10:16:53 AM,1380.0,0,0.0,16625837.800000004
2025-08-01 10:16:55 AM,1381.3,0,0.0,16625837.800000004
2025-08-01 10:16:56 AM,1381.3,14,19338.2,16645176.000000004
2025-08-01 10:17:12 AM,1380.0,1,1380.0,16646556.000000004
2025-08-01 10:17:14 AM,1379.5,0,0.0,16646556.000000004
2025-08-01 10:17:18 AM,1379.5,4,5518.0,16652074.000000004
2025-08-01 10:17:36 AM,1379.5,4,5518.0,16657592.000000004
2025-08-01 10:17:53 AM,1379.5,8,11036.0,16668628.000000004
2025-08-01 10:18:10 AM,1379.6,0,0.0,16668628.000000004
2025-08-01 10:18:11 AM,1379.6,4,5518.4,16674146.400000004
2025-08-01 10:18:22 AM,1379.5,14,19313.0,16693459.400000004
2025-08-01 10:18:28 AM,1379.5,5,6897.5,16700356.900000004
2025-08-01 10:18:34 AM,1379.5,1,1379.5,16701736.400000004
2025-08-01 10:18:37 AM,1380.3,0,0.0,16701736.400000004
2025-08-01 10:18:40 AM,1380.3,30,41409.0,16743145.400000004
2025-08-01 10:18:45 AM,1378.8,0,0.0,16743145.400000004
2025-08-01 10:18:45 AM,1378.8,141,194410.8,16937556.200000003
2025-08-01 10:18:48 AM,1378.0,0,0.0,16937556.200000003
2025-08-01 10:18:51 AM,1378.0,5,6890.0,16944446.200000003
2025-08-01 10:19:08 AM,1378.0,4,5512.0,16949958.200000003
2025-08-01 10:19:26 AM,1378.0,3,4134.0,16954092.200000003
2025-08-01 10:19:30 AM,1377.6,0,0.0,16954092.200000003
2025-08-01 10:19:31 AM,1377.6,2,2755.2,16956847.400000002
2025-08-01 10:19:45 AM,1378.0,0,0.0,16956847.400000002
2025-08-01 10:19:45 AM,1376.1,0,0.0,16956847.400000002
2025-08-01 10:19:48 AM,1376.1,91,125225.09999999999,17082072.500000004
2025-08-01 10:19:54 AM,1376.2,0,0.0,17082072.500000004
2025-08-01 10:19:54 AM,1376.2,3,4128.6,17086201.100000005
2025-08-01 10:19:59 AM,1376.4,379,521655.60000000003,17607856.700000007
2025-08-01 10:20:04 AM,1377.9,0,0.0,17607856.700000007
2025-08-01 10:20:05 AM,1377.9,5,6889.5,17614746.200000007
2025-08-01 10:20:11 AM,1379.3,5,6896.5,17621642.700000007
2025-08-01 10:20:22 AM,1377.3,4,5509.2,17627151.900000006
2025-08-01 10:20:26 AM,1379.9,0,0.0,17627151.900000006
2025-08-01 10:20:28 AM,1379.9,100,137990.0,17765141.900000006
2025-08-01 10:20:41 AM,1379.3,0,0.0,17765141.900000006
2025-08-01 10:20:42 AM,1379.3,5,6896.5,17772038.400000006
2025-08-01 10:20:48 AM,1378.3,1,1378.3,17773416.700000007
2025-08-01 10:21:01 AM,1378.5,0,0.0,17773416.700000007
2025-08-01 10:21:03 AM,1378.5,5,6892.5,17780309.200000007
2025-08-01 10:21:19 AM,1378.7,0,0.0,17780309.200000007
2025-08-01 10:21:20 AM,1378.7,4,5514.8,17785824.000000007
2025-08-01 10:21:38 AM,1378.9,0,0.0,17785824.000000007
2025-08-01 10:21:38 AM,1378.9,5,6894.5,17792718.500000007
2025-08-01 10:21:47 AM,1380.0,0,0.0,17792718.500000007
2025-08-01 10:21:47 AM,1380.0,11,15180.0,17807898.500000007
2025-08-01 10:21:53 AM,1380.2,0,0.0,17807898.500000007
2025-08-01 10:21:53 AM,1380.2,5,6901.0,17814799.500000007
2025-08-01 10:21:59 AM,1379.2,0,0.0,17814799.500000007
2025-08-01 10:21:59 AM,1379.2,4,5516.8,17820316.30000001
2025-08-01 10:22:16 AM,1380.0,5,6900.0,17827216.30000001
2025-08-01 10:22:22 AM,1379.9,16,22078.4,17849294.700000007
2025-08-01 10:22:28 AM,1383.0,150,207450.0,18056744.700000007
2025-08-01 10:22:35 AM,1381.1,0,0.0,18056744.700000007
2025-08-01 10:22:36 AM,1381.7,6,8290.2,18065034.900000006
2025-08-01 10:22:55 AM,1381.0,5,6905.0,18071939.900000006
2025-08-01 10:22:58 AM,1381.0,1,1381.0,18073320.900000006
2025-08-01 10:23:13 AM,1380.9,0,0.0,18073320.900000006
2025-08-01 10:23:15 AM,1380.9,2,2761.8,18076082.700000007
2025-08-01 10:23:16 AM,1380.2,0,0.0,18076082.700000007
2025-08-01 10:23:18 AM,1380.2,3,4140.6,18080223.30000001
2025-08-01 10:23:19 AM,1379.7,0,0.0,18080223.30000001
2025-08-01 10:23:21 AM,1379.7,3,4139.1,18084362.40000001
2025-08-01 10:23:33 AM,1379.8,4,5519.2,18089881.60000001
2025-08-01 10:23:51 AM,1380.0,5,6900.0,18096781.60000001
2025-08-01 10:24:10 AM,1379.8,0,0.0,18096781.60000001
2025-08-01 10:24:10 AM,1381.6,0,0.0,18096781.60000001
2025-08-01 10:24:12 AM,1381.6,5,6908.0,18103689.60000001
2025-08-01 10:24:13 AM,1380.1,1,1380.1,18105069.70000001
2025-08-01 10:24:24 AM,1381.6,1,1381.6,18106451.300000012
2025-08-01 10:24:29 AM,1380.0,0,0.0,18106451.300000012
2025-08-01 10:24:30 AM,1380.0,5,6900.0,18113351.300000012
2025-08-01 10:24:48 AM,1379.5,0,0.0,18113351.300000012
2025-08-01 10:24:50 AM,1379.5,4,5518.0,18118869.300000012
2025-08-01 10:25:01 AM,1379.5,1,1379.5,18120248.800000012
2025-08-01 10:25:07 AM,1379.5,5,6897.5,18127146.300000012
2025-08-01 10:25:27 AM,1379.5,5,6897.5,18134043.800000012
2025-08-01 10:25:44 AM,1381.2,0,0.0,18134043.800000012
2025-08-01 10:25:45 AM,1379.8,0,0.0,18134043.800000012
2025-08-01 10:25:47 AM,1379.8,14,19317.2,18153361.00000001
2025-08-01 10:26:05 AM,1379.7,0,0.0,18153361.00000001
2025-08-01 10:26:05 AM,1379.7,5,6898.5,18160259.50000001
2025-08-01 10:26:23 AM,1381.8,0,0.0,18160259.50000001
2025-08-01 10:26:26 AM,1381.8,68,93962.4,18254221.90000001
2025-08-01 10:26:42 AM,1381.6,0,0.0,18254221.90000001
2025-08-01 10:26:43 AM,1381.6,5,6908.0,18261129.90000001
2025-08-01 10:27:02 AM,1380.9,0,0.0,18261129.90000001
2025-08-01 10:27:03 AM,1380.9,4,5523.6,18266653.50000001
2025-08-01 10:27:12 AM,1380.9,1,1380.9,18268034.40000001
2025-08-01 10:27:20 AM,1380.7,0,0.0,18268034.40000001
2025-08-01 10:27:20 AM,1380.7,5,6903.5,18274937.90000001
2025-08-01 10:27:39 AM,1380.6,5,6903.0,18281840.90000001
2025-08-01 10:27:58 AM,1380.1,0,0.0,18281840.90000001
2025-08-01 10:27:58 AM,1380.1,4,5520.4,18287361.30000001
2025-08-01 10:28:08 AM,1382.0,0,0.0,18287361.30000001
2025-08-01 10:28:09 AM,1382.0,50,69100.0,18356461.30000001
2025-08-01 10:28:16 AM,1382.0,10,13820.0,18370281.30000001
2025-08-01 10:28:17 AM,1380.8,0,0.0,18370281.30000001
2025-08-01 10:28:19 AM,1380.8,5,6904.0,18377185.30000001
2025-08-01 10:28:36 AM,1380.7,0,0.0,18377185.30000001
2025-08-01 10:28:36 AM,1380.7,4,5522.8,18382708.10000001
2025-08-01 10:28:56 AM,1380.7,2,2761.4,18385469.500000007
2025-08-01 10:28:58 AM,1380.3,3,4140.9,18389610.400000006
2025-08-01 10:29:15 AM,1380.3,4,5521.2,18395131.600000005
2025-08-01 10:29:20 AM,1380.3,1,1380.3,18396511.900000006
2025-08-01 10:29:22 AM,1381.5,0,0.0,18396511.900000006
2025-08-01 10:29:24 AM,1381.5,2,2763.0,18399274.900000006
2025-08-01 10:29:31 AM,1381.5,10,13815.0,18413089.900000006
2025-08-01 10:29:34 AM,1380.5,0,0.0,18413089.900000006
2025-08-01 10:29:34 AM,1380.5,5,6902.5,18419992.400000006
2025-08-01 10:29:40 AM,1381.4,4,5525.6,18425518.000000007
2025-08-01 10:29:46 AM,1381.4,7,9669.800000000001,18435187.80000001
2025-08-01 10:29:52 AM,1380.1,0,0.0,18435187.80000001
2025-08-01 10:29:54 AM,1380.1,5,6900.5,18442088.30000001
2025-08-01 10:30:07 AM,1380.0,0,0.0,18442088.30000001
2025-08-01 10:30:08 AM,1380.0,30,41400.0,18483488.30000001
2025-08-01 10:30:11 AM,1380.3,4,5521.2,18489009.500000007
2025-08-01 10:30:31 AM,1380.8,0,0.0,18489009.500000007
2025-08-01 10:30:31 AM,1380.8,7,9665.6,18498675.10000001
2025-08-01 10:30:34 AM,1380.0,0,0.0,18498675.10000001
2025-08-01 10:30:34 AM,1380.0,4,5520.0,18504195.10000001
2025-08-01 10:30:49 AM,1380.5,0,0.0,18504195.10000001
2025-08-01 10:30:51 AM,1380.5,4,5522.0,18509717.10000001
2025-08-01 10:31:08 AM,1380.1,0,0.0,18509717.10000001
2025-08-01 10:31:09 AM,1380.1,5,6900.5,18516617.60000001
2025-08-01 10:31:21 AM,1381.9,0,0.0,18516617.60000001
2025-08-01 10:31:23 AM,1381.9,5,6909.5,18523527.10000001
2025-08-01 10:31:27 AM,1380.6,0,0.0,18523527.10000001
2025-08-01 10:31:28 AM,1380.6,6,8283.599999999999,18531810.70000001
2025-08-01 10:31:37 AM,1381.5,8,11052.0,18542862.70000001
2025-08-01 10:31:47 AM,1380.6,5,6903.0,18549765.70000001
2025-08-01 10:31:48 AM,1382.0,0,0.0,18549765.70000001
2025-08-01 10:31:50 AM,1382.0,20,27640.0,18577405.70000001
2025-08-01 10:32:06 AM,1381.0,0,0.0,18577405.70000001
2025-08-01 10:32:07 AM,1381.0,5,6905.0,18584310.70000001
2025-08-01 10:32:26 AM,1381.4,0,0.0,18584310.70000001
2025-08-01 10:32:26 AM,1381.4,4,5525.6,18589836.300000012
2025-08-01 10:32:39 AM,1382.8,11,15210.8,18605047.100000013
2025-08-01 10:32:45 AM,1382.8,10,13828.0,18618875.100000013
2025-08-01 10:32:47 AM,1385.1,0,0.0,18618875.100000013
2025-08-01 10:32:48 AM,1385.1,1,1385.1,18620260.200000014
2025-08-01 10:33:02 AM,1383.8,0,0.0,18620260.200000014
2025-08-01 10:33:02 AM,1383.8,4,5535.2,18625795.400000013
2025-08-01 10:33:22 AM,1383.7,5,6918.5,18632713.900000013
2025-08-01 10:33:38 AM,1383.9,0,0.0,18632713.900000013
2025-08-01 10:33:38 AM,1383.9,1,1383.9,18634097.800000012
2025-08-01 10:33:40 AM,1383.8,0,0.0,18634097.800000012
2025-08-01 10:33:40 AM,1383.8,4,5535.2,18639633.00000001
2025-08-01 10:34:00 AM,1383.9,0,0.0,18639633.00000001
2025-08-01 10:34:01 AM,1383.9,5,6919.5,18646552.50000001
2025-08-01 10:34:04 AM,1385.0,0,0.0,18646552.50000001
2025-08-01 10:34:07 AM,1385.0,5,6925.0,18653477.50000001
2025-08-01 10:34:18 AM,1384.1,0,0.0,18653477.50000001
2025-08-01 10:34:18 AM,1384.1,5,6920.5,18660398.00000001
2025-08-01 10:34:40 AM,1384.1,4,5536.4,18665934.40000001
2025-08-01 10:34:52 AM,1384.8,1,1384.8,18667319.20000001
2025-08-01 10:34:56 AM,1383.7,0,0.0,18667319.20000001
2025-08-01 10:34:58 AM,1383.7,5,6918.5,18674237.70000001
2025-08-01 10:35:15 AM,1383.7,4,5534.8,18679772.50000001
2025-08-01 10:35:31 AM,1383.5,3,4150.5,18683923.00000001
2025-08-01 10:35:34 AM,1383.4,5,6917.0,18690840.00000001
2025-08-01 10:35:38 AM,1384.5,0,0.0,18690840.00000001
2025-08-01 10:35:40 AM,1384.5,5,6922.5,18697762.50000001
2025-08-01 10:35:51 AM,1383.1,1,1383.1,18699145.600000013
2025-08-01 10:35:54 AM,1384.7,7,9692.9,18708838.50000001
2025-08-01 10:36:13 AM,1383.2,0,0.0,18708838.50000001
2025-08-01 10:36:13 AM,1383.2,5,6916.0,18715754.50000001
2025-08-01 10:36:31 AM,1383.6,0,0.0,18715754.50000001
2025-08-01 10:36:33 AM,1383.6,5,6918.0,18722672.50000001
2025-08-01 10:36:38 AM,1384.7,16,22155.2,18744827.70000001
2025-08-01 10:36:46 AM,1383.1,81,112031.09999999999,18856858.800000012
2025-08-01 10:36:51 AM,1383.0,0,0.0,18856858.800000012
2025-08-01 10:36:51 AM,1383.0,4,5532.0,18862390.800000012
2025-08-01 10:36:57 AM,1383.7,5,6918.5,18869309.300000012
2025-08-01 10:37:00 AM,1382.3,20,27646.0,18896955.300000012
2025-08-01 10:37:11 AM,1382.3,5,6911.5,18903866.800000012
2025-08-01 10:37:28 AM,1382.3,4,5529.2,18909396.00000001
2025-08-01 10:37:36 AM,1383.4,0,0.0,18909396.00000001
2025-08-01 10:37:36 AM,1383.4,10,13834.0,18923230.00000001
2025-08-01 10:37:45 AM,1383.5,5,6917.5,18930147.50000001
2025-08-01 10:37:47 AM,1382.4,0,0.0,18930147.50000001
2025-08-01 10:37:47 AM,1382.4,5,6912.0,18937059.50000001
2025-08-01 10:37:56 AM,1382.4,1,1382.4,18938441.90000001
2025-08-01 10:38:06 AM,1383.3,0,0.0,18938441.90000001
2025-08-01 10:38:08 AM,1383.3,6,8299.8,18946741.70000001
2025-08-01 10:38:20 AM,1383.0,0,0.0,18946741.70000001
2025-08-01 10:38:20 AM,1383.0,13,17979.0,18964720.70000001
2025-08-01 10:38:26 AM,1383.0,5,6915.0,18971635.70000001
2025-08-01 10:38:38 AM,1383.0,7,9681.0,18981316.70000001
2025-08-01 10:38:44 AM,1382.8,1,1382.8,18982699.50000001
2025-08-01 10:38:47 AM,1382.0,25,34550.0,19017249.50000001
2025-08-01 10:38:52 AM,1382.0,4,5528.0,19022777.50000001
2025-08-01 10:38:58 AM,1382.0,17,23494.0,19046271.50000001
2025-08-01 10:39:03 AM,1382.3,0,0.0,19046271.50000001
2025-08-01 10:39:03 AM,1382.3,8,11058.4,19057329.90000001
2025-08-01 10:39:14 AM,1381.2,8,11049.6,19068379.50000001
2025-08-01 10:39:22 AM,1381.0,0,0.0,19068379.50000001
2025-08-01 10:39:23 AM,1381.0,6,8286.0,19076665.50000001
2025-08-01 10:39:32 AM,1382.8,0,0.0,19076665.50000001
2025-08-01 10:39:34 AM,1382.8,100,138280.0,19214945.50000001
2025-08-01 10:39:41 AM,1381.1,0,0.0,19214945.50000001
2025-08-01 10:39:42 AM,1381.1,4,5524.4,19220469.90000001
2025-08-01 10:39:47 AM,1380.4,0,0.0,19220469.90000001
2025-08-01 10:39:48 AM,1380.4,68,93867.20000000001,19314337.10000001
2025-08-01 10:40:00 AM,1380.3,0,0.0,19314337.10000001
2025-08-01 10:40:02 AM,1380.0,105,144900.0,19459237.10000001
2025-08-01 10:40:04 AM,1380.4,1,1380.4,19460617.500000007
2025-08-01 10:40:19 AM,1380.0,0,0.0,19460617.500000007
2025-08-01 10:40:21 AM,1380.0,4,5520.0,19466137.500000007
2025-08-01 10:40:29 AM,1381.3,0,0.0,19466137.500000007
2025-08-01 10:40:29 AM,1381.3,10,13813.0,19479950.500000007
2025-08-01 10:40:35 AM,1380.0,0,0.0,19479950.500000007
2025-08-01 10:40:35 AM,1380.0,50,69000.0,19548950.500000007
2025-08-01 10:40:38 AM,1380.0,5,6900.0,19555850.500000007
2025-08-01 10:40:53 AM,1380.4,0,0.0,19555850.500000007
2025-08-01 10:40:54 AM,1380.4,6,8282.400000000001,19564132.900000006
2025-08-01 10:40:57 AM,1380.3,0,0.0,19564132.900000006
2025-08-01 10:40:57 AM,1380.3,7,9662.1,19573795.000000007
2025-08-01 10:41:16 AM,1380.3,4,5521.2,19579316.200000007
2025-08-01 10:41:33 AM,1381.9,12,16582.800000000003,19595899.000000007
2025-08-01 10:41:35 AM,1380.5,0,0.0,19595899.000000007
2025-08-01 10:41:37 AM,1380.5,5,6902.5,19602801.500000007
2025-08-01 10:41:54 AM,1380.3,4,5521.2,19608322.700000007
2025-08-01 10:42:13 AM,1380.4,0,0.0,19608322.700000007
2025-08-01 10:42:15 AM,1380.4,6,8282.400000000001,19616605.100000005
2025-08-01 10:42:32 AM,1380.2,4,5520.8,19622125.900000006
2025-08-01 10:42:39 AM,1381.3,1,1381.3,19623507.200000007
2025-08-01 10:42:51 AM,1380.2,5,6901.0,19630408.200000007
2025-08-01 10:42:54 AM,1380.2,6,8281.2,19638689.400000006
2025-08-01 10:42:56 AM,1381.2,0,0.0,19638689.400000006
2025-08-01 10:42:56 AM,1381.2,20,27624.0,19666313.400000006
2025-08-01 10:43:07 AM,1380.2,3,4140.6,19670454.000000007
2025-08-01 10:43:11 AM,1380.2,5,6901.0,19677355.000000007
2025-08-01 10:43:29 AM,1380.0,4,5520.0,19682875.000000007
2025-08-01 10:43:34 AM,1380.9,0,0.0,19682875.000000007
2025-08-01 10:43:34 AM,1380.9,1,1380.9,19684255.900000006
2025-08-01 10:43:48 AM,1380.1,0,0.0,19684255.900000006
2025-08-01 10:43:48 AM,1380.1,5,6900.5,19691156.400000006
2025-08-01 10:43:58 AM,1381.2,0,0.0,19691156.400000006
2025-08-01 10:43:58 AM,1381.2,2,2762.4,19693918.800000004
2025-08-01 10:44:08 AM,1380.5,0,0.0,19693918.800000004
2025-08-01 10:44:09 AM,1380.5,4,5522.0,19699440.800000004
2025-08-01 10:44:18 AM,1381.0,0,0.0,19699440.800000004
2025-08-01 10:44:20 AM,1380.7,93,128405.1,19827845.900000006
2025-08-01 10:44:26 AM,1380.1,0,0.0,19827845.900000006
2025-08-01 10:44:28 AM,1380.1,2,2760.2,19830606.100000005
2025-08-01 10:44:28 AM,1380.0,0,0.0,19830606.100000005
2025-08-01 10:44:31 AM,1380.0,3,4140.0,19834746.100000005
2025-08-01 10:44:33 AM,1380.0,1,1380.0,19836126.100000005
2025-08-01 10:44:47 AM,1380.0,21,28980.0,19865106.100000005
2025-08-01 10:44:52 AM,1380.0,53,73140.0,19938246.100000005
2025-08-01 10:44:57 AM,1380.0,2,2760.0,19941006.100000005
2025-08-01 10:45:04 AM,1379.5,0,0.0,19941006.100000005
2025-08-01 10:45:05 AM,1379.5,4,5518.0,19946524.100000005
2025-08-01 10:45:08 AM,1379.0,0,0.0,19946524.100000005
2025-08-01 10:45:08 AM,1379.0,7,9653.0,19956177.100000005
2025-08-01 10:45:16 AM,1379.9,0,0.0,19956177.100000005
2025-08-01 10:45:17 AM,1379.9,4,5519.6,19961696.700000007
2025-08-01 10:45:23 AM,1379.0,0,0.0,19961696.700000007
2025-08-01 10:45:24 AM,1379.7,0,0.0,19961696.700000007
2025-08-01 10:45:25 AM,1379.7,6,8278.2,19969974.900000006
2025-08-01 10:45:42 AM,1379.0,0,0.0,19969974.900000006
2025-08-01 10:45:44 AM,1379.0,4,5516.0,19975490.900000006
2025-08-01 10:46:01 AM,1378.9,0,0.0,19975490.900000006
2025-08-01 10:46:03 AM,1378.9,5,6894.5,19982385.400000006
2025-08-01 10:46:05 AM,1379.6,0,0.0,19982385.400000006
2025-08-01 10:46:05 AM,1379.6,1,1379.6,19983765.000000007
2025-08-01 10:46:20 AM,1378.9,0,0.0,19983765.000000007
2025-08-01 10:46:20 AM,1378.9,3,4136.700000000001,19987901.700000007
2025-08-01 10:46:22 AM,1378.8,0,0.0,19987901.700000007
2025-08-01 10:46:22 AM,1378.8,1,1378.8,19989280.500000007
2025-08-01 10:46:32 AM,1378.8,1,1378.8,19990659.30000001
2025-08-01 10:46:43 AM,1378.8,5,6894.0,19997553.30000001
2025-08-01 10:46:51 AM,1379.3,0,0.0,19997553.30000001
2025-08-01 10:46:54 AM,1379.3,2,2758.6,20000311.90000001
2025-08-01 10:46:59 AM,1378.8,0,0.0,20000311.90000001
2025-08-01 10:46:59 AM,1378.8,5,6894.0,20007205.90000001
2025-08-01 10:47:17 AM,1378.8,2,2757.6,20009963.50000001
2025-08-01 10:47:20 AM,1378.7,0,0.0,20009963.50000001
2025-08-01 10:47:21 AM,1378.7,4,5514.8,20015478.300000012
2025-08-01 10:47:37 AM,1378.7,2,2757.4,20018235.70000001
2025-08-01 10:47:55 AM,1378.7,1,1378.7,20019614.40000001
2025-08-01 10:48:42 AM,1378.7,1,1378.7,20020993.10000001
2025-08-01 10:48:49 AM,1378.7,10,13787.0,20034780.10000001
2025-08-01 10:49:11 AM,1378.2,0,0.0,20034780.10000001
2025-08-01 10:49:11 AM,1378.2,1,1378.2,20036158.30000001
2025-08-01 10:49:13 AM,1378.6,0,0.0,20036158.30000001
2025-08-01 10:49:15 AM,1378.6,1,1378.6,20037536.90000001
2025-08-01 10:49:18 AM,1378.0,0,0.0,20037536.90000001
2025-08-01 10:49:20 AM,1378.0,13,17914.0,20055450.90000001
2025-08-01 10:49:31 AM,1378.0,1,1378.0,20056828.90000001
2025-08-01 10:50:03 AM,1378.0,90,124020.0,20180848.90000001
2025-08-01 10:50:09 AM,1378.0,9,12402.0,20193250.90000001
2025-08-01 10:50:14 AM,1378.0,10,13780.0,20207030.90000001
2025-08-01 10:50:27 AM,1378.1,0,0.0,20207030.90000001
2025-08-01 10:50:31 AM,1378.1,2,2756.2,20209787.10000001
2025-08-01 10:50:54 AM,1378.1,1,1378.1,20211165.20000001
2025-08-01 10:51:05 AM,1378.1,3,4134.299999999999,20215299.50000001
2025-08-01 10:51:08 AM,1377.8,0,0.0,20215299.50000001
2025-08-01 10:51:11 AM,1377.8,2,2755.6,20218055.100000013
2025-08-01 10:51:44 AM,1377.8,6,8266.8,20226321.900000013
2025-08-01 10:52:02 AM,1377.4,0,0.0,20226321.900000013
2025-08-01 10:52:05 AM,1377.4,1,1377.4,20227699.300000012
2025-08-01 10:52:42 AM,1377.0,0,0.0,20227699.300000012
2025-08-01 10:52:42 AM,1377.0,12,16524.0,20244223.300000012
2025-08-01 10:52:58 AM,1377.4,0,0.0,20244223.300000012
2025-08-01 10:52:58 AM,1377.4,1,1377.4,20245600.70000001
2025-08-01 10:52:59 AM,1377.4,1,1377.4,20246978.10000001
2025-08-01 10:53:31 AM,1378.1,2,2756.2,20249734.30000001
2025-08-01 10:54:24 AM,1378.1,5,6890.5,20256624.80000001
2025-08-01 10:54:34 AM,1378.1,1,1378.1,20258002.90000001
2025-08-01 10:54:50 AM,1378.7,5,6893.5,20264896.40000001
2025-08-01 10:55:12 AM,1378.1,1,1378.1,20266274.50000001
2025-08-01 10:55:16 AM,1380.5,0,0.0,20266274.50000001
2025-08-01 10:55:16 AM,1380.5,161,222260.5,20488535.00000001
2025-08-01 10:55:26 AM,1382.0,0,0.0,20488535.00000001
2025-08-01 10:55:28 AM,1382.0,50,69100.0,20557635.00000001
2025-08-01 10:55:32 AM,1381.5,0,0.0,20557635.00000001
2025-08-01 10:55:33 AM,1381.5,39,53878.5,20611513.50000001
2025-08-01 10:55:38 AM,1379.7,0,0.0,20611513.50000001
2025-08-01 10:55:39 AM,1379.6,16,22073.6,20633587.100000013
2025-08-01 10:55:50 AM,1379.3,0,0.0,20633587.100000013
2025-08-01 10:55:50 AM,1379.3,4,5517.2,20639104.300000012
2025-08-01 10:56:10 AM,1380.1,0,0.0,20639104.300000012
2025-08-01 10:56:10 AM,1380.1,2,2760.2,20641864.50000001
2025-08-01 10:57:16 AM,1380.0,0,0.0,20641864.50000001
2025-08-01 10:57:19 AM,1380.0,5,6900.0,20648764.50000001
2025-08-01 10:57:22 AM,1379.3,0,0.0,20648764.50000001
2025-08-01 10:57:24 AM,1379.3,1,1379.3,20650143.800000012
2025-08-01 10:59:26 AM,1379.3,1,1379.3,20651523.100000013
2025-08-01 10:59:30 AM,1380.1,0,0.0,20651523.100000013
2025-08-01 10:59:31 AM,1380.1,59,81425.9,20732949.00000001
2025-08-01 10:59:38 AM,1381.4,0,0.0,20732949.00000001
2025-08-01 10:59:40 AM,1381.3,0,0.0,20732949.00000001
2025-08-01 10:59:42 AM,1381.3,6,8287.8,20741236.800000012
2025-08-01 10:59:48 AM,1382.3,0,0.0,20741236.800000012
2025-08-01 10:59:53 AM,1382.3,2,2764.6,20744001.400000013
2025-08-01 10:59:58 AM,1381.6,0,0.0,20744001.400000013
2025-08-01 10:59:58 AM,1381.6,1,1381.6,20745383.000000015
2025-08-01 11:00:37 AM,1382.9,0,0.0,20745383.000000015
2025-08-01 11:00:38 AM,1382.9,1,1382.9,20746765.900000013
2025-08-01 11:01:01 AM,1383.0,0,0.0,20746765.900000013
2025-08-01 11:01:04 AM,1383.0,2,2766.0,20749531.900000013
2025-08-01 11:01:13 AM,1381.7,0,0.0,20749531.900000013
2025-08-01 11:01:15 AM,1382.9,0,0.0,20749531.900000013
2025-08-01 11:01:15 AM,1382.9,3,4148.700000000001,20753680.600000013
2025-08-01 11:01:26 AM,1383.0,2,2766.0,20756446.600000013
2025-08-01 11:01:41 AM,1383.0,3,4149.0,20760595.600000013
2025-08-01 11:01:46 AM,1383.0,2,2766.0,20763361.600000013
2025-08-01 11:01:51 AM,1382.0,0,0.0,20763361.600000013
2025-08-01 11:01:51 AM,1382.0,11,15202.0,20778563.600000013
2025-08-01 11:01:55 AM,1381.6,0,0.0,20778563.600000013
2025-08-01 11:01:56 AM,1381.6,2,2763.2,20781326.800000012
2025-08-01 11:02:11 AM,1381.9,0,0.0,20781326.800000012
2025-08-01 11:02:12 AM,1381.9,1,1381.9,20782708.70000001
2025-08-01 11:02:30 AM,1381.1,83,114631.29999999999,20897340.00000001
2025-08-01 11:02:49 AM,1382.0,0,0.0,20897340.00000001
2025-08-01 11:02:51 AM,1382.0,1,1382.0,20898722.00000001
2025-08-01 11:02:55 AM,1380.8,0,0.0,20898722.00000001
2025-08-01 11:02:56 AM,1380.8,7,9665.6,20908387.600000013
2025-08-01 11:02:59 AM,1382.9,0,0.0,20908387.600000013
2025-08-01 11:03:01 AM,1382.9,10,13829.0,20922216.600000013
2025-08-01 11:03:07 AM,1381.7,0,0.0,20922216.600000013
2025-08-01 11:03:08 AM,1381.7,2,2763.4,20924980.00000001
2025-08-01 11:03:27 AM,1382.9,0,0.0,20924980.00000001
2025-08-01 11:03:28 AM,1382.9,2,2765.8,20927745.800000012
2025-08-01 11:03:53 AM,1381.0,0,0.0,20927745.800000012
2025-08-01 11:03:53 AM,1381.0,1,1381.0,20929126.800000012
2025-08-01 11:04:05 AM,1381.5,0,0.0,20929126.800000012
2025-08-01 11:04:06 AM,1381.5,1,1381.5,20930508.300000012
2025-08-01 11:04:11 AM,1381.1,0,0.0,20930508.300000012
2025-08-01 11:04:11 AM,1381.1,50,69055.0,20999563.300000012
2025-08-01 11:04:19 AM,1381.1,1,1381.1,21000944.400000013
2025-08-01 11:04:23 AM,1380.9,0,0.0,21000944.400000013
2025-08-01 11:04:24 AM,1380.9,5,6904.5,21007848.900000013
2025-08-01 11:04:26 AM,1381.1,2,2762.2,21010611.100000013
2025-08-01 11:05:53 AM,1381.2,0,0.0,21010611.100000013
2025-08-01 11:05:55 AM,1381.2,1,1381.2,21011992.300000012
2025-08-01 11:06:00 AM,1381.2,1,1381.2,21013373.50000001
2025-08-01 11:06:34 AM,1382.4,0,0.0,21013373.50000001
2025-08-01 11:06:34 AM,1382.4,1,1382.4,21014755.90000001
2025-08-01 11:06:46 AM,1381.0,0,0.0,21014755.90000001
2025-08-01 11:06:47 AM,1382.4,0,0.0,21014755.90000001
2025-08-01 11:06:47 AM,1382.4,3,4147.200000000001,21018903.10000001
2025-08-01 11:06:56 AM,1382.2,0,0.0,21018903.10000001
2025-08-01 11:06:58 AM,1382.2,2,2764.4,21021667.500000007
2025-08-01 11:08:07 AM,1381.1,0,0.0,21021667.500000007
2025-08-01 11:08:08 AM,1381.1,1,1381.1,21023048.60000001
2025-08-01 11:09:52 AM,1382.2,0,0.0,21023048.60000001
2025-08-01 11:09:52 AM,1382.2,2,2764.4,21025813.000000007
2025-08-01 11:10:06 AM,1381.2,0,0.0,21025813.000000007
2025-08-01 11:10:07 AM,1381.2,1,1381.2,21027194.200000007
2025-08-01 11:10:12 AM,1381.2,1,1381.2,21028575.400000006
2025-08-01 11:11:22 AM,1381.4,0,0.0,21028575.400000006
2025-08-01 11:11:23 AM,1381.4,1,1381.4,21029956.800000004
2025-08-01 11:11:34 AM,1383.3,0,0.0,21029956.800000004
2025-08-01 11:11:34 AM,1383.3,50,69165.0,21099121.800000004
2025-08-01 11:11:40 AM,1381.9,0,0.0,21099121.800000004
2025-08-01 11:11:40 AM,1381.9,3,4145.700000000001,21103267.500000004
2025-08-01 11:11:44 AM,1381.4,0,0.0,21103267.500000004
2025-08-01 11:11:45 AM,1381.4,2,2762.8,21106030.300000004
2025-08-01 11:12:20 AM,1381.8,0,0.0,21106030.300000004
2025-08-01 11:12:22 AM,1381.8,1,1381.8,21107412.100000005
2025-08-01 11:13:04 AM,1383.7,10,13837.0,21121249.100000005
2025-08-01 11:13:08 AM,1382.5,0,0.0,21121249.100000005
2025-08-01 11:13:09 AM,1382.5,1,1382.5,21122631.600000005
2025-08-01 11:13:15 AM,1382.5,2,2765.0,21125396.600000005
2025-08-01 11:14:33 AM,1381.8,0,0.0,21125396.600000005
2025-08-01 11:14:36 AM,1381.8,1,1381.8,21126778.400000006
2025-08-01 11:14:51 AM,1381.3,0,0.0,21126778.400000006
2025-08-01 11:14:52 AM,1382.5,11,15207.5,21141985.900000006
2025-08-01 11:15:09 AM,1381.6,0,0.0,21141985.900000006
2025-08-01 11:15:09 AM,1381.6,1,1381.6,21143367.500000007
2025-08-01 11:15:39 AM,1382.5,0,0.0,21143367.500000007
2025-08-01 11:15:40 AM,1382.5,26,35945.0,21179312.500000007
2025-08-01 11:15:47 AM,1381.5,0,0.0,21179312.500000007
2025-08-01 11:15:51 AM,1381.5,11,15196.5,21194509.000000007
2025-08-01 11:15:53 AM,1381.2,0,0.0,21194509.000000007
2025-08-01 11:15:55 AM,1381.2,2,2762.4,21197271.400000006
2025-08-01 11:16:03 AM,1382.1,0,0.0,21197271.400000006
2025-08-01 11:16:06 AM,1381.2,27,37292.4,21234563.800000004
2025-08-01 11:16:28 AM,1381.2,3,4143.6,21238707.400000006
2025-08-01 11:16:38 AM,1381.2,1,1381.2,21240088.600000005
2025-08-01 11:17:19 AM,1382.4,0,0.0,21240088.600000005
2025-08-01 11:17:20 AM,1382.4,5,6912.0,21247000.600000005
2025-08-01 11:17:29 AM,1380.3,0,0.0,21247000.600000005
2025-08-01 11:17:31 AM,1380.3,55,75916.5,21322917.100000005
2025-08-01 11:17:41 AM,1380.4,0,0.0,21322917.100000005
2025-08-01 11:17:42 AM,1380.4,6,8282.400000000001,21331199.500000004
2025-08-01 11:17:49 AM,1382.3,0,0.0,21331199.500000004
2025-08-01 11:17:49 AM,1382.3,1,1382.3,21332581.800000004
2025-08-01 11:17:53 AM,1380.4,0,0.0,21332581.800000004
2025-08-01 11:17:54 AM,1380.4,34,46933.600000000006,21379515.400000006
2025-08-01 11:18:03 AM,1380.4,4,5521.6,21385037.000000007
2025-08-01 11:18:19 AM,1380.3,0,0.0,21385037.000000007
2025-08-01 11:18:19 AM,1380.3,1,1380.3,21386417.30000001
2025-08-01 11:18:48 AM,1380.3,1,1380.3,21387797.60000001
2025-08-01 11:19:59 AM,1380.0,0,0.0,21387797.60000001
2025-08-01 11:20:00 AM,1380.0,98,135240.0,21523037.60000001
2025-08-01 11:20:05 AM,1380.0,23,31740.0,21554777.60000001
2025-08-01 11:20:16 AM,1380.0,13,17940.0,21572717.60000001
2025-08-01 11:20:32 AM,1379.3,0,0.0,21572717.60000001
2025-08-01 11:20:37 AM,1379.3,1,1379.3,21574096.90000001
2025-08-01 11:20:57 AM,1379.3,1,1379.3,21575476.20000001
2025-08-01 11:21:44 AM,1378.8,0,0.0,21575476.20000001
2025-08-01 11:21:44 AM,1378.8,12,16545.6,21592021.800000012
2025-08-01 11:21:48 AM,1378.9,0,0.0,21592021.800000012
2025-08-01 11:21:49 AM,1378.9,2,2757.8,21594779.600000013
2025-08-01 11:21:54 AM,1378.9,3,4136.700000000001,21598916.300000012
2025-08-01 11:22:58 AM,1381.2,36,49723.200000000004,21648639.50000001
2025-08-01 11:23:04 AM,1379.4,0,0.0,21648639.50000001
2025-08-01 11:23:08 AM,1379.4,4,5517.6,21654157.100000013
2025-08-01 11:23:09 AM,1379.0,1,1379.0,21655536.100000013
2025-08-01 11:23:14 AM,1380.3,3,4140.9,21659677.00000001
2025-08-01 11:24:40 AM,1380.6,0,0.0,21659677.00000001
2025-08-01 11:24:42 AM,1380.6,10,13806.0,21673483.00000001
2025-08-01 11:24:58 AM,1379.2,1,1379.2,21674862.20000001
2025-08-01 11:25:14 AM,1379.2,1,1379.2,21676241.40000001
2025-08-01 11:25:17 AM,1379.3,0,0.0,21676241.40000001
2025-08-01 11:25:19 AM,1379.3,1,1379.3,21677620.70000001
2025-08-01 11:25:21 AM,1380.7,0,0.0,21677620.70000001
2025-08-01 11:25:23 AM,1380.7,4,5522.8,21683143.50000001
2025-08-01 11:27:27 AM,1379.3,1,1379.3,21684522.800000012
2025-08-01 11:27:32 AM,1380.3,1,1380.3,21685903.100000013
2025-08-01 11:27:36 AM,1378.9,0,0.0,21685903.100000013
2025-08-01 11:27:37 AM,1378.9,5,6894.5,21692797.600000013
2025-08-01 11:27:49 AM,1379.0,0,0.0,21692797.600000013
2025-08-01 11:27:49 AM,1379.0,1,1379.0,21694176.600000013
2025-08-01 11:28:02 AM,1378.9,0,0.0,21694176.600000013
2025-08-01 11:28:03 AM,1378.9,15,20683.5,21714860.100000013
2025-08-01 11:28:08 AM,1378.8,1,1378.8,21716238.900000013
2025-08-01 11:28:29 AM,1378.8,1,1378.8,21717617.700000014
2025-08-01 11:29:28 AM,1379.9,1,1379.9,21718997.600000013
2025-08-01 11:29:36 AM,1378.8,1,1378.8,21720376.400000013
2025-08-01 11:31:41 AM,1378.8,1,1378.8,21721755.200000014
2025-08-01 11:33:11 AM,1378.7,13,17923.100000000002,21739678.300000016
2025-08-01 11:33:16 AM,1380.0,0,0.0,21739678.300000016
2025-08-01 11:33:16 AM,1380.0,200,276000.0,22015678.300000016
2025-08-01 11:33:20 AM,1380.0,19,26220.0,22041898.300000016
2025-08-01 11:33:31 AM,1378.7,0,0.0,22041898.300000016
2025-08-01 11:33:35 AM,1378.7,23,31710.100000000002,22073608.400000017
2025-08-01 11:33:51 AM,1378.7,3,4136.1,22077744.50000002
2025-08-01 11:34:11 AM,1378.7,1,1378.7,22079123.200000018
2025-08-01 11:34:31 AM,1378.7,10,13787.0,22092910.200000018
2025-08-01 11:34:47 AM,1378.7,1,1378.7,22094288.900000017
2025-08-01 11:35:19 AM,1378.7,1,1378.7,22095667.600000016
2025-08-01 11:35:22 AM,1379.9,0,0.0,22095667.600000016
2025-08-01 11:35:24 AM,1379.9,1,1379.9,22097047.500000015
2025-08-01 11:35:29 AM,1379.8,0,0.0,22097047.500000015
2025-08-01 11:35:30 AM,1379.8,1,1379.8,22098427.300000016
2025-08-01 11:35:39 AM,1380.0,0,0.0,22098427.300000016
2025-08-01 11:35:40 AM,1380.0,11,15180.0,22113607.300000016
2025-08-01 11:35:45 AM,1380.0,1,1380.0,22114987.300000016
2025-08-01 11:35:55 AM,1380.0,2,2760.0,22117747.300000016
2025-08-01 11:35:57 AM,1381.0,0,0.0,22117747.300000016
2025-08-01 11:36:00 AM,1381.0,66,91146.0,22208893.300000016
2025-08-01 11:36:07 AM,1378.7,0,0.0,22208893.300000016
2025-08-01 11:36:11 AM,1378.7,7,9650.9,22218544.200000014
2025-08-01 11:36:31 AM,1378.7,1,1378.7,22219922.900000013
2025-08-01 11:36:42 AM,1378.7,10,13787.0,22233709.900000013
2025-08-01 11:37:03 AM,1378.7,1,1378.7,22235088.600000013
2025-08-01 11:37:08 AM,1378.7,10,13787.0,22248875.600000013
2025-08-01 11:37:19 AM,1378.7,1,1378.7,22250254.300000012
2025-08-01 11:38:08 AM,1380.3,0,0.0,22250254.300000012
2025-08-01 11:38:10 AM,1380.3,8,11042.4,22261296.70000001
2025-08-01 11:38:16 AM,1378.7,0,0.0,22261296.70000001
2025-08-01 11:38:20 AM,1378.7,1,1378.7,22262675.40000001
2025-08-01 11:38:31 AM,1378.7,10,13787.0,22276462.40000001
2025-08-01 11:38:56 AM,1378.7,1,1378.7,22277841.10000001
2025-08-01 11:39:19 AM,1379.7,0,0.0,22277841.10000001
2025-08-01 11:39:21 AM,1379.7,1,1379.7,22279220.80000001
2025-08-01 11:39:45 AM,1379.1,0,0.0,22279220.80000001
2025-08-01 11:39:48 AM,1379.1,2,2758.2,22281979.000000007
2025-08-01 11:39:53 AM,1379.1,1,1379.1,22283358.10000001
2025-08-01 11:40:18 AM,1379.1,1,1379.1,22284737.20000001
2025-08-01 11:40:54 AM,1379.9,1,1379.9,22286117.10000001
2025-08-01 11:42:15 AM,1379.9,5,6899.5,22293016.60000001
2025-08-01 11:42:30 AM,1378.0,440,606320.0,22899336.60000001
2025-08-01 11:42:34 AM,1377.0,0,0.0,22899336.60000001
2025-08-01 11:42:36 AM,1377.0,51,70227.0,22969563.60000001
2025-08-01 11:42:42 AM,1376.5,12,16518.0,22986081.60000001
2025-08-01 11:42:49 AM,1376.1,0,0.0,22986081.60000001
2025-08-01 11:42:52 AM,1375.7,128,176089.6,23162171.20000001
2025-08-01 11:43:01 AM,1375.2,0,0.0,23162171.20000001
2025-08-01 11:43:02 AM,1375.2,5,6876.0,23169047.20000001
2025-08-01 11:43:21 AM,1375.5,0,0.0,23169047.20000001
2025-08-01 11:43:24 AM,1375.5,5,6877.5,23175924.70000001
2025-08-01 11:43:39 AM,1375.5,2,2751.0,23178675.70000001
2025-08-01 11:43:41 AM,1375.0,0,0.0,23178675.70000001
2025-08-01 11:43:43 AM,1375.5,0,0.0,23178675.70000001
2025-08-01 11:43:45 AM,1375.5,3,4126.5,23182802.20000001
2025-08-01 11:43:59 AM,1375.0,0,0.0,23182802.20000001
2025-08-01 11:44:00 AM,1375.0,2,2750.0,23185552.20000001
2025-08-01 11:44:03 AM,1375.5,0,0.0,23185552.20000001
2025-08-01 11:44:06 AM,1375.5,1,1375.5,23186927.70000001
2025-08-01 11:44:12 AM,1373.8,262,359935.6,23546863.300000012
2025-08-01 11:44:18 AM,1373.0,0,0.0,23546863.300000012
2025-08-01 11:44:18 AM,1373.0,8,10984.0,23557847.300000012
2025-08-01 11:44:27 AM,1373.8,0,0.0,23557847.300000012
2025-08-01 11:44:30 AM,1373.8,8,10990.4,23568837.70000001
2025-08-01 11:44:41 AM,1373.8,5,6869.0,23575706.70000001
2025-08-01 11:44:46 AM,1373.8,15,20607.0,23596313.70000001
2025-08-01 11:44:57 AM,1373.8,4,5495.2,23601808.90000001
2025-08-01 11:45:08 AM,1373.8,2,2747.6,23604556.50000001
2025-08-01 11:45:18 AM,1373.8,5,6869.0,23611425.50000001
2025-08-01 11:45:34 AM,1373.8,5,6869.0,23618294.50000001
2025-08-01 11:45:52 AM,1374.0,0,0.0,23618294.50000001
2025-08-01 11:45:53 AM,1375.4,0,0.0,23618294.50000001
2025-08-01 11:45:56 AM,1375.4,46,63268.4,23681562.90000001
2025-08-01 11:46:08 AM,1375.1,0,0.0,23681562.90000001
2025-08-01 11:46:11 AM,1374.2,0,0.0,23681562.90000001
2025-08-01 11:46:12 AM,1374.2,2,2748.4,23684311.30000001
2025-08-01 11:46:13 AM,1374.0,0,0.0,23684311.30000001
2025-08-01 11:46:17 AM,1374.0,4,5496.0,23689807.30000001
2025-08-01 11:46:30 AM,1374.1,0,0.0,23689807.30000001
2025-08-01 11:46:33 AM,1374.1,4,5496.4,23695303.700000007
2025-08-01 11:47:10 AM,1374.1,1,1374.1,23696677.80000001
2025-08-01 11:47:17 AM,1374.2,0,0.0,23696677.80000001
2025-08-01 11:47:20 AM,1374.2,1,1374.2,23698052.000000007
2025-08-01 11:47:53 AM,1374.0,0,0.0,23698052.000000007
2025-08-01 11:47:56 AM,1374.0,2,2748.0,23700800.000000007
2025-08-01 11:48:06 AM,1374.0,1,1374.0,23702174.000000007
2025-08-01 11:48:33 AM,1373.8,0,0.0,23702174.000000007
2025-08-01 11:48:36 AM,1373.8,99,136006.19999999998,23838180.200000007
2025-08-01 11:48:46 AM,1373.8,10,13738.0,23851918.200000007
2025-08-01 11:49:06 AM,1373.8,1,1373.8,23853292.000000007
2025-08-01 11:49:22 AM,1373.8,15,20607.0,23873899.000000007
2025-08-01 11:49:43 AM,1373.8,1,1373.8,23875272.80000001
2025-08-01 11:51:12 AM,1373.2,0,0.0,23875272.80000001
2025-08-01 11:51:14 AM,1373.2,50,68660.0,23943932.80000001
2025-08-01 11:51:15 AM,1373.4,0,0.0,23943932.80000001
2025-08-01 11:51:19 AM,1373.4,5,6867.0,23950799.80000001
2025-08-01 11:51:34 AM,1373.4,1,1373.4,23952173.200000007
2025-08-01 11:51:34 AM,1374.7,0,0.0,23952173.200000007
2025-08-01 11:51:34 AM,1374.7,5,6873.5,23959046.700000007
2025-08-01 11:51:58 AM,1375.2,0,0.0,23959046.700000007
2025-08-01 11:51:59 AM,1375.2,20,27504.0,23986550.700000007
2025-08-01 11:52:13 AM,1374.2,0,0.0,23986550.700000007
2025-08-01 11:52:14 AM,1374.2,2,2748.4,23989299.100000005
2025-08-01 11:52:20 AM,1376.0,0,0.0,23989299.100000005
2025-08-01 11:52:20 AM,1376.0,10,13760.0,24003059.100000005
2025-08-01 11:52:31 AM,1374.7,0,0.0,24003059.100000005
2025-08-01 11:52:34 AM,1374.7,2,2749.4,24005808.500000004
2025-08-01 11:53:01 AM,1374.2,0,0.0,24005808.500000004
2025-08-01 11:53:02 AM,1374.1,0,0.0,24005808.500000004
2025-08-01 11:53:04 AM,1374.1,31,42597.1,24048405.600000005
2025-08-01 11:53:09 AM,1374.2,0,0.0,24048405.600000005
2025-08-01 11:53:10 AM,1374.2,3,4122.6,24052528.200000007
2025-08-01 11:53:12 AM,1375.5,0,0.0,24052528.200000007
2025-08-01 11:53:15 AM,1375.5,1,1375.5,24053903.700000007
2025-08-01 11:54:01 AM,1375.1,0,0.0,24053903.700000007
2025-08-01 11:54:05 AM,1375.1,1,1375.1,24055278.80000001
2025-08-01 11:54:12 AM,1375.5,0,0.0,24055278.80000001
2025-08-01 11:54:16 AM,1375.5,13,17881.5,24073160.30000001
2025-08-01 11:54:25 AM,1374.3,0,0.0,24073160.30000001
2025-08-01 11:54:26 AM,1374.3,2,2748.6,24075908.90000001
2025-08-01 11:55:30 AM,1374.2,0,0.0,24075908.90000001
2025-08-01 11:55:32 AM,1374.2,3,4122.6,24080031.50000001
2025-08-01 11:56:41 AM,1374.8,0,0.0,24080031.50000001
2025-08-01 11:56:43 AM,1374.8,1,1374.8,24081406.300000012
2025-08-01 11:59:48 AM,1375.9,0,0.0,24081406.300000012
2025-08-01 11:59:48 AM,1375.9,18,24766.2,24106172.50000001
2025-08-01 12:00:06 PM,1375.7,2,2751.4,24108923.90000001
2025-08-01 12:00:08 PM,1374.8,0,0.0,24108923.90000001
2025-08-01 12:00:09 PM,1374.8,1,1374.8,24110298.70000001
2025-08-01 12:00:13 PM,1374.4,0,0.0,24110298.70000001
2025-08-01 12:00:14 PM,1374.4,1,1374.4,24111673.10000001
2025-08-01 12:00:26 PM,1374.1,0,0.0,24111673.10000001
2025-08-01 12:00:27 PM,1374.1,1,1374.1,24113047.20000001
2025-08-01 12:03:27 PM,1374.3,0,0.0,24113047.20000001
2025-08-01 12:03:28 PM,1374.3,25,34357.5,24147404.70000001
2025-08-01 12:03:36 PM,1374.1,2,2748.2,24150152.90000001
2025-08-01 12:03:47 PM,1375.9,0,0.0,24150152.90000001
2025-08-01 12:03:49 PM,1375.9,100,137590.0,24287742.90000001
2025-08-01 12:03:55 PM,1374.6,0,0.0,24287742.90000001
2025-08-01 12:03:56 PM,1374.6,7,9622.199999999999,24297365.10000001
2025-08-01 12:04:01 PM,1374.3,0,0.0,24297365.10000001
2025-08-01 12:04:01 PM,1374.3,2,2748.6,24300113.70000001
2025-08-01 12:04:07 PM,1374.1,0,0.0,24300113.70000001
2025-08-01 12:04:10 PM,1374.1,1,1374.1,24301487.800000012
2025-08-01 12:04:15 PM,1374.1,1,1374.1,24302861.900000013
2025-08-01 12:06:26 PM,1372.2,0,0.0,24302861.900000013
2025-08-01 12:06:26 PM,1372.2,1054,1446298.8,25749160.700000014
2025-08-01 12:06:27 PM,1371.1,24,32906.399999999994,25782067.100000013
2025-08-01 12:06:28 PM,1370.2,0,0.0,25782067.100000013
2025-08-01 12:06:31 PM,1370.2,3,4110.6,25786177.700000014
2025-08-01 12:06:36 PM,1370.2,14,19182.8,25805360.500000015
2025-08-01 12:06:46 PM,1371.0,4,5484.0,25810844.500000015
2025-08-01 12:07:06 PM,1370.6,2,2741.2,25813585.700000014
2025-08-01 12:07:08 PM,1370.0,0,0.0,25813585.700000014
2025-08-01 12:07:11 PM,1370.0,3,4110.0,25817695.700000014
2025-08-01 12:07:16 PM,1370.0,5,6850.0,25824545.700000014
2025-08-01 12:07:24 PM,1370.1,0,0.0,25824545.700000014
2025-08-01 12:07:26 PM,1370.1,5,6850.5,25831396.200000014
2025-08-01 12:07:47 PM,1370.1,4,5480.4,25836876.600000013
2025-08-01 12:07:50 PM,1370.0,0,0.0,25836876.600000013
2025-08-01 12:07:52 PM,1370.0,80,109600.0,25946476.600000013
2025-08-01 12:07:56 PM,1370.1,0,0.0,25946476.600000013
2025-08-01 12:07:56 PM,1370.2,0,0.0,25946476.600000013
2025-08-01 12:07:57 PM,1370.2,2,2740.4,25949217.00000001
2025-08-01 12:08:07 PM,1370.2,5,6851.0,25956068.00000001
2025-08-01 12:08:22 PM,1370.2,4,5480.8,25961548.800000012
2025-08-01 12:08:36 PM,1370.7,0,0.0,25961548.800000012
2025-08-01 12:08:37 PM,1370.7,1,1370.7,25962919.50000001
2025-08-01 12:08:40 PM,1370.6,0,0.0,25962919.50000001
2025-08-01 12:08:42 PM,1370.6,5,6853.0,25969772.50000001
2025-08-01 12:08:46 PM,1370.4,0,0.0,25969772.50000001
2025-08-01 12:08:47 PM,1370.4,100,137040.0,26106812.50000001
2025-08-01 12:09:00 PM,1370.3,0,0.0,26106812.50000001
2025-08-01 12:09:02 PM,1370.3,4,5481.2,26112293.70000001
2025-08-01 12:09:20 PM,1371.8,0,0.0,26112293.70000001
2025-08-01 12:09:21 PM,1371.8,21,28807.8,26141101.50000001
2025-08-01 12:09:27 PM,1371.8,1,1371.8,26142473.300000012
2025-08-01 12:09:32 PM,1372.1,25,34302.5,26176775.800000012
2025-08-01 12:09:38 PM,1370.8,0,0.0,26176775.800000012
2025-08-01 12:09:41 PM,1370.8,5,6854.0,26183629.800000012
2025-08-01 12:09:56 PM,1371.1,4,5484.4,26189114.20000001
2025-08-01 12:10:16 PM,1370.5,0,0.0,26189114.20000001
2025-08-01 12:10:17 PM,1370.5,5,6852.5,26195966.70000001
2025-08-01 12:10:22 PM,1371.7,31,42522.700000000004,26238489.40000001
2025-08-01 12:10:27 PM,1371.7,40,54868.0,26293357.40000001
2025-08-01 12:10:37 PM,1371.7,4,5486.8,26298844.20000001
2025-08-01 12:10:56 PM,1371.7,5,6858.5,26305702.70000001
2025-08-01 12:11:17 PM,1371.7,4,5486.8,26311189.50000001
2025-08-01 12:11:31 PM,1371.7,5,6858.5,26318048.00000001
2025-08-01 12:11:40 PM,1372.4,0,0.0,26318048.00000001
2025-08-01 12:11:41 PM,1372.4,1,1372.4,26319420.40000001
2025-08-01 12:11:50 PM,1371.7,0,0.0,26319420.40000001
2025-08-01 12:11:51 PM,1371.7,5,6858.5,26326278.90000001
2025-08-01 12:12:08 PM,1371.8,0,0.0,26326278.90000001
2025-08-01 12:12:10 PM,1371.7,6,8230.2,26334509.10000001
2025-08-01 12:12:28 PM,1371.8,0,0.0,26334509.10000001
2025-08-01 12:12:28 PM,1371.7,0,0.0,26334509.10000001
2025-08-01 12:12:30 PM,1373.2,55,75526.0,26410035.10000001
2025-08-01 12:12:38 PM,1373.3,0,0.0,26410035.10000001
2025-08-01 12:12:40 PM,1373.3,50,68665.0,26478700.10000001
2025-08-01 12:12:48 PM,1372.3,0,0.0,26478700.10000001
2025-08-01 12:12:51 PM,1372.3,2,2744.6,26481444.70000001
2025-08-01 12:12:51 PM,1372.2,1,1372.2,26482816.90000001
2025-08-01 12:12:52 PM,1371.7,0,0.0,26482816.90000001
2025-08-01 12:12:56 PM,1371.7,1,1371.7,26484188.60000001
2025-08-01 12:13:06 PM,1371.7,2,2743.4,26486932.000000007
2025-08-01 12:13:08 PM,1370.9,0,0.0,26486932.000000007
2025-08-01 12:13:11 PM,1370.9,3,4112.700000000001,26491044.700000007
2025-08-01 12:13:24 PM,1372.2,0,0.0,26491044.700000007
2025-08-01 12:13:26 PM,1370.8,7,9595.6,26500640.30000001
2025-08-01 12:13:28 PM,1372.8,0,0.0,26500640.30000001
2025-08-01 12:13:31 PM,1372.8,50,68640.0,26569280.30000001
2025-08-01 12:13:50 PM,1370.8,0,0.0,26569280.30000001
2025-08-01 12:13:51 PM,1370.8,5,6854.0,26576134.30000001
2025-08-01 12:14:03 PM,1371.3,5,6856.5,26582990.80000001
2025-08-01 12:14:22 PM,1371.4,4,5485.6,26588476.40000001
2025-08-01 12:14:28 PM,1372.9,0,0.0,26588476.40000001
2025-08-01 12:14:28 PM,1372.9,5,6864.5,26595340.90000001
2025-08-01 12:14:28 PM,1371.4,0,0.0,26595340.90000001
2025-08-01 12:14:28 PM,1371.4,11,15085.400000000001,26610426.30000001
2025-08-01 12:14:41 PM,1371.4,5,6857.0,26617283.30000001
2025-08-01 12:15:00 PM,1371.4,4,5485.6,26622768.90000001
2025-08-01 12:15:21 PM,1371.4,5,6857.0,26629625.90000001
2025-08-01 12:15:42 PM,1371.4,4,5485.6,26635111.50000001
2025-08-01 12:15:53 PM,1370.1,100,137010.0,26772121.50000001
2025-08-01 12:15:57 PM,1370.2,5,6851.0,26778972.50000001
2025-08-01 12:16:02 PM,1371.6,3,4114.799999999999,26783087.300000012
2025-08-01 12:16:16 PM,1370.3,0,0.0,26783087.300000012
2025-08-01 12:16:17 PM,1370.3,5,6851.5,26789938.800000012
2025-08-01 12:16:36 PM,1370.3,4,5481.2,26795420.00000001
2025-08-01 12:16:38 PM,1372.1,0,0.0,26795420.00000001
2025-08-01 12:16:41 PM,1370.6,11,15076.599999999999,26810496.600000013
2025-08-01 12:16:54 PM,1370.1,0,0.0,26810496.600000013
2025-08-01 12:16:56 PM,1370.1,1,1370.1,26811866.700000014
2025-08-01 12:17:10 PM,1371.6,0,0.0,26811866.700000014
2025-08-01 12:17:10 PM,1371.6,1,1371.6,26813238.300000016
2025-08-01 12:17:42 PM,1372.0,0,0.0,26813238.300000016
2025-08-01 12:17:44 PM,1372.0,118,161896.0,26975134.300000016
2025-08-01 12:17:52 PM,1372.4,0,0.0,26975134.300000016
2025-08-01 12:17:52 PM,1372.2,0,0.0,26975134.300000016
2025-08-01 12:17:54 PM,1372.2,12,16466.4,26991600.700000014
2025-08-01 12:18:08 PM,1371.8,0,0.0,26991600.700000014
2025-08-01 12:18:09 PM,1371.8,76,104256.8,27095857.500000015
2025-08-01 12:18:10 PM,1372.6,0,0.0,27095857.500000015
2025-08-01 12:18:14 PM,1372.6,6,8235.599999999999,27104093.100000016
2025-08-01 12:18:30 PM,1371.8,0,0.0,27104093.100000016
2025-08-01 12:18:33 PM,1371.8,4,5487.2,27109580.300000016
2025-08-01 12:18:48 PM,1371.8,1,1371.8,27110952.100000016
2025-08-01 12:19:44 PM,1371.8,2,2743.6,27113695.700000018
2025-08-01 12:19:48 PM,1371.1,0,0.0,27113695.700000018
2025-08-01 12:19:49 PM,1371.1,100,137110.0,27250805.700000018
2025-08-01 12:19:52 PM,1370.1,0,0.0,27250805.700000018
2025-08-01 12:19:54 PM,1370.1,100,137010.0,27387815.700000018
2025-08-01 12:20:04 PM,1370.2,0,0.0,27387815.700000018
2025-08-01 12:20:04 PM,1370.2,5,6851.0,27394666.700000018
2025-08-01 12:20:07 PM,1370.0,0,0.0,27394666.700000018
2025-08-01 12:20:10 PM,1370.0,15,20550.0,27415216.700000018
2025-08-01 12:20:20 PM,1371.9,50,68595.0,27483811.700000018
2025-08-01 12:20:23 PM,1371.1,0,0.0,27483811.700000018
2025-08-01 12:20:25 PM,1371.1,5,6855.5,27490667.200000018
2025-08-01 12:20:40 PM,1371.8,0,0.0,27490667.200000018
2025-08-01 12:20:41 PM,1371.8,1,1371.8,27492039.00000002
2025-08-01 12:20:42 PM,1370.5,0,0.0,27492039.00000002
2025-08-01 12:20:46 PM,1370.5,3,4111.5,27496150.50000002
2025-08-01 12:20:47 PM,1371.5,0,0.0,27496150.50000002
2025-08-01 12:20:51 PM,1371.5,1,1371.5,27497522.00000002
2025-08-01 12:21:23 PM,1372.0,0,0.0,27497522.00000002
2025-08-01 12:21:25 PM,1372.0,4,5488.0,27503010.00000002
2025-08-01 12:21:39 PM,1371.5,0,0.0,27503010.00000002
2025-08-01 12:21:39 PM,1371.5,1,1371.5,27504381.50000002
2025-08-01 12:21:40 PM,1372.6,0,0.0,27504381.50000002
2025-08-01 12:21:40 PM,1372.6,26,35687.6,27540069.10000002
2025-08-01 12:21:42 PM,1373.7,0,0.0,27540069.10000002
2025-08-01 12:21:43 PM,1374.3,0,0.0,27540069.10000002
2025-08-01 12:21:44 PM,1374.3,25,34357.5,27574426.60000002
2025-08-01 12:21:58 PM,1373.0,0,0.0,27574426.60000002
2025-08-01 12:21:59 PM,1373.0,2,2746.0,27577172.60000002
2025-08-01 12:22:01 PM,1372.5,0,0.0,27577172.60000002
2025-08-01 12:22:04 PM,1372.5,3,4117.5,27581290.10000002
2025-08-01 12:22:48 PM,1374.8,0,0.0,27581290.10000002
2025-08-01 12:22:51 PM,1374.8,10,13748.0,27595038.10000002
2025-08-01 12:22:55 PM,1374.7,0,0.0,27595038.10000002
2025-08-01 12:22:56 PM,1374.7,2,2749.4,27597787.50000002
2025-08-01 12:23:14 PM,1373.6,0,0.0,27597787.50000002
2025-08-01 12:23:16 PM,1373.6,1,1373.6,27599161.10000002
2025-08-01 12:23:28 PM,1375.3,0,0.0,27599161.10000002
2025-08-01 12:23:30 PM,1375.3,9,12377.699999999999,27611538.80000002
2025-08-01 12:23:33 PM,1374.0,0,0.0,27611538.80000002
2025-08-01 12:23:35 PM,1374.0,1,1374.0,27612912.80000002
2025-08-01 12:23:42 PM,1373.3,0,0.0,27612912.80000002
2025-08-01 12:23:45 PM,1373.3,32,43945.6,27656858.40000002
2025-08-01 12:23:52 PM,1373.7,0,0.0,27656858.40000002
2025-08-01 12:23:55 PM,1373.7,3,4121.1,27660979.500000022
2025-08-01 12:24:03 PM,1375.1,0,0.0,27660979.500000022
2025-08-01 12:24:05 PM,1375.1,1,1375.1,27662354.600000024
2025-08-01 12:25:25 PM,1373.2,25,34330.0,27696684.600000024
2025-08-01 12:25:27 PM,1373.1,0,0.0,27696684.600000024
2025-08-01 12:25:30 PM,1373.1,3,4119.299999999999,27700803.900000025
2025-08-01 12:25:57 PM,1374.9,0,0.0,27700803.900000025
2025-08-01 12:26:00 PM,1374.9,16,21998.4,27722802.300000023
2025-08-01 12:26:05 PM,1373.3,2,2746.6,27725548.900000025
2025-08-01 12:26:19 PM,1374.6,0,0.0,27725548.900000025
2025-08-01 12:26:20 PM,1374.6,2,2749.2,27728298.100000024
2025-08-01 12:26:42 PM,1373.2,0,0.0,27728298.100000024
2025-08-01 12:26:45 PM,1373.2,14,19224.8,27747522.900000025
2025-08-01 12:27:02 PM,1372.3,0,0.0,27747522.900000025
2025-08-01 12:27:03 PM,1374.6,0,0.0,27747522.900000025
2025-08-01 12:27:06 PM,1374.6,64,87974.4,27835497.300000023
2025-08-01 12:27:08 PM,1375.5,0,0.0,27835497.300000023
2025-08-01 12:27:11 PM,1375.5,9,12379.5,27847876.800000023
2025-08-01 12:27:11 PM,1374.6,0,0.0,27847876.800000023
2025-08-01 12:27:16 PM,1374.6,7,9622.199999999999,27857499.000000022
2025-08-01 12:27:21 PM,1374.6,8,10996.8,27868495.800000023
2025-08-01 12:27:51 PM,1375.5,25,34387.5,27902883.300000023
2025-08-01 12:27:59 PM,1374.6,0,0.0,27902883.300000023
2025-08-01 12:28:00 PM,1374.6,3,4123.799999999999,27907007.100000024
2025-08-01 12:29:53 PM,1376.0,0,0.0,27907007.100000024
2025-08-01 12:29:54 PM,1376.0,100,137600.0,28044607.100000024
2025-08-01 12:30:12 PM,1375.3,0,0.0,28044607.100000024
2025-08-01 12:30:14 PM,1375.3,4,5501.2,28050108.300000023
2025-08-01 12:30:16 PM,1375.1,6,8250.599999999999,28058358.900000025
2025-08-01 12:30:32 PM,1375.1,46,63254.6,28121613.500000026
2025-08-01 12:30:51 PM,1375.1,5,6875.5,28128489.000000026
2025-08-01 12:31:12 PM,1376.5,0,0.0,28128489.000000026
2025-08-01 12:31:13 PM,1376.5,22,30283.0,28158772.000000026
2025-08-01 12:31:28 PM,1375.3,0,0.0,28158772.000000026
2025-08-01 12:31:28 PM,1375.3,2,2750.6,28161522.600000028
2025-08-01 12:31:36 PM,1377.0,0,0.0,28161522.600000028
2025-08-01 12:31:38 PM,1377.1,32,44067.2,28205589.800000027
2025-08-01 12:31:48 PM,1377.3,4,5509.2,28211099.000000026
2025-08-01 12:31:53 PM,1378.2,191,263236.2,28474335.200000025
2025-08-01 12:31:54 PM,1377.9,0,0.0,28474335.200000025
2025-08-01 12:31:54 PM,1377.9,81,111609.90000000001,28585945.100000024
2025-08-01 12:32:06 PM,1377.3,0,0.0,28585945.100000024
2025-08-01 12:32:10 PM,1377.3,12,16527.6,28602472.700000025
2025-08-01 12:32:28 PM,1376.4,0,0.0,28602472.700000025
2025-08-01 12:32:31 PM,1376.4,5,6882.0,28609354.700000025
2025-08-01 12:32:44 PM,1376.3,0,0.0,28609354.700000025
2025-08-01 12:32:45 PM,1376.3,4,5505.2,28614859.900000025
2025-08-01 12:33:04 PM,1376.5,0,0.0,28614859.900000025
2025-08-01 12:33:05 PM,1376.5,3,4129.5,28618989.400000025
2025-08-01 12:33:08 PM,1378.4,0,0.0,28618989.400000025
2025-08-01 12:33:10 PM,1378.4,93,128191.20000000001,28747180.600000024
2025-08-01 12:33:22 PM,1376.4,0,0.0,28747180.600000024
2025-08-01 12:33:24 PM,1376.8,0,0.0,28747180.600000024
2025-08-01 12:33:25 PM,1376.8,5,6884.0,28754064.600000024
2025-08-01 12:33:41 PM,1376.8,1,1376.8,28755441.400000025
2025-08-01 12:33:46 PM,1376.1,0,0.0,28755441.400000025
2025-08-01 12:33:51 PM,1376.1,3,4128.299999999999,28759569.700000025
2025-08-01 12:33:52 PM,1376.0,0,0.0,28759569.700000025
2025-08-01 12:33:56 PM,1376.0,1,1376.0,28760945.700000025
2025-08-01 12:34:01 PM,1376.0,4,5504.0,28766449.700000025
2025-08-01 12:34:20 PM,1376.2,0,0.0,28766449.700000025
2025-08-01 12:34:21 PM,1376.2,2,2752.4,28769202.100000024
2025-08-01 12:34:41 PM,1376.2,2,2752.4,28771954.500000022
2025-08-01 12:35:12 PM,1376.2,1,1376.2,28773330.70000002
2025-08-01 12:36:00 PM,1377.4,0,0.0,28773330.70000002
2025-08-01 12:36:04 PM,1377.4,3,4132.200000000001,28777462.90000002
2025-08-01 12:37:01 PM,1376.3,1,1376.3,28778839.20000002
2025-08-01 12:37:23 PM,1375.3,0,0.0,28778839.20000002
2025-08-01 12:37:25 PM,1375.3,100,137530.0,28916369.20000002
2025-08-01 12:37:27 PM,1377.2,0,0.0,28916369.20000002
2025-08-01 12:37:29 PM,1375.6,0,0.0,28916369.20000002
2025-08-01 12:37:30 PM,1375.6,20,27512.0,28943881.20000002
2025-08-01 12:37:49 PM,1375.5,0,0.0,28943881.20000002
2025-08-01 12:37:50 PM,1375.5,2,2751.0,28946632.20000002
2025-08-01 12:38:07 PM,1375.7,0,0.0,28946632.20000002
2025-08-01 12:38:09 PM,1378.1,0,0.0,28946632.20000002
2025-08-01 12:38:11 PM,1378.1,101,139188.09999999998,29085820.300000023
2025-08-01 12:38:12 PM,1375.8,0,0.0,29085820.300000023
2025-08-01 12:38:16 PM,1375.8,104,143083.19999999998,29228903.500000022
2025-08-01 12:38:27 PM,1375.8,7,9630.6,29238534.100000024
2025-08-01 12:38:29 PM,1375.5,0,0.0,29238534.100000024
2025-08-01 12:38:30 PM,1375.5,9,12379.5,29250913.600000024
2025-08-01 12:38:32 PM,1375.3,0,0.0,29250913.600000024
2025-08-01 12:38:35 PM,1375.3,11,15128.3,29266041.900000025
2025-08-01 12:38:45 PM,1375.0,0,0.0,29266041.900000025
2025-08-01 12:38:46 PM,1375.0,3,4125.0,29270166.900000025
2025-08-01 12:38:47 PM,1374.6,0,0.0,29270166.900000025
2025-08-01 12:38:49 PM,1374.6,2,2749.2,29272916.100000024
2025-08-01 12:38:55 PM,1375.9,0,0.0,29272916.100000024
2025-08-01 12:38:56 PM,1375.9,4,5503.6,29278419.700000025
2025-08-01 12:39:04 PM,1374.6,0,0.0,29278419.700000025
2025-08-01 12:39:05 PM,1374.6,4,5498.4,29283918.100000024
2025-08-01 12:39:24 PM,1374.6,4,5498.4,29289416.500000022
2025-08-01 12:39:42 PM,1374.8,0,0.0,29289416.500000022
2025-08-01 12:39:43 PM,1374.8,1,1374.8,29290791.300000023
2025-08-01 12:42:18 PM,1375.5,0,0.0,29290791.300000023
2025-08-01 12:42:19 PM,1375.5,10,13755.0,29304546.300000023
2025-08-01 12:42:34 PM,1376.7,0,0.0,29304546.300000023
2025-08-01 12:42:34 PM,1376.7,101,139046.7,29443593.000000022
2025-08-01 12:42:52 PM,1374.9,0,0.0,29443593.000000022
2025-08-01 12:42:52 PM,1374.4,0,0.0,29443593.000000022
2025-08-01 12:42:55 PM,1374.4,238,327107.2,29770700.20000002
2025-08-01 12:42:55 PM,1374.3,100,137430.0,29908130.20000002
2025-08-01 12:42:58 PM,1372.8,0,0.0,29908130.20000002
2025-08-01 12:43:00 PM,1372.8,8,10982.4,29919112.60000002
2025-08-01 12:43:11 PM,1373.0,4,5492.0,29924604.60000002
2025-08-01 12:43:33 PM,1373.0,5,6865.0,29931469.60000002
2025-08-01 12:43:42 PM,1374.8,0,0.0,29931469.60000002
2025-08-01 12:43:44 PM,1374.8,80,109984.0,30041453.60000002
2025-08-01 12:43:50 PM,1373.0,4,5492.0,30046945.60000002
2025-08-01 12:44:00 PM,1373.1,0,0.0,30046945.60000002
2025-08-01 12:44:01 PM,1373.1,10,13731.0,30060676.60000002
2025-08-01 12:44:08 PM,1373.0,0,0.0,30060676.60000002
2025-08-01 12:44:12 PM,1373.0,5,6865.0,30067541.60000002
2025-08-01 12:44:28 PM,1373.0,25,34325.0,30101866.60000002
2025-08-01 12:44:46 PM,1373.1,0,0.0,30101866.60000002
2025-08-01 12:44:48 PM,1373.1,4,5492.4,30107359.00000002
2025-08-01 12:44:56 PM,1374.3,0,0.0,30107359.00000002
2025-08-01 12:44:58 PM,1373.4,0,0.0,30107359.00000002
2025-08-01 12:44:59 PM,1373.4,2,2746.8,30110105.80000002
2025-08-01 12:45:06 PM,1373.3,0,0.0,30110105.80000002
2025-08-01 12:45:09 PM,1373.3,5,6866.5,30116972.30000002
2025-08-01 12:45:12 PM,1373.8,0,0.0,30116972.30000002
2025-08-01 12:45:14 PM,1373.8,21,28849.8,30145822.10000002
2025-08-01 12:45:24 PM,1373.0,0,0.0,30145822.10000002
2025-08-01 12:45:25 PM,1373.0,4,5492.0,30151314.10000002
2025-08-01 12:45:40 PM,1373.0,20,27460.0,30178774.10000002
2025-08-01 12:45:45 PM,1373.0,5,6865.0,30185639.10000002
2025-08-01 12:46:05 PM,1373.0,4,5492.0,30191131.10000002
2025-08-01 12:46:10 PM,1373.7,0,0.0,30191131.10000002
2025-08-01 12:46:11 PM,1373.7,1,1373.7,30192504.80000002
2025-08-01 12:46:21 PM,1373.1,2,2746.2,30195251.00000002
2025-08-01 12:46:22 PM,1373.0,0,0.0,30195251.00000002
2025-08-01 12:46:25 PM,1373.0,3,4119.0,30199370.00000002
2025-08-01 12:46:40 PM,1374.0,0,0.0,30199370.00000002
2025-08-01 12:46:41 PM,1374.0,2,2748.0,30202118.00000002
2025-08-01 12:46:44 PM,1373.0,0,0.0,30202118.00000002
2025-08-01 12:46:46 PM,1373.0,3,4119.0,30206237.00000002
2025-08-01 12:47:00 PM,1375.2,0,0.0,30206237.00000002
2025-08-01 12:47:01 PM,1375.2,50,68760.0,30274997.00000002
2025-08-01 12:47:18 PM,1373.6,0,0.0,30274997.00000002
2025-08-01 12:47:21 PM,1373.6,5,6868.0,30281865.00000002
2025-08-01 12:47:37 PM,1374.3,1,1374.3,30283239.30000002
2025-08-01 12:49:24 PM,1374.0,0,0.0,30283239.30000002
2025-08-01 12:49:26 PM,1374.0,20,27480.0,30310719.30000002
2025-08-01 12:49:31 PM,1374.0,2,2748.0,30313467.30000002
2025-08-01 12:49:56 PM,1375.2,0,0.0,30313467.30000002
2025-08-01 12:49:57 PM,1375.2,2,2750.4,30316217.700000018
2025-08-01 12:50:22 PM,1374.0,0,0.0,30316217.700000018
2025-08-01 12:50:22 PM,1374.0,7,9618.0,30325835.700000018
2025-08-01 12:50:28 PM,1374.0,1,1374.0,30327209.700000018
2025-08-01 12:52:08 PM,1374.8,0,0.0,30327209.700000018
2025-08-01 12:52:09 PM,1374.8,1,1374.8,30328584.50000002
2025-08-01 12:52:49 PM,1376.3,100,137630.0,30466214.50000002
2025-08-01 12:52:54 PM,1374.6,7,9622.199999999999,30475836.700000018
2025-08-01 12:53:00 PM,1374.3,0,0.0,30475836.700000018
2025-08-01 12:53:03 PM,1374.3,3,4122.9,30479959.600000016
2025-08-01 12:53:08 PM,1374.0,0,0.0,30479959.600000016
2025-08-01 12:53:08 PM,1374.0,8,10992.0,30490951.600000016
2025-08-01 12:53:23 PM,1374.0,1,1374.0,30492325.600000016
2025-08-01 12:54:04 PM,1374.7,3,4124.1,30496449.700000018
2025-08-01 12:55:14 PM,1373.5,0,0.0,30496449.700000018
2025-08-01 12:55:17 PM,1373.5,140,192290.0,30688739.700000018
2025-08-01 12:55:24 PM,1373.3,0,0.0,30688739.700000018
2025-08-01 12:55:27 PM,1373.3,2,2746.6,30691486.30000002
2025-08-01 12:55:30 PM,1373.2,0,0.0,30691486.30000002
2025-08-01 12:55:32 PM,1373.0,3,4119.0,30695605.30000002
2025-08-01 12:55:34 PM,1372.0,0,0.0,30695605.30000002
2025-08-01 12:55:37 PM,1372.0,11,15092.0,30710697.30000002
2025-08-01 12:55:38 PM,1371.7,0,0.0,30710697.30000002
2025-08-01 12:55:40 PM,1371.6,0,0.0,30710697.30000002
2025-08-01 12:55:42 PM,1373.7,42,57695.4,30768392.700000018
2025-08-01 12:55:51 PM,1373.0,4,5492.0,30773884.700000018
2025-08-01 12:56:12 PM,1373.0,2,2746.0,30776630.700000018
2025-08-01 12:56:16 PM,1373.7,0,0.0,30776630.700000018
2025-08-01 12:56:17 PM,1373.7,1,1373.7,30778004.400000017
2025-08-01 12:57:01 PM,1373.7,1,1373.7,30779378.100000016
2025-08-01 12:57:11 PM,1373.7,1,1373.7,30780751.800000016
2025-08-01 12:57:54 PM,1374.6,0,0.0,30780751.800000016
2025-08-01 12:57:57 PM,1374.6,173,237805.8,31018557.600000016
2025-08-01 12:58:06 PM,1374.5,0,0.0,31018557.600000016
2025-08-01 12:58:06 PM,1374.5,17,23366.5,31041924.100000016
2025-08-01 12:58:14 PM,1376.0,0,0.0,31041924.100000016
2025-08-01 12:58:16 PM,1376.0,39,53664.0,31095588.100000016
2025-08-01 12:58:24 PM,1374.6,0,0.0,31095588.100000016
2025-08-01 12:58:27 PM,1374.6,5,6873.0,31102461.100000016
2025-08-01 12:58:28 PM,1375.6,0,0.0,31102461.100000016
2025-08-01 12:58:32 PM,1375.6,5,6878.0,31109339.100000016
2025-08-01 12:58:42 PM,1374.6,2,2749.2,31112088.300000016
2025-08-01 12:59:56 PM,1375.7,0,0.0,31112088.300000016
2025-08-01 12:59:59 PM,1375.7,50,68785.0,31180873.300000016
2025-08-01 01:00:17 PM,1374.7,0,0.0,31180873.300000016
2025-08-01 01:00:20 PM,1374.6,5,6873.0,31187746.300000016
2025-08-01 01:00:30 PM,1374.6,44,60482.399999999994,31248228.700000014
2025-08-01 01:00:39 PM,1372.5,0,0.0,31248228.700000014
2025-08-01 01:00:41 PM,1372.5,5,6862.5,31255091.200000014
2025-08-01 01:00:55 PM,1372.6,0,0.0,31255091.200000014
2025-08-01 01:00:56 PM,1372.6,1,1372.6,31256463.800000016
2025-08-01 01:02:27 PM,1373.4,0,0.0,31256463.800000016
2025-08-01 01:02:28 PM,1373.4,298,409273.2,31665737.000000015
2025-08-01 01:02:31 PM,1374.3,0,0.0,31665737.000000015
2025-08-01 01:02:33 PM,1374.3,8,10994.4,31676731.400000013
2025-08-01 01:02:35 PM,1373.6,0,0.0,31676731.400000013
2025-08-01 01:02:38 PM,1373.6,18,24724.8,31701456.200000014
2025-08-01 01:02:49 PM,1374.0,0,0.0,31701456.200000014
2025-08-01 01:02:53 PM,1374.9,0,0.0,31701456.200000014
2025-08-01 01:02:53 PM,1374.9,12,16498.800000000003,31717955.000000015
2025-08-01 01:03:08 PM,1374.2,2,2748.4,31720703.400000013
2025-08-01 01:03:27 PM,1374.0,0,0.0,31720703.400000013
2025-08-01 01:03:28 PM,1374.0,40,54960.0,31775663.400000013
2025-08-01 01:03:47 PM,1374.0,4,5496.0,31781159.400000013
2025-08-01 01:04:07 PM,1374.0,1,1374.0,31782533.400000013
2025-08-01 01:04:39 PM,1375.0,0,0.0,31782533.400000013
2025-08-01 01:04:41 PM,1375.0,1,1375.0,31783908.400000013
2025-08-01 01:05:43 PM,1374.1,0,0.0,31783908.400000013
2025-08-01 01:05:43 PM,1374.1,19,26107.899999999998,31810016.300000012
2025-08-01 01:05:46 PM,1375.3,5,6876.5,31816892.800000012
2025-08-01 01:05:59 PM,1374.0,0,0.0,31816892.800000012
2025-08-01 01:06:01 PM,1374.0,2,2748.0,31819640.800000012
2025-08-01 01:06:08 PM,1375.2,1,1375.2,31821016.00000001
2025-08-01 01:06:11 PM,1374.0,0,0.0,31821016.00000001
2025-08-01 01:06:12 PM,1374.0,1,1374.0,31822390.00000001
2025-08-01 01:06:18 PM,1374.0,1,1374.0,31823764.00000001
2025-08-01 01:07:36 PM,1373.0,0,0.0,31823764.00000001
2025-08-01 01:07:36 PM,1373.0,75,102975.0,31926739.00000001
2025-08-01 01:07:38 PM,1373.1,0,0.0,31926739.00000001
2025-08-01 01:07:40 PM,1373.1,50,68655.0,31995394.00000001
2025-08-01 01:07:54 PM,1373.9,0,0.0,31995394.00000001
2025-08-01 01:07:55 PM,1373.9,12,16486.800000000003,32011880.800000012
2025-08-01 01:07:58 PM,1375.3,0,0.0,32011880.800000012
2025-08-01 01:08:00 PM,1375.3,2,2750.6,32014631.400000013
2025-08-01 01:08:12 PM,1374.1,0,0.0,32014631.400000013
2025-08-01 01:08:15 PM,1374.1,2,2748.2,32017379.600000013
2025-08-01 01:08:32 PM,1375.8,0,0.0,32017379.600000013
2025-08-01 01:08:32 PM,1375.8,1,1375.8,32018755.400000013
2025-08-01 01:08:40 PM,1374.7,0,0.0,32018755.400000013
2025-08-01 01:08:40 PM,1374.7,1,1374.7,32020130.100000013
2025-08-01 01:10:47 PM,1375.5,0,0.0,32020130.100000013
2025-08-01 01:10:48 PM,1375.5,2,2751.0,32022881.100000013
2025-08-01 01:12:28 PM,1376.1,0,0.0,32022881.100000013
2025-08-01 01:12:31 PM,1376.1,5,6880.5,32029761.600000013
2025-08-01 01:12:38 PM,1375.5,0,0.0,32029761.600000013
2025-08-01 01:12:41 PM,1375.5,1,1375.5,32031137.100000013
2025-08-01 01:12:58 PM,1376.7,50,68835.0,32099972.100000013
2025-08-01 01:13:16 PM,1375.0,0,0.0,32099972.100000013
2025-08-01 01:13:16 PM,1375.0,1,1375.0,32101347.100000013
2025-08-01 01:13:20 PM,1373.6,0,0.0,32101347.100000013
2025-08-01 01:13:21 PM,1373.6,4,5494.4,32106841.50000001
2025-08-01 01:13:36 PM,1374.1,0,0.0,32106841.50000001
2025-08-01 01:13:37 PM,1374.1,1,1374.1,32108215.600000013
2025-08-01 01:14:10 PM,1375.0,0,0.0,32108215.600000013
2025-08-01 01:14:10 PM,1375.0,1,1375.0,32109590.600000013
2025-08-01 01:15:34 PM,1375.5,0,0.0,32109590.600000013
2025-08-01 01:15:37 PM,1375.5,1,1375.5,32110966.100000013
2025-08-01 01:16:00 PM,1375.5,1,1375.5,32112341.600000013
2025-08-01 01:16:42 PM,1377.0,19,26163.0,32138504.600000013
2025-08-01 01:16:46 PM,1375.7,0,0.0,32138504.600000013
2025-08-01 01:16:47 PM,1375.7,2,2751.4,32141256.00000001
2025-08-01 01:17:06 PM,1376.9,0,0.0,32141256.00000001
2025-08-01 01:17:07 PM,1376.9,1,1376.9,32142632.90000001
2025-08-01 01:17:32 PM,1376.0,0,0.0,32142632.90000001
2025-08-01 01:17:34 PM,1376.0,1,1376.0,32144008.90000001
2025-08-01 01:19:18 PM,1375.0,0,0.0,32144008.90000001
2025-08-01 01:19:19 PM,1375.0,70,96250.0,32240258.90000001
2025-08-01 01:19:24 PM,1375.0,170,233750.0,32474008.90000001
2025-08-01 01:19:36 PM,1373.3,0,0.0,32474008.90000001
2025-08-01 01:19:38 PM,1373.3,24,32959.2,32506968.10000001
2025-08-01 01:19:39 PM,1375.1,1,1375.1,32508343.20000001
2025-08-01 01:19:42 PM,1373.8,0,0.0,32508343.20000001
2025-08-01 01:19:43 PM,1373.8,1,1373.8,32509717.00000001
2025-08-01 01:19:49 PM,1372.8,256,351436.8,32861153.800000012
2025-08-01 01:19:56 PM,1373.0,0,0.0,32861153.800000012
2025-08-01 01:19:58 PM,1373.0,7,9611.0,32870764.800000012
2025-08-01 01:20:14 PM,1371.9,4,5487.6,32876252.400000013
2025-08-01 01:20:33 PM,1372.2,5,6861.0,32883113.400000013
2025-08-01 01:20:34 PM,1374.7,0,0.0,32883113.400000013
2025-08-01 01:20:36 PM,1375.7,0,0.0,32883113.400000013
2025-08-01 01:20:38 PM,1375.7,6339,8720562.3,41603675.70000002
2025-08-01 01:20:53 PM,1374.2,1856,2550515.2,44154190.90000002
2025-08-01 01:20:56 PM,1372.5,0,0.0,44154190.90000002
2025-08-01 01:20:58 PM,1372.5,3,4117.5,44158308.40000002
2025-08-01 01:21:00 PM,1372.7,0,0.0,44158308.40000002
2025-08-01 01:21:03 PM,1372.7,1,1372.7,44159681.100000024
2025-08-01 01:21:12 PM,1372.6,0,0.0,44159681.100000024
2025-08-01 01:21:13 PM,1372.6,5,6863.0,44166544.100000024
2025-08-01 01:21:30 PM,1372.0,0,0.0,44166544.100000024
2025-08-01 01:21:33 PM,1372.0,14,19208.0,44185752.100000024
2025-08-01 01:21:38 PM,1371.7,5,6858.5,44192610.600000024
2025-08-01 01:21:40 PM,1373.3,0,0.0,44192610.600000024
2025-08-01 01:21:43 PM,1373.3,1,1373.3,44193983.90000002
2025-08-01 01:21:50 PM,1371.9,0,0.0,44193983.90000002
2025-08-01 01:21:52 PM,1371.9,4,5487.6,44199471.50000002
2025-08-01 01:22:08 PM,1371.7,0,0.0,44199471.50000002
2025-08-01 01:22:12 PM,1371.7,5,6858.5,44206330.00000002
2025-08-01 01:22:28 PM,1371.4,0,0.0,44206330.00000002
2025-08-01 01:22:30 PM,1371.4,4,5485.6,44211815.600000024
2025-08-01 01:22:46 PM,1371.5,0,0.0,44211815.600000024
2025-08-01 01:22:48 PM,1371.5,5,6857.5,44218673.100000024
2025-08-01 01:23:06 PM,1371.2,4,5484.8,44224157.90000002
2025-08-01 01:23:14 PM,1373.3,0,0.0,44224157.90000002
2025-08-01 01:23:16 PM,1373.3,25,34332.5,44258490.40000002
2025-08-01 01:23:20 PM,1371.6,0,0.0,44258490.40000002
2025-08-01 01:23:20 PM,1371.6,1,1371.6,44259862.00000002
2025-08-01 01:23:24 PM,1372.3,0,0.0,44259862.00000002
2025-08-01 01:23:25 PM,1372.3,6,8233.8,44268095.80000002
2025-08-01 01:23:44 PM,1371.6,0,0.0,44268095.80000002
2025-08-01 01:23:45 PM,1371.6,5,6858.0,44274953.80000002
2025-08-01 01:24:04 PM,1371.6,4,5486.4,44280440.20000002
2025-08-01 01:24:23 PM,1371.6,4,5486.4,44285926.60000002
2025-08-01 01:24:24 PM,1371.5,0,0.0,44285926.60000002
2025-08-01 01:24:28 PM,1371.5,1,1371.5,44287298.10000002
2025-08-01 01:24:40 PM,1371.4,0,0.0,44287298.10000002
2025-08-01 01:24:41 PM,1371.3,0,0.0,44287298.10000002
2025-08-01 01:24:42 PM,1371.3,4,5485.2,44292783.30000002
2025-08-01 01:24:50 PM,1371.0,0,0.0,44292783.30000002
2025-08-01 01:24:52 PM,1371.0,13,17823.0,44310606.30000002
2025-08-01 01:25:00 PM,1370.8,0,0.0,44310606.30000002
2025-08-01 01:25:01 PM,1370.8,5,6854.0,44317460.30000002
2025-08-01 01:25:17 PM,1371.9,0,0.0,44317460.30000002
2025-08-01 01:25:17 PM,1371.9,1,1371.9,44318832.20000002
2025-08-01 01:25:19 PM,1370.5,0,0.0,44318832.20000002
2025-08-01 01:25:22 PM,1370.5,5,6852.5,44325684.70000002
2025-08-01 01:25:41 PM,1370.5,4,5482.0,44331166.70000002
2025-08-01 01:25:53 PM,1371.0,0,0.0,44331166.70000002
2025-08-01 01:25:56 PM,1370.2,6,8221.2,44339387.90000002
2025-08-01 01:26:13 PM,1370.4,0,0.0,44339387.90000002
2025-08-01 01:26:16 PM,1370.4,5,6852.0,44346239.90000002
2025-08-01 01:26:35 PM,1370.2,0,0.0,44346239.90000002
2025-08-01 01:26:36 PM,1370.2,5,6851.0,44353090.90000002
2025-08-01 01:26:53 PM,1370.4,0,0.0,44353090.90000002
2025-08-01 01:26:55 PM,1370.4,4,5481.6,44358572.50000002
2025-08-01 01:27:05 PM,1371.0,0,0.0,44358572.50000002
2025-08-01 01:27:05 PM,1371.0,1,1371.0,44359943.50000002
2025-08-01 01:27:13 PM,1370.4,0,0.0,44359943.50000002
2025-08-01 01:27:15 PM,1370.4,5,6852.0,44366795.50000002
2025-08-01 01:27:34 PM,1370.4,5,6852.0,44373647.50000002
2025-08-01 01:27:44 PM,1370.4,43,58927.200000000004,44432574.700000025
2025-08-01 01:27:54 PM,1370.4,4,5481.6,44438056.30000003
2025-08-01 01:28:03 PM,1370.4,19,26037.600000000002,44464093.90000003
2025-08-01 01:28:13 PM,1370.4,5,6852.0,44470945.90000003
2025-08-01 01:28:32 PM,1370.4,4,5481.6,44476427.50000003
2025-08-01 01:28:37 PM,1370.4,2,2740.8,44479168.30000003
2025-08-01 01:28:51 PM,1370.4,5,6852.0,44486020.30000003
2025-08-01 01:29:10 PM,1370.4,4,5481.6,44491501.90000003
2025-08-01 01:29:20 PM,1370.4,1,1370.4,44492872.30000003
2025-08-01 01:29:26 PM,1370.2,0,0.0,44492872.30000003
2025-08-01 01:29:29 PM,1370.2,5,6851.0,44499723.30000003
2025-08-01 01:29:44 PM,1370.0,0,0.0,44499723.30000003
2025-08-01 01:29:48 PM,1370.0,5,6850.0,44506573.30000003
2025-08-01 01:30:03 PM,1370.0,4,5480.0,44512053.30000003
2025-08-01 01:30:06 PM,1370.9,0,0.0,44512053.30000003
2025-08-01 01:30:08 PM,1370.9,2,2741.8,44514795.100000024
2025-08-01 01:30:10 PM,1371.4,0,0.0,44514795.100000024
2025-08-01 01:30:13 PM,1371.4,5,6857.0,44521652.100000024
2025-08-01 01:30:22 PM,1370.0,0,0.0,44521652.100000024
2025-08-01 01:30:23 PM,1370.0,205,280850.0,44802502.100000024
2025-08-01 01:30:47 PM,1370.0,6,8220.0,44810722.100000024
2025-08-01 01:31:01 PM,1370.0,5,6850.0,44817572.100000024
2025-08-01 01:31:03 PM,1370.0,2,2740.0,44820312.100000024
2025-08-01 01:31:20 PM,1370.1,0,0.0,44820312.100000024
2025-08-01 01:31:23 PM,1370.1,4,5480.4,44825792.50000002
2025-08-01 01:31:34 PM,1370.2,0,0.0,44825792.50000002
2025-08-01 01:31:38 PM,1370.2,1,1370.2,44827162.700000025
2025-08-01 01:31:38 PM,1370.2,5,6851.0,44834013.700000025
2025-08-01 01:31:57 PM,1370.2,5,6851.0,44840864.700000025
2025-08-01 01:32:04 PM,1370.3,0,0.0,44840864.700000025
2025-08-01 01:32:07 PM,1370.3,1,1370.3,44842235.00000002
2025-08-01 01:32:08 PM,1370.4,0,0.0,44842235.00000002
2025-08-01 01:32:12 PM,1370.4,1,1370.4,44843605.40000002
2025-08-01 01:32:17 PM,1370.4,4,5481.6,44849087.00000002
2025-08-01 01:32:36 PM,1370.8,0,0.0,44849087.00000002
2025-08-01 01:32:36 PM,1370.8,5,6854.0,44855941.00000002
2025-08-01 01:32:46 PM,1371.7,3,4115.1,44860056.100000024
2025-08-01 01:32:50 PM,1370.7,0,0.0,44860056.100000024
2025-08-01 01:32:51 PM,1370.7,2,2741.4,44862797.50000002
2025-08-01 01:32:54 PM,1370.8,0,0.0,44862797.50000002
2025-08-01 01:32:56 PM,1370.8,4,5483.2,44868280.700000025
2025-08-01 01:33:15 PM,1371.8,6,8230.8,44876511.50000002
2025-08-01 01:33:32 PM,1370.7,0,0.0,44876511.50000002
2025-08-01 01:33:35 PM,1370.7,4,5482.8,44881994.30000002
2025-08-01 01:33:52 PM,1370.6,0,0.0,44881994.30000002
2025-08-01 01:33:54 PM,1370.6,5,6853.0,44888847.30000002
2025-08-01 01:34:13 PM,1370.6,5,6853.0,44895700.30000002
2025-08-01 01:34:30 PM,1370.5,0,0.0,44895700.30000002
2025-08-01 01:34:32 PM,1370.5,4,5482.0,44901182.30000002
2025-08-01 01:34:36 PM,1371.0,0,0.0,44901182.30000002
2025-08-01 01:34:37 PM,1371.0,4,5484.0,44906666.30000002
2025-08-01 01:34:48 PM,1370.5,0,0.0,44906666.30000002
2025-08-01 01:34:51 PM,1370.5,5,6852.5,44913518.80000002
2025-08-01 01:35:10 PM,1370.5,1,1370.5,44914889.30000002
2025-08-01 01:35:11 PM,1370.4,1,1370.4,44916259.70000002
2025-08-01 01:35:14 PM,1370.2,0,0.0,44916259.70000002
2025-08-01 01:35:15 PM,1370.2,2,2740.4,44919000.10000002
2025-08-01 01:35:16 PM,1370.5,0,0.0,44919000.10000002
2025-08-01 01:35:16 PM,1370.5,10,13705.0,44932705.10000002
2025-08-01 01:35:26 PM,1370.2,0,0.0,44932705.10000002
2025-08-01 01:35:29 PM,1370.2,1,1370.2,44934075.30000002
2025-08-01 01:35:32 PM,1370.0,0,0.0,44934075.30000002
2025-08-01 01:35:34 PM,1370.0,4,5480.0,44939555.30000002
2025-08-01 01:35:36 PM,1370.0,100,137000.0,45076555.30000002
2025-08-01 01:35:46 PM,1370.2,0,0.0,45076555.30000002
2025-08-01 01:35:49 PM,1370.2,4,5480.8,45082036.10000002
2025-08-01 01:36:04 PM,1370.2,5,6851.0,45088887.10000002
2025-08-01 01:36:24 PM,1370.2,5,6851.0,45095738.10000002
2025-08-01 01:36:43 PM,1370.2,4,5480.8,45101218.90000001
2025-08-01 01:37:01 PM,1370.2,5,6851.0,45108069.90000001
2025-08-01 01:37:21 PM,1370.2,4,5480.8,45113550.70000001
2025-08-01 01:37:41 PM,1370.2,5,6851.0,45120401.70000001
2025-08-01 01:37:59 PM,1370.1,0,0.0,45120401.70000001
2025-08-01 01:38:01 PM,1370.1,4,5480.4,45125882.10000001
2025-08-01 01:38:08 PM,1370.0,0,0.0,45125882.10000001
2025-08-01 01:38:12 PM,1370.0,19,26030.0,45151912.10000001
2025-08-01 01:38:13 PM,1370.0,8,10960.0,45162872.10000001
2025-08-01 01:38:17 PM,1369.0,195,266955.0,45429827.10000001
2025-08-01 01:38:36 PM,1368.0,0,0.0,45429827.10000001
2025-08-01 01:38:39 PM,1368.0,5,6840.0,45436667.10000001
2025-08-01 01:38:44 PM,1368.5,0,0.0,45436667.10000001
2025-08-01 01:38:45 PM,1368.5,1,1368.5,45438035.60000001
2025-08-01 01:38:56 PM,1368.0,4,5472.0,45443507.60000001
2025-08-01 01:39:00 PM,1369.0,0,0.0,45443507.60000001
2025-08-01 01:39:01 PM,1369.0,10,13690.0,45457197.60000001
2025-08-01 01:39:06 PM,1367.1,0,0.0,45457197.60000001
2025-08-01 01:39:06 PM,1367.1,29,39645.899999999994,45496843.50000001
2025-08-01 01:39:14 PM,1366.1,0,0.0,45496843.50000001
2025-08-01 01:39:16 PM,1365.8,0,0.0,45496843.50000001
2025-08-01 01:39:17 PM,1366.8,115,157182.0,45654025.50000001
2025-08-01 01:39:22 PM,1366.8,5,6834.0,45660859.50000001
2025-08-01 01:39:26 PM,1366.6,0,0.0,45660859.50000001
2025-08-01 01:39:27 PM,1366.6,30,40998.0,45701857.50000001
2025-08-01 01:39:33 PM,1366.8,4,5467.2,45707324.70000001
2025-08-01 01:39:36 PM,1366.3,0,0.0,45707324.70000001
2025-08-01 01:39:38 PM,1366.3,29,39622.7,45746947.40000001
2025-08-01 01:39:46 PM,1366.0,0,0.0,45746947.40000001
2025-08-01 01:39:47 PM,1366.0,29,39614.0,45786561.40000001
2025-08-01 01:39:52 PM,1365.7,0,0.0,45786561.40000001
2025-08-01 01:39:53 PM,1365.7,5,6828.5,45793389.90000001
2025-08-01 01:40:08 PM,1369.2,0,0.0,45793389.90000001
2025-08-01 01:40:08 PM,1369.2,45,61614.0,45855003.90000001
2025-08-01 01:40:12 PM,1368.8,0,0.0,45855003.90000001
2025-08-01 01:40:14 PM,1368.8,9,12319.199999999999,45867323.10000002
2025-08-01 01:40:30 PM,1368.2,0,0.0,45867323.10000002
2025-08-01 01:40:33 PM,1368.2,5,6841.0,45874164.10000002
2025-08-01 01:40:50 PM,1368.8,0,0.0,45874164.10000002
2025-08-01 01:40:53 PM,1368.8,2,2737.6,45876901.70000002
2025-08-01 01:40:56 PM,1367.1,0,0.0,45876901.70000002
2025-08-01 01:40:58 PM,1367.1,3,4101.299999999999,45881003.000000015
2025-08-01 01:41:08 PM,1368.4,0,0.0,45881003.000000015
2025-08-01 01:41:08 PM,1368.4,5,6842.0,45887845.000000015
2025-08-01 01:41:09 PM,1367.0,1,1367.0,45889212.000000015
2025-08-01 01:41:28 PM,1366.8,0,0.0,45889212.000000015
2025-08-01 01:41:28 PM,1366.8,5,6834.0,45896046.000000015
2025-08-01 01:41:46 PM,1366.3,0,0.0,45896046.000000015
2025-08-01 01:41:47 PM,1366.3,4,5465.2,45901511.20000002
2025-08-01 01:42:06 PM,1366.4,0,0.0,45901511.20000002
2025-08-01 01:42:07 PM,1366.4,5,6832.0,45908343.20000002
2025-08-01 01:42:27 PM,1366.4,4,5465.6,45913808.80000002
2025-08-01 01:42:44 PM,1366.5,0,0.0,45913808.80000002
2025-08-01 01:42:46 PM,1366.5,5,6832.5,45920641.30000002
2025-08-01 01:43:02 PM,1366.6,0,0.0,45920641.30000002
2025-08-01 01:43:06 PM,1366.6,5,6833.0,45927474.30000002
2025-08-01 01:43:21 PM,1366.7,4,5466.8,45932941.10000002
2025-08-01 01:43:40 PM,1366.9,0,0.0,45932941.10000002
2025-08-01 01:43:41 PM,1366.9,5,6834.5,45939775.60000002
2025-08-01 01:44:00 PM,1367.0,0,0.0,45939775.60000002
2025-08-01 01:44:01 PM,1367.0,4,5468.0,45945243.60000002
2025-08-01 01:44:08 PM,1365.8,0,0.0,45945243.60000002
2025-08-01 01:44:10 PM,1365.8,298,407008.39999999997,46352252.000000015
2025-08-01 01:44:18 PM,1365.9,0,0.0,46352252.000000015
2025-08-01 01:44:21 PM,1365.9,5,6829.5,46359081.500000015
2025-08-01 01:44:27 PM,1367.3,4,5469.2,46364550.70000002
2025-08-01 01:44:38 PM,1366.0,0,0.0,46364550.70000002
2025-08-01 01:44:41 PM,1366.0,4,5464.0,46370014.70000002
2025-08-01 01:44:56 PM,1366.4,0,0.0,46370014.70000002
2025-08-01 01:45:01 PM,1366.4,5,6832.0,46376846.70000002
2025-08-01 01:45:16 PM,1366.4,5,6832.0,46383678.70000002
