date,price,qty,trnvr,cum_trnvr
2025-08-01 09:15:09 AM,1080.3,1943,2099022.9,2099022.9
2025-08-01 09:15:11 AM,1080.0,103,111240.0,2210262.9
2025-08-01 09:15:16 AM,1078.3,0,0.0,2210262.9
2025-08-01 09:15:17 AM,1079.9,0,0.0,2210262.9
2025-08-01 09:15:20 AM,1079.9,77,83152.3,2293415.1999999997
2025-08-01 09:15:27 AM,1077.5,0,0.0,2293415.1999999997
2025-08-01 09:15:29 AM,1077.5,154,165935.0,2459350.1999999997
2025-08-01 09:15:30 AM,1076.5,42,45213.0,2504563.1999999997
2025-08-01 09:15:36 AM,1077.4,0,0.0,2504563.1999999997
2025-08-01 09:15:37 AM,1074.3,1069,1148426.7,3652989.8999999994
2025-08-01 09:15:44 AM,1073.6,0,0.0,3652989.8999999994
2025-08-01 09:15:45 AM,1073.6,11,11809.599999999999,3664799.4999999995
2025-08-01 09:15:47 AM,1069.0,1206,1289214.0,4954013.5
2025-08-01 09:15:52 AM,1068.0,0,0.0,4954013.5
2025-08-01 09:15:54 AM,1066.1,147,156716.69999999998,5110730.2
2025-08-01 09:15:58 AM,1067.1,0,0.0,5110730.2
2025-08-01 09:16:02 AM,1067.3,563,600889.9,5711620.100000001
2025-08-01 09:16:04 AM,1064.7,115,122440.5,5834060.600000001
2025-08-01 09:16:10 AM,1062.3,98,104105.4,5938166.000000001
2025-08-01 09:16:11 AM,1062.0,0,0.0,5938166.000000001
2025-08-01 09:16:12 AM,1062.2,24,25492.800000000003,5963658.800000001
2025-08-01 09:16:18 AM,1063.9,800,851120.0000000001,6814778.800000001
2025-08-01 09:16:22 AM,1069.1,0,0.0,6814778.800000001
2025-08-01 09:16:27 AM,1072.0,375,402000.0,7216778.800000001
2025-08-01 09:16:28 AM,1071.8,54,57877.2,7274656.000000001
2025-08-01 09:16:32 AM,1073.3,0,0.0,7274656.000000001
2025-08-01 09:16:35 AM,1073.3,42,45078.6,7319734.600000001
2025-08-01 09:16:36 AM,1071.6,158,169312.8,7489047.4
2025-08-01 09:16:42 AM,1072.8,0,0.0,7489047.4
2025-08-01 09:16:43 AM,1072.8,68,72950.4,7561997.800000001
2025-08-01 09:16:51 AM,1070.3,73,78131.9,7640129.700000001
2025-08-01 09:16:52 AM,1068.8,0,0.0,7640129.700000001
2025-08-01 09:16:53 AM,1068.8,22,23513.6,7663643.300000001
2025-08-01 09:17:00 AM,1069.6,367,392543.19999999995,8056186.500000001
2025-08-01 09:17:03 AM,1071.2,0,0.0,8056186.500000001
2025-08-01 09:17:08 AM,1073.0,818,877714.0,8933900.5
2025-08-01 09:17:09 AM,1074.0,1722,1849428.0,10783328.5
2025-08-01 09:17:17 AM,1075.3,774,832282.2,11615610.7
2025-08-01 09:17:19 AM,1073.9,0,0.0,11615610.7
2025-08-01 09:17:24 AM,1073.9,252,270622.80000000005,11886233.5
2025-08-01 09:17:27 AM,1073.7,0,0.0,11886233.5
2025-08-01 09:17:32 AM,1073.0,156,167388.0,12053621.5
2025-08-01 09:17:35 AM,1071.6,0,0.0,12053621.5
2025-08-01 09:17:37 AM,1069.9,0,0.0,12053621.5
2025-08-01 09:17:41 AM,1071.3,1058,1133435.4,13187056.9
2025-08-01 09:17:49 AM,1071.4,54,57855.600000000006,13244912.5
2025-08-01 09:17:50 AM,1071.3,45,48208.5,13293121.0
2025-08-01 09:17:53 AM,1072.4,0,0.0,13293121.0
2025-08-01 09:17:57 AM,1074.2,567,609071.4,13902192.4
2025-08-01 09:17:58 AM,1073.5,5,5367.5,13907559.9
2025-08-01 09:18:07 AM,1075.1,1486,1597598.5999999999,15505158.5
2025-08-01 09:18:09 AM,1073.1,0,0.0,15505158.5
2025-08-01 09:18:11 AM,1074.5,0,0.0,15505158.5
2025-08-01 09:18:14 AM,1074.5,430,462035.0,15967193.5
2025-08-01 09:18:17 AM,1074.1,0,0.0,15967193.5
2025-08-01 09:18:22 AM,1075.5,96,103248.0,16070441.5
2025-08-01 09:18:27 AM,1076.1,0,0.0,16070441.5
2025-08-01 09:18:30 AM,1077.3,124,133585.19999999998,16204026.7
2025-08-01 09:18:32 AM,1077.6,3,3232.7999999999997,16207259.5
2025-08-01 09:18:39 AM,1075.0,120,129000.0,16336259.5
2025-08-01 09:18:40 AM,1075.4,106,113992.40000000001,16450251.9
2025-08-01 09:18:47 AM,1075.3,11,11828.3,16462080.200000001
2025-08-01 09:18:55 AM,1075.4,89,95710.6,16557790.8
2025-08-01 09:18:59 AM,1075.3,0,0.0,16557790.8
2025-08-01 09:19:03 AM,1075.3,50,53765.0,16611555.8
2025-08-01 09:19:11 AM,1075.8,417,448608.6,17060164.400000002
2025-08-01 09:19:15 AM,1076.1,0,0.0,17060164.400000002
2025-08-01 09:19:19 AM,1077.0,50,53850.0,17114014.400000002
2025-08-01 09:19:27 AM,1077.0,91,98007.0,17212021.400000002
2025-08-01 09:19:30 AM,1076.7,0,0.0,17212021.400000002
2025-08-01 09:19:35 AM,1076.9,59,63537.100000000006,17275558.500000004
2025-08-01 09:19:37 AM,1076.8,26,27996.8,17303555.300000004
2025-08-01 09:19:43 AM,1076.9,0,0.0,17303555.300000004
2025-08-01 09:19:43 AM,1076.9,21,22614.9,17326170.200000003
2025-08-01 09:19:51 AM,1076.9,44,47383.600000000006,17373553.800000004
2025-08-01 09:19:53 AM,1076.8,5,5384.0,17378937.800000004
2025-08-01 09:19:59 AM,1077.6,0,0.0,17378937.800000004
2025-08-01 09:19:59 AM,1077.6,669,720914.3999999999,18099852.200000003
2025-08-01 09:20:01 AM,1077.8,51,54967.799999999996,18154820.000000004
2025-08-01 09:20:06 AM,1078.1,0,0.0,18154820.000000004
2025-08-01 09:20:07 AM,1076.5,150,161475.0,18316295.000000004
2025-08-01 09:20:17 AM,1076.0,95,102220.0,18418515.000000004
2025-08-01 09:20:23 AM,1076.6,35,37681.0,18456196.000000004
2025-08-01 09:20:31 AM,1076.6,45,48446.99999999999,18504643.000000004
2025-08-01 09:20:38 AM,1076.5,0,0.0,18504643.000000004
2025-08-01 09:20:39 AM,1076.5,45,48442.5,18553085.500000004
2025-08-01 09:20:47 AM,1076.5,45,48442.5,18601528.000000004
2025-08-01 09:20:54 AM,1075.8,4,4303.2,18605831.200000003
2025-08-01 09:20:59 AM,1076.5,0,0.0,18605831.200000003
2025-08-01 09:21:02 AM,1076.5,44,47366.0,18653197.200000003
2025-08-01 09:21:06 AM,1077.9,0,0.0,18653197.200000003
2025-08-01 09:21:10 AM,1077.9,118,127192.20000000001,18780389.400000002
2025-08-01 09:21:15 AM,1078.6,0,0.0,18780389.400000002
2025-08-01 09:21:18 AM,1079.5,52,56134.0,18836523.400000002
2025-08-01 09:21:19 AM,1080.3,15,16204.5,18852727.900000002
2025-08-01 09:21:22 AM,1081.4,0,0.0,18852727.900000002
2025-08-01 09:21:26 AM,1081.4,174,188163.6,19040891.500000004
2025-08-01 09:21:27 AM,1081.6,44,47590.399999999994,19088481.900000002
2025-08-01 09:21:33 AM,1080.3,0,0.0,19088481.900000002
2025-08-01 09:21:34 AM,1080.3,50,54015.0,19142496.900000002
2025-08-01 09:21:39 AM,1079.5,0,0.0,19142496.900000002
2025-08-01 09:21:41 AM,1079.5,30,32385.0,19174881.900000002
2025-08-01 09:21:45 AM,1080.5,0,0.0,19174881.900000002
2025-08-01 09:21:48 AM,1079.8,0,0.0,19174881.900000002
2025-08-01 09:21:49 AM,1079.8,144,155491.19999999998,19330373.1
2025-08-01 09:21:50 AM,1079.8,21,22675.8,19353048.900000002
2025-08-01 09:21:55 AM,1080.6,0,0.0,19353048.900000002
2025-08-01 09:21:56 AM,1080.6,100,108059.99999999999,19461108.900000002
2025-08-01 09:21:58 AM,1080.7,41,44308.700000000004,19505417.6
2025-08-01 09:22:02 AM,1081.0,0,0.0,19505417.6
2025-08-01 09:22:04 AM,1081.0,4,4324.0,19509741.6
2025-08-01 09:22:05 AM,1081.7,15,16225.5,19525967.1
2025-08-01 09:22:09 AM,1081.0,0,0.0,19525967.1
2025-08-01 09:22:11 AM,1082.3,185,200225.5,19726192.6
2025-08-01 09:22:13 AM,1082.4,47,50872.8,19777065.400000002
2025-08-01 09:22:13 AM,1081.5,0,0.0,19777065.400000002
2025-08-01 09:22:16 AM,1082.4,0,0.0,19777065.400000002
2025-08-01 09:22:19 AM,1082.0,57,61674.0,19838739.400000002
2025-08-01 09:22:20 AM,1082.4,0,0.0,19838739.400000002
2025-08-01 09:22:21 AM,1082.4,16,17318.4,19856057.8
2025-08-01 09:22:23 AM,1081.4,0,0.0,19856057.8
2025-08-01 09:22:27 AM,1079.5,377,406971.5,20263029.3
2025-08-01 09:22:27 AM,1080.6,0,0.0,20263029.3
2025-08-01 09:22:28 AM,1080.6,59,63755.399999999994,20326784.7
2025-08-01 09:22:30 AM,1080.9,0,0.0,20326784.7
2025-08-01 09:22:34 AM,1080.4,107,115602.8,20442387.5
2025-08-01 09:22:35 AM,1080.5,0,0.0,20442387.5
2025-08-01 09:22:36 AM,1080.5,24,25932.0,20468319.5
2025-08-01 09:22:37 AM,1080.4,0,0.0,20468319.5
2025-08-01 09:22:42 AM,1080.5,55,59427.5,20527747.0
2025-08-01 09:22:44 AM,1080.5,12,12966.0,20540713.0
2025-08-01 09:22:50 AM,1080.5,44,47542.0,20588255.0
2025-08-01 09:22:51 AM,1080.5,9,9724.5,20597979.5
2025-08-01 09:22:57 AM,1080.5,45,48622.5,20646602.0
2025-08-01 09:22:59 AM,1080.5,8,8644.0,20655246.0
2025-08-01 09:23:07 AM,1080.5,45,48622.5,20703868.5
2025-08-01 09:23:14 AM,1080.5,7,7563.5,20711432.0
2025-08-01 09:23:20 AM,1080.5,46,49703.0,20761135.0
2025-08-01 09:23:22 AM,1080.6,8,8644.8,20769779.8
2025-08-01 09:23:28 AM,1080.6,49,52949.399999999994,20822729.2
2025-08-01 09:23:28 AM,1080.7,0,0.0,20822729.2
2025-08-01 09:23:29 AM,1080.5,0,0.0,20822729.2
2025-08-01 09:23:30 AM,1080.5,26,28093.0,20850822.2
2025-08-01 09:23:36 AM,1080.8,0,0.0,20850822.2
2025-08-01 09:23:37 AM,1080.8,50,54040.0,20904862.2
2025-08-01 09:23:42 AM,1081.0,0,0.0,20904862.2
2025-08-01 09:23:43 AM,1081.0,90,97290.0,21002152.2
2025-08-01 09:23:45 AM,1081.2,45,48654.0,21050806.2
2025-08-01 09:23:48 AM,1081.4,0,0.0,21050806.2
2025-08-01 09:23:51 AM,1081.4,67,72453.8,21123260.0
2025-08-01 09:23:52 AM,1081.9,17,18392.300000000003,21141652.3
2025-08-01 09:23:58 AM,1081.8,45,48681.0,21190333.3
2025-08-01 09:24:00 AM,1081.9,9,9737.1,21200070.400000002
2025-08-01 09:24:08 AM,1081.9,47,50849.3,21250919.700000003
2025-08-01 09:24:14 AM,1081.9,25,27047.500000000004,21277967.200000003
2025-08-01 09:24:15 AM,1081.9,10,10819.0,21288786.200000003
2025-08-01 09:24:21 AM,1081.9,97,104944.3,21393730.500000004
2025-08-01 09:24:23 AM,1081.9,31,33538.9,21427269.400000002
2025-08-01 09:24:27 AM,1083.4,0,0.0,21427269.400000002
2025-08-01 09:24:29 AM,1086.0,2176,2363136.0,23790405.400000002
2025-08-01 09:24:31 AM,1085.2,502,544770.4,24335175.8
2025-08-01 09:24:33 AM,1085.0,0,0.0,24335175.8
2025-08-01 09:24:37 AM,1086.9,518,563014.2000000001,24898190.0
2025-08-01 09:24:38 AM,1084.5,273,296068.5,25194258.5
2025-08-01 09:24:39 AM,1086.4,0,0.0,25194258.5
2025-08-01 09:24:44 AM,1084.5,502,544419.0,25738677.5
2025-08-01 09:24:45 AM,1083.7,0,0.0,25738677.5
2025-08-01 09:24:46 AM,1083.7,139,150634.30000000002,25889311.8
2025-08-01 09:24:51 AM,1082.9,315,341113.5,26230425.3
2025-08-01 09:24:52 AM,1083.7,0,0.0,26230425.3
2025-08-01 09:24:53 AM,1083.7,431,467074.7,26697500.0
2025-08-01 09:24:58 AM,1085.0,0,0.0,26697500.0
2025-08-01 09:24:59 AM,1085.0,16,17360.0,26714860.0
2025-08-01 09:24:59 AM,1086.8,0,0.0,26714860.0
2025-08-01 09:25:01 AM,1086.8,67,72815.59999999999,26787675.6
2025-08-01 09:25:05 AM,1087.6,0,0.0,26787675.6
2025-08-01 09:25:06 AM,1087.6,80,87008.0,26874683.6
2025-08-01 09:25:08 AM,1087.8,66,71794.8,26946478.400000002
2025-08-01 09:25:12 AM,1088.0,0,0.0,26946478.400000002
2025-08-01 09:25:14 AM,1088.0,131,142528.0,27089006.400000002
2025-08-01 09:25:16 AM,1088.6,29,31569.399999999998,27120575.8
2025-08-01 09:25:19 AM,1087.4,0,0.0,27120575.8
2025-08-01 09:25:21 AM,1087.6,116,126161.59999999999,27246737.400000002
2025-08-01 09:25:23 AM,1088.0,117,127296.0,27374033.400000002
2025-08-01 09:25:24 AM,1087.1,0,0.0,27374033.400000002
2025-08-01 09:25:29 AM,1084.6,370,401301.99999999994,27775335.400000002
2025-08-01 09:25:30 AM,1086.2,0,0.0,27775335.400000002
2025-08-01 09:25:31 AM,1086.5,174,189051.0,27964386.400000002
2025-08-01 09:25:36 AM,1085.4,143,155212.2,28119598.6
2025-08-01 09:25:37 AM,1086.3,0,0.0,28119598.6
2025-08-01 09:25:38 AM,1084.7,113,122571.1,28242169.700000003
2025-08-01 09:25:42 AM,1085.9,0,0.0,28242169.700000003
2025-08-01 09:25:44 AM,1085.9,100,108590.00000000001,28350759.700000003
2025-08-01 09:25:46 AM,1085.5,32,34736.0,28385495.700000003
2025-08-01 09:25:51 AM,1085.5,45,48847.5,28434343.200000003
2025-08-01 09:25:53 AM,1086.0,0,0.0,28434343.200000003
2025-08-01 09:25:53 AM,1086.0,561,609246.0,29043589.200000003
2025-08-01 09:25:59 AM,1086.0,45,48870.0,29092459.200000003
2025-08-01 09:25:59 AM,1086.7,0,0.0,29092459.200000003
2025-08-01 09:26:01 AM,1086.7,111,120623.70000000001,29213082.900000002
2025-08-01 09:26:06 AM,1087.0,568,617416.0,29830498.900000002
2025-08-01 09:26:06 AM,1086.5,0,0.0,29830498.900000002
2025-08-01 09:26:08 AM,1086.0,646,701556.0,30532054.900000002
2025-08-01 09:26:16 AM,1086.1,97,105351.7,30637406.6
2025-08-01 09:26:19 AM,1084.0,0,0.0,30637406.6
2025-08-01 09:26:22 AM,1084.0,355,384820.0,31022226.6
2025-08-01 09:26:24 AM,1084.4,68,73739.20000000001,31095965.8
2025-08-01 09:26:29 AM,1084.0,0,0.0,31095965.8
2025-08-01 09:26:30 AM,1084.0,47,50948.0,31146913.8
2025-08-01 09:26:31 AM,1084.0,32,34688.0,31181601.8
2025-08-01 09:26:37 AM,1084.0,46,49864.0,31231465.8
2025-08-01 09:26:39 AM,1084.0,441,478044.0,31709509.8
2025-08-01 09:26:45 AM,1084.0,77,83468.0,31792977.8
2025-08-01 09:26:46 AM,1084.9,0,0.0,31792977.8
2025-08-01 09:26:46 AM,1084.9,330,358017.00000000006,32150994.8
2025-08-01 09:26:54 AM,1086.8,50,54340.0,32205334.8
2025-08-01 09:26:56 AM,1086.9,0,0.0,32205334.8
2025-08-01 09:27:00 AM,1085.2,95,103094.0,32308428.8
2025-08-01 09:27:01 AM,1087.0,55,59785.0,32368213.8
2025-08-01 09:27:03 AM,1086.0,0,0.0,32368213.8
2025-08-01 09:27:07 AM,1087.0,79,85873.0,32454086.8
2025-08-01 09:27:09 AM,1087.8,20,21756.0,32475842.8
2025-08-01 09:27:14 AM,1086.5,0,0.0,32475842.8
2025-08-01 09:27:15 AM,1086.5,108,117342.0,32593184.8
2025-08-01 09:27:15 AM,1087.2,0,0.0,32593184.8
2025-08-01 09:27:16 AM,1087.2,19,20656.8,32613841.6
2025-08-01 09:27:22 AM,1087.2,45,48924.0,32662765.6
2025-08-01 09:27:24 AM,1087.2,10,10872.0,32673637.6
2025-08-01 09:27:29 AM,1088.0,0,0.0,32673637.6
2025-08-01 09:27:30 AM,1088.0,276,300288.0,32973925.6
2025-08-01 09:27:31 AM,1088.0,42,45696.0,33019621.6
2025-08-01 09:27:37 AM,1088.0,46,50048.0,33069669.6
2025-08-01 09:27:38 AM,1088.5,14,15239.0,33084908.6
2025-08-01 09:27:44 AM,1086.6,0,0.0,33084908.6
2025-08-01 09:27:45 AM,1086.6,309,335759.39999999997,33420668.0
2025-08-01 09:27:45 AM,1087.0,0,0.0,33420668.0
2025-08-01 09:27:46 AM,1087.0,48,52176.0,33472844.0
2025-08-01 09:27:52 AM,1086.9,2,2173.8,33475017.8
2025-08-01 09:27:54 AM,1086.9,8,8695.2,33483713.0
2025-08-01 09:28:00 AM,1086.9,45,48910.50000000001,33532623.5
2025-08-01 09:28:01 AM,1086.9,8,8695.2,33541318.7
2025-08-01 09:28:06 AM,1086.8,0,0.0,33541318.7
2025-08-01 09:28:08 AM,1086.8,65,70642.0,33611960.7
2025-08-01 09:28:09 AM,1086.9,11,11955.900000000001,33623916.6
2025-08-01 09:28:17 AM,1086.9,47,51084.3,33675000.9
2025-08-01 09:28:23 AM,1086.1,50,54304.99999999999,33729305.9
2025-08-01 09:28:24 AM,1086.9,0,0.0,33729305.9
2025-08-01 09:28:24 AM,1086.9,15,16303.500000000002,33745609.4
2025-08-01 09:28:31 AM,1086.9,109,118472.1,33864081.5
2025-08-01 09:28:32 AM,1086.9,18,19564.2,33883645.7
2025-08-01 09:28:38 AM,1086.9,4,4347.6,33887993.300000004
2025-08-01 09:28:40 AM,1087.4,0,0.0,33887993.300000004
2025-08-01 09:28:40 AM,1087.4,4,4349.6,33892342.900000006
2025-08-01 09:28:45 AM,1088.2,0,0.0,33892342.900000006
2025-08-01 09:28:46 AM,1088.2,152,165406.4,34057749.300000004
2025-08-01 09:28:46 AM,1088.3,0,0.0,34057749.300000004
2025-08-01 09:28:47 AM,1088.3,67,72916.09999999999,34130665.400000006
2025-08-01 09:28:55 AM,1088.3,10,10883.0,34141548.400000006
2025-08-01 09:28:57 AM,1088.4,0,0.0,34141548.400000006
2025-08-01 09:29:01 AM,1088.4,45,48978.00000000001,34190526.400000006
2025-08-01 09:29:03 AM,1088.7,165,179635.5,34370161.900000006
2025-08-01 09:29:08 AM,1088.8,0,0.0,34370161.900000006
2025-08-01 09:29:09 AM,1087.3,50,54365.0,34424526.900000006
2025-08-01 09:29:09 AM,1088.7,0,0.0,34424526.900000006
2025-08-01 09:29:10 AM,1088.7,33,35927.1,34460454.00000001
2025-08-01 09:29:17 AM,1086.5,203,220559.5,34681013.50000001
2025-08-01 09:29:18 AM,1086.5,35,38027.5,34719041.00000001
2025-08-01 09:29:26 AM,1086.4,5,5432.0,34724473.00000001
2025-08-01 09:29:32 AM,1087.3,44,47841.2,34772314.20000001
2025-08-01 09:29:33 AM,1087.7,8,8701.6,34781015.80000001
2025-08-01 09:29:39 AM,1087.7,45,48946.5,34829962.30000001
2025-08-01 09:29:40 AM,1087.7,8,8701.6,34838663.90000001
2025-08-01 09:29:47 AM,1087.7,44,47858.8,34886522.70000001
2025-08-01 09:29:48 AM,1087.7,7,7613.900000000001,34894136.60000001
2025-08-01 09:29:49 AM,1086.4,0,0.0,34894136.60000001
2025-08-01 09:29:54 AM,1086.4,50,54320.00000000001,34948456.60000001
2025-08-01 09:29:54 AM,1087.7,0,0.0,34948456.60000001
2025-08-01 09:29:55 AM,1087.7,9,9789.300000000001,34958245.900000006
2025-08-01 09:30:00 AM,1087.6,0,0.0,34958245.900000006
2025-08-01 09:30:01 AM,1087.6,59,64168.399999999994,35022414.300000004
2025-08-01 09:30:02 AM,1087.5,10,10875.0,35033289.300000004
2025-08-01 09:30:09 AM,1087.5,45,48937.5,35082226.800000004
2025-08-01 09:30:10 AM,1087.5,8,8700.0,35090926.800000004
2025-08-01 09:30:17 AM,1087.5,46,50025.0,35140951.800000004
2025-08-01 09:30:18 AM,1087.5,8,8700.0,35149651.800000004
2025-08-01 09:30:21 AM,1086.8,0,0.0,35149651.800000004
2025-08-01 09:30:24 AM,1087.3,504,547999.2,35697651.00000001
2025-08-01 09:30:28 AM,1087.9,0,0.0,35697651.00000001
2025-08-01 09:30:32 AM,1087.1,134,145671.4,35843322.400000006
2025-08-01 09:30:32 AM,1087.9,20,21758.0,35865080.400000006
2025-08-01 09:30:35 AM,1087.3,0,0.0,35865080.400000006
2025-08-01 09:30:39 AM,1087.4,67,72855.8,35937936.2
2025-08-01 09:30:40 AM,1087.4,182,197906.80000000002,36135843.0
2025-08-01 09:30:42 AM,1089.0,0,0.0,36135843.0
2025-08-01 09:30:46 AM,1088.9,122,132845.80000000002,36268688.8
2025-08-01 09:30:47 AM,1089.0,66,71874.0,36340562.8
2025-08-01 09:30:54 AM,1089.0,1,1089.0,36341651.8
2025-08-01 09:30:54 AM,1089.7,53,57754.100000000006,36399405.9
2025-08-01 09:31:00 AM,1088.7,0,0.0,36399405.9
2025-08-01 09:31:01 AM,1088.7,3225,3511057.5,39910463.4
2025-08-01 09:31:02 AM,1088.8,492,535689.6,40446153.0
2025-08-01 09:31:06 AM,1088.2,0,0.0,40446153.0
2025-08-01 09:31:08 AM,1088.7,61,66410.7,40512563.7
2025-08-01 09:31:10 AM,1088.8,0,0.0,40512563.7
2025-08-01 09:31:16 AM,1088.8,157,170941.6,40683505.300000004
2025-08-01 09:31:16 AM,1088.3,68,74004.4,40757509.7
2025-08-01 09:31:22 AM,1087.9,0,0.0,40757509.7
2025-08-01 09:31:23 AM,1087.9,99,107702.1,40865211.800000004
2025-08-01 09:31:24 AM,1088.4,0,0.0,40865211.800000004
2025-08-01 09:31:31 AM,1088.4,69,75099.6,40940311.400000006
2025-08-01 09:31:36 AM,1087.9,0,0.0,40940311.400000006
2025-08-01 09:31:38 AM,1087.9,57,62010.3,41002321.7
2025-08-01 09:31:40 AM,1087.8,0,0.0,41002321.7
2025-08-01 09:31:44 AM,1087.8,8,8702.4,41011024.1
2025-08-01 09:31:46 AM,1087.9,0,0.0,41011024.1
2025-08-01 09:31:51 AM,1087.7,90,97893.0,41108917.1
2025-08-01 09:31:52 AM,1087.6,0,0.0,41108917.1
2025-08-01 09:31:58 AM,1087.6,77,83745.2,41192662.300000004
2025-08-01 09:32:05 AM,1087.6,11,11963.599999999999,41204625.900000006
2025-08-01 09:32:13 AM,1087.6,90,97883.99999999999,41302509.900000006
2025-08-01 09:32:14 AM,1087.7,0,0.0,41302509.900000006
2025-08-01 09:32:14 AM,1088.0,0,0.0,41302509.900000006
2025-08-01 09:32:20 AM,1088.4,0,0.0,41302509.900000006
2025-08-01 09:32:20 AM,1088.4,1053,1146085.2000000002,42448595.10000001
2025-08-01 09:32:20 AM,1089.0,0,0.0,42448595.10000001
2025-08-01 09:32:26 AM,1089.9,0,0.0,42448595.10000001
2025-08-01 09:32:27 AM,1089.9,695,757480.5000000001,43206075.60000001
2025-08-01 09:32:33 AM,1089.9,121,131877.90000000002,43337953.50000001
2025-08-01 09:32:40 AM,1089.9,63,68663.70000000001,43406617.20000001
2025-08-01 09:32:40 AM,1089.9,9,9809.1,43416426.30000001
2025-08-01 09:32:47 AM,1089.9,44,47955.600000000006,43464381.90000001
2025-08-01 09:32:50 AM,1089.5,0,0.0,43464381.90000001
2025-08-01 09:32:54 AM,1089.5,33,35953.5,43500335.40000001
2025-08-01 09:32:56 AM,1090.0,0,0.0,43500335.40000001
2025-08-01 09:33:01 AM,1090.0,50,54500.0,43554835.40000001
2025-08-01 09:33:08 AM,1090.0,52,56680.0,43611515.40000001
2025-08-01 09:33:08 AM,1090.0,8,8720.0,43620235.40000001
2025-08-01 09:33:15 AM,1090.0,100,109000.0,43729235.40000001
2025-08-01 09:33:18 AM,1091.0,0,0.0,43729235.40000001
2025-08-01 09:33:22 AM,1092.5,1641,1792792.5,45522027.90000001
2025-08-01 09:33:23 AM,1093.3,0,0.0,45522027.90000001
2025-08-01 09:33:28 AM,1092.0,0,0.0,45522027.90000001
2025-08-01 09:33:29 AM,1092.0,337,368004.0,45890031.90000001
2025-08-01 09:33:36 AM,1092.0,551,601692.0,46491723.90000001
2025-08-01 09:33:38 AM,1094.0,0,0.0,46491723.90000001
2025-08-01 09:33:40 AM,1092.5,0,0.0,46491723.90000001
2025-08-01 09:33:43 AM,1092.4,775,846610.0000000001,47338333.90000001
2025-08-01 09:33:48 AM,1093.9,0,0.0,47338333.90000001
2025-08-01 09:33:50 AM,1093.6,177,193567.19999999998,47531901.10000002
2025-08-01 09:33:53 AM,1093.0,0,0.0,47531901.10000002
2025-08-01 09:33:57 AM,1093.6,86,94049.59999999999,47625950.70000002
2025-08-01 09:34:03 AM,1093.8,0,0.0,47625950.70000002
2025-08-01 09:34:04 AM,1093.8,140,153132.0,47779082.70000002
2025-08-01 09:34:08 AM,1093.0,0,0.0,47779082.70000002
2025-08-01 09:34:11 AM,1093.0,48,52464.0,47831546.70000002
2025-08-01 09:34:18 AM,1093.0,45,49185.0,47880731.70000002
2025-08-01 09:34:25 AM,1093.0,115,125695.0,48006426.70000002
2025-08-01 09:34:32 AM,1093.0,55,60115.0,48066541.70000002
2025-08-01 09:34:39 AM,1093.0,50,54650.0,48121191.70000002
2025-08-01 09:34:46 AM,1093.0,200,218600.0,48339791.70000002
2025-08-01 09:34:52 AM,1093.0,71,77603.0,48417394.70000002
2025-08-01 09:34:59 AM,1093.0,46,50278.0,48467672.70000002
2025-08-01 09:35:06 AM,1093.0,5,5465.0,48473137.70000002
2025-08-01 09:35:07 AM,1093.1,204,222992.4,48696130.10000002
2025-08-01 09:35:13 AM,1092.7,0,0.0,48696130.10000002
2025-08-01 09:35:13 AM,1092.7,88,96157.6,48792287.70000002
2025-08-01 09:35:18 AM,1092.0,0,0.0,48792287.70000002
2025-08-01 09:35:21 AM,1092.0,241,263172.0,49055459.70000002
2025-08-01 09:35:28 AM,1092.3,0,0.0,49055459.70000002
2025-08-01 09:35:28 AM,1092.3,44,48061.2,49103520.90000002
2025-08-01 09:35:38 AM,1092.8,0,0.0,49103520.90000002
2025-08-01 09:35:41 AM,1092.8,245,267736.0,49371256.90000002
2025-08-01 09:35:48 AM,1092.8,124,135507.19999999998,49506764.100000024
2025-08-01 09:36:01 AM,1092.8,55,60104.0,49566868.100000024
2025-08-01 09:36:08 AM,1092.8,44,48083.2,49614951.30000003
2025-08-01 09:36:14 AM,1091.4,0,0.0,49614951.30000003
2025-08-01 09:36:15 AM,1091.4,109,118962.6,49733913.90000003
2025-08-01 09:36:21 AM,1092.5,4,4370.0,49738283.90000003
2025-08-01 09:36:28 AM,1092.5,44,48070.0,49786353.90000003
2025-08-01 09:36:30 AM,1090.8,0,0.0,49786353.90000003
2025-08-01 09:36:34 AM,1090.8,2046,2231776.8,52018130.700000025
2025-08-01 09:36:38 AM,1089.9,0,0.0,52018130.700000025
2025-08-01 09:36:41 AM,1089.9,110,119889.00000000001,52138019.700000025
2025-08-01 09:36:46 AM,1090.8,0,0.0,52138019.700000025
2025-08-01 09:36:47 AM,1090.8,22,23997.6,52162017.30000003
2025-08-01 09:36:54 AM,1091.0,0,0.0,52162017.30000003
2025-08-01 09:36:54 AM,1091.0,22,24002.0,52186019.30000003
2025-08-01 09:37:01 AM,1091.0,50,54550.0,52240569.30000003
2025-08-01 09:37:06 AM,1089.1,0,0.0,52240569.30000003
2025-08-01 09:37:07 AM,1089.4,0,0.0,52240569.30000003
2025-08-01 09:37:08 AM,1089.4,1120,1220128.0,53460697.30000003
2025-08-01 09:37:15 AM,1089.3,6,6535.799999999999,53467233.100000024
2025-08-01 09:37:21 AM,1088.4,0,0.0,53467233.100000024
2025-08-01 09:37:22 AM,1089.0,59,64251.0,53531484.100000024
2025-08-01 09:37:26 AM,1089.3,0,0.0,53531484.100000024
2025-08-01 09:37:29 AM,1089.3,50,54465.0,53585949.100000024
2025-08-01 09:37:36 AM,1089.0,0,0.0,53585949.100000024
2025-08-01 09:37:42 AM,1089.0,45,49005.0,53634954.100000024
2025-08-01 09:37:48 AM,1088.5,0,0.0,53634954.100000024
2025-08-01 09:37:49 AM,1088.5,46,50071.0,53685025.100000024
2025-08-01 09:37:52 AM,1087.3,0,0.0,53685025.100000024
2025-08-01 09:37:55 AM,1088.6,299,325491.39999999997,54010516.50000002
2025-08-01 09:38:07 AM,1088.3,0,0.0,54010516.50000002
2025-08-01 09:38:09 AM,1088.3,44,47885.2,54058401.700000025
2025-08-01 09:38:18 AM,1088.0,0,0.0,54058401.700000025
2025-08-01 09:38:23 AM,1088.0,46,50048.0,54108449.700000025
2025-08-01 09:38:29 AM,1088.0,44,47872.0,54156321.700000025
2025-08-01 09:38:33 AM,1086.7,0,0.0,54156321.700000025
2025-08-01 09:38:36 AM,1087.4,371,403425.4,54559747.100000024
2025-08-01 09:38:38 AM,1087.0,0,0.0,54559747.100000024
2025-08-01 09:38:43 AM,1087.0,43,46741.0,54606488.100000024
2025-08-01 09:38:46 AM,1086.7,0,0.0,54606488.100000024
2025-08-01 09:38:49 AM,1085.6,61,66221.59999999999,54672709.700000025
2025-08-01 09:38:54 AM,1088.8,0,0.0,54672709.700000025
2025-08-01 09:38:56 AM,1089.9,2747,2993955.3000000003,57666665.00000002
2025-08-01 09:39:03 AM,1088.8,0,0.0,57666665.00000002
2025-08-01 09:39:08 AM,1089.2,0,0.0,57666665.00000002
2025-08-01 09:39:10 AM,1089.2,722,786402.4,58453067.40000002
2025-08-01 09:39:16 AM,1089.8,45,49041.0,58502108.40000002
2025-08-01 09:39:23 AM,1088.6,0,0.0,58502108.40000002
2025-08-01 09:39:27 AM,1086.3,0,0.0,58502108.40000002
2025-08-01 09:39:30 AM,1086.3,272,295473.6,58797582.00000002
2025-08-01 09:39:37 AM,1086.8,45,48906.0,58846488.00000002
2025-08-01 09:39:43 AM,1086.7,2,2173.4,58848661.40000002
2025-08-01 09:39:44 AM,1085.8,0,0.0,58848661.40000002
2025-08-01 09:39:49 AM,1085.8,50,54290.0,58902951.40000002
2025-08-01 09:39:55 AM,1084.8,0,0.0,58902951.40000002
2025-08-01 09:39:56 AM,1084.8,1127,1222569.5999999999,60125521.00000002
2025-08-01 09:39:59 AM,1084.0,0,0.0,60125521.00000002
2025-08-01 09:40:02 AM,1084.0,23,24932.0,60150453.00000002
2025-08-01 09:40:03 AM,1082.4,0,0.0,60150453.00000002
2025-08-01 09:40:09 AM,1082.4,138,149371.2,60299824.200000025
2025-08-01 09:40:15 AM,1080.8,0,0.0,60299824.200000025
2025-08-01 09:40:15 AM,1080.8,238,257230.4,60557054.600000024
2025-08-01 09:40:20 AM,1080.4,0,0.0,60557054.600000024
2025-08-01 09:40:22 AM,1080.4,1,1080.4,60558135.00000002
2025-08-01 09:40:23 AM,1080.1,258,278665.8,60836800.80000002
2025-08-01 09:40:25 AM,1077.8,0,0.0,60836800.80000002
2025-08-01 09:40:27 AM,1077.7,0,0.0,60836800.80000002
2025-08-01 09:40:29 AM,1076.8,857,922817.6,61759618.40000002
2025-08-01 09:40:30 AM,1077.7,0,0.0,61759618.40000002
2025-08-01 09:40:34 AM,1078.1,0,0.0,61759618.40000002
2025-08-01 09:40:35 AM,1077.8,423,455909.39999999997,62215527.80000002
2025-08-01 09:40:38 AM,1078.4,0,0.0,62215527.80000002
2025-08-01 09:40:42 AM,1080.0,1210,1306800.0,63522327.80000002
2025-08-01 09:40:46 AM,1081.0,0,0.0,63522327.80000002
2025-08-01 09:40:48 AM,1081.0,14,15134.0,63537461.80000002
2025-08-01 09:40:56 AM,1081.6,0,0.0,63537461.80000002
2025-08-01 09:41:01 AM,1081.6,35,37856.0,63575317.80000002
2025-08-01 09:41:02 AM,1083.1,150,162465.0,63737782.80000002
2025-08-01 09:41:06 AM,1083.5,0,0.0,63737782.80000002
2025-08-01 09:41:08 AM,1083.5,15,16252.5,63754035.30000002
2025-08-01 09:41:14 AM,1083.9,0,0.0,63754035.30000002
2025-08-01 09:41:15 AM,1083.9,84,91047.6,63845082.90000002
2025-08-01 09:41:18 AM,1082.6,0,0.0,63845082.90000002
2025-08-01 09:41:22 AM,1082.6,111,120168.59999999999,63965251.50000002
2025-08-01 09:41:26 AM,1082.2,0,0.0,63965251.50000002
2025-08-01 09:41:28 AM,1082.2,54,58438.8,64023690.30000002
2025-08-01 09:41:30 AM,1080.8,0,0.0,64023690.30000002
2025-08-01 09:41:35 AM,1080.8,20,21616.0,64045306.30000002
2025-08-01 09:41:36 AM,1081.7,10,10817.0,64056123.30000002
2025-08-01 09:41:41 AM,1080.8,77,83221.59999999999,64139344.90000002
2025-08-01 09:41:42 AM,1081.7,4,4326.8,64143671.70000002
2025-08-01 09:41:46 AM,1081.6,0,0.0,64143671.70000002
2025-08-01 09:41:48 AM,1081.6,44,47590.399999999994,64191262.10000002
2025-08-01 09:42:01 AM,1081.7,17,18388.9,64209651.000000015
2025-08-01 09:42:02 AM,1081.6,43,46508.799999999996,64256159.80000001
2025-08-01 09:42:07 AM,1081.7,0,0.0,64256159.80000001
2025-08-01 09:42:07 AM,1081.7,34,36777.8,64292937.60000001
2025-08-01 09:42:14 AM,1081.6,520,562432.0,64855369.60000001
2025-08-01 09:42:21 AM,1081.6,6,6489.599999999999,64861859.20000001
2025-08-01 09:42:22 AM,1082.9,39,42233.100000000006,64904092.30000001
2025-08-01 09:42:27 AM,1083.2,145,157064.0,65061156.30000001
2025-08-01 09:42:33 AM,1082.1,0,0.0,65061156.30000001
2025-08-01 09:42:34 AM,1082.1,19,20559.899999999998,65081716.20000001
2025-08-01 09:42:40 AM,1082.1,45,48694.49999999999,65130410.70000001
2025-08-01 09:42:46 AM,1081.8,44,47599.2,65178009.90000001
2025-08-01 09:42:53 AM,1080.1,0,0.0,65178009.90000001
2025-08-01 09:42:53 AM,1080.1,635,685863.5,65863873.40000001
2025-08-01 09:42:57 AM,1081.3,0,0.0,65863873.40000001
2025-08-01 09:43:00 AM,1081.3,31,33520.299999999996,65897393.70000001
2025-08-01 09:43:05 AM,1080.0,0,0.0,65897393.70000001
2025-08-01 09:43:06 AM,1080.0,315,340200.0,66237593.70000001
2025-08-01 09:43:09 AM,1080.3,0,0.0,66237593.70000001
2025-08-01 09:43:13 AM,1080.3,50,54015.0,66291608.70000001
2025-08-01 09:43:14 AM,1081.2,50,54060.0,66345668.70000001
2025-08-01 09:43:17 AM,1081.1,0,0.0,66345668.70000001
2025-08-01 09:43:20 AM,1081.1,16,17297.6,66362966.30000001
2025-08-01 09:43:20 AM,1081.1,30,32432.999999999996,66395399.30000001
2025-08-01 09:43:27 AM,1080.6,44,47546.399999999994,66442945.70000001
2025-08-01 09:43:39 AM,1080.6,45,48626.99999999999,66491572.70000001
2025-08-01 09:43:47 AM,1080.8,250,270200.0,66761772.70000001
2025-08-01 09:43:57 AM,1081.3,0,0.0,66761772.70000001
2025-08-01 09:43:59 AM,1081.9,55,59504.50000000001,66821277.20000001
2025-08-01 09:44:06 AM,1081.9,20,21638.0,66842915.20000001
2025-08-01 09:44:07 AM,1081.8,55,59499.0,66902414.20000001
2025-08-01 09:44:12 AM,1081.2,150,162180.0,67064594.20000001
2025-08-01 09:44:17 AM,1080.9,0,0.0,67064594.20000001
2025-08-01 09:44:19 AM,1080.9,18,19456.2,67084050.40000001
2025-08-01 09:44:21 AM,1081.4,0,0.0,67084050.40000001
2025-08-01 09:44:26 AM,1081.4,1,1081.4,67085131.80000001
2025-08-01 09:44:27 AM,1081.7,0,0.0,67085131.80000001
2025-08-01 09:44:27 AM,1081.7,30,32451.0,67117582.80000001
2025-08-01 09:44:35 AM,1082.0,0,0.0,67117582.80000001
2025-08-01 09:44:37 AM,1082.2,0,0.0,67117582.80000001
2025-08-01 09:44:38 AM,1082.2,85,91987.0,67209569.80000001
2025-08-01 09:44:47 AM,1081.7,0,0.0,67209569.80000001
2025-08-01 09:44:51 AM,1081.7,44,47594.8,67257164.60000001
2025-08-01 09:44:57 AM,1081.5,0,0.0,67257164.60000001
2025-08-01 09:44:58 AM,1081.5,14,15141.0,67272305.60000001
2025-08-01 09:45:01 AM,1081.7,0,0.0,67272305.60000001
2025-08-01 09:45:04 AM,1081.7,1,1081.7,67273387.30000001
2025-08-01 09:45:06 AM,1082.4,0,0.0,67273387.30000001
2025-08-01 09:45:11 AM,1082.4,75,81180.0,67354567.30000001
2025-08-01 09:45:17 AM,1082.2,0,0.0,67354567.30000001
2025-08-01 09:45:18 AM,1082.2,42,45452.4,67400019.70000002
2025-08-01 09:45:29 AM,1082.5,0,0.0,67400019.70000002
2025-08-01 09:45:30 AM,1082.5,10,10825.0,67410844.70000002
2025-08-01 09:45:32 AM,1082.8,17,18407.6,67429252.30000001
2025-08-01 09:45:37 AM,1082.9,37,40067.3,67469319.60000001
2025-08-01 09:45:41 AM,1083.5,0,0.0,67469319.60000001
2025-08-01 09:45:42 AM,1082.9,0,0.0,67469319.60000001
2025-08-01 09:45:43 AM,1082.9,32,34652.8,67503972.4
2025-08-01 09:45:45 AM,1083.3,15,16249.5,67520221.9
2025-08-01 09:45:50 AM,1083.3,54,58498.2,67578720.10000001
2025-08-01 09:45:51 AM,1083.5,20,21670.0,67600390.10000001
2025-08-01 09:45:56 AM,1083.5,810,877635.0,68478025.10000001
2025-08-01 09:45:58 AM,1083.5,45,48757.5,68526782.60000001
2025-08-01 09:45:58 AM,1083.4,0,0.0,68526782.60000001
2025-08-01 09:46:03 AM,1082.9,0,0.0,68526782.60000001
2025-08-01 09:46:03 AM,1082.9,103,111538.70000000001,68638321.30000001
2025-08-01 09:46:08 AM,1082.8,0,0.0,68638321.30000001
2025-08-01 09:46:09 AM,1082.8,83,89872.4,68728193.70000002
2025-08-01 09:46:13 AM,1081.4,0,0.0,68728193.70000002
2025-08-01 09:46:16 AM,1081.4,2,2162.8,68730356.50000001
2025-08-01 09:46:17 AM,1082.1,45,48694.49999999999,68779051.00000001
2025-08-01 09:46:27 AM,1081.8,0,0.0,68779051.00000001
2025-08-01 09:46:29 AM,1081.8,54,58417.2,68837468.20000002
2025-08-01 09:46:37 AM,1081.6,24,25958.399999999998,68863426.60000002
2025-08-01 09:46:42 AM,1082.1,0,0.0,68863426.60000002
2025-08-01 09:46:43 AM,1082.1,22,23806.199999999997,68887232.80000003
2025-08-01 09:46:47 AM,1082.1,44,47612.399999999994,68934845.20000003
2025-08-01 09:46:55 AM,1082.0,0,0.0,68934845.20000003
2025-08-01 09:46:56 AM,1082.0,46,49772.0,68984617.20000003
2025-08-01 09:47:00 AM,1082.0,45,48690.0,69033307.20000003
2025-08-01 09:47:08 AM,1082.0,44,47608.0,69080915.20000003
2025-08-01 09:47:18 AM,1081.3,46,49739.799999999996,69130655.00000003
2025-08-01 09:47:22 AM,1080.9,0,0.0,69130655.00000003
2025-08-01 09:47:23 AM,1081.8,0,0.0,69130655.00000003
2025-08-01 09:47:25 AM,1081.8,109,117916.2,69248571.20000003
2025-08-01 09:47:27 AM,1081.7,32,34614.4,69283185.60000004
2025-08-01 09:47:31 AM,1081.8,0,0.0,69283185.60000004
2025-08-01 09:47:33 AM,1081.8,9,9736.199999999999,69292921.80000004
2025-08-01 09:47:37 AM,1082.3,0,0.0,69292921.80000004
2025-08-01 09:47:38 AM,1082.3,15,16234.5,69309156.30000004
2025-08-01 09:47:42 AM,1082.9,0,0.0,69309156.30000004
2025-08-01 09:47:45 AM,1082.9,34,36818.600000000006,69345974.90000004
2025-08-01 09:47:47 AM,1082.9,44,47647.600000000006,69393622.50000003
2025-08-01 09:47:58 AM,1082.9,45,48730.50000000001,69442353.00000003
2025-08-01 09:48:00 AM,1083.0,0,0.0,69442353.00000003
2025-08-01 09:48:00 AM,1083.0,115,124545.0,69566898.00000003
2025-08-01 09:48:04 AM,1083.0,6,6498.0,69573396.00000003
2025-08-01 09:48:07 AM,1083.3,18,19499.399999999998,69592895.40000004
2025-08-01 09:48:11 AM,1083.0,31,33573.0,69626468.40000004
2025-08-01 09:48:17 AM,1082.9,0,0.0,69626468.40000004
2025-08-01 09:48:17 AM,1082.9,46,49813.4,69676281.80000004
2025-08-01 09:48:30 AM,1082.9,44,47647.600000000006,69723929.40000004
2025-08-01 09:48:37 AM,1083.0,0,0.0,69723929.40000004
2025-08-01 09:48:37 AM,1083.0,50,54150.0,69778079.40000004
2025-08-01 09:48:43 AM,1083.0,55,59565.0,69837644.40000004
2025-08-01 09:48:49 AM,1085.0,0,0.0,69837644.40000004
2025-08-01 09:48:49 AM,1085.0,595,645575.0,70483219.40000004
2025-08-01 09:48:57 AM,1086.5,0,0.0,70483219.40000004
2025-08-01 09:48:58 AM,1086.5,11,11951.5,70495170.90000004
2025-08-01 09:49:01 AM,1087.5,0,0.0,70495170.90000004
2025-08-01 09:49:02 AM,1087.5,34,36975.0,70532145.90000004
2025-08-01 09:49:08 AM,1088.0,210,228480.0,70760625.90000004
2025-08-01 09:49:17 AM,1088.0,45,48960.0,70809585.90000004
2025-08-01 09:49:23 AM,1088.1,0,0.0,70809585.90000004
2025-08-01 09:49:23 AM,1088.1,200,217619.99999999997,71027205.90000004
2025-08-01 09:49:26 AM,1088.4,0,0.0,71027205.90000004
2025-08-01 09:49:27 AM,1088.4,30,32652.000000000004,71059857.90000004
2025-08-01 09:49:29 AM,1089.9,0,0.0,71059857.90000004
2025-08-01 09:49:29 AM,1089.9,20,21798.0,71081655.90000004
2025-08-01 09:49:32 AM,1090.0,0,0.0,71081655.90000004
2025-08-01 09:49:33 AM,1090.0,14,15260.0,71096915.90000004
2025-08-01 09:49:35 AM,1088.7,0,0.0,71096915.90000004
2025-08-01 09:49:36 AM,1088.7,47,51168.9,71148084.80000004
2025-08-01 09:49:44 AM,1088.8,0,0.0,71148084.80000004
2025-08-01 09:49:46 AM,1088.8,1,1088.8,71149173.60000004
2025-08-01 09:49:49 AM,1088.8,44,47907.2,71197080.80000004
2025-08-01 09:49:59 AM,1088.8,46,50084.799999999996,71247165.60000004
2025-08-01 09:50:08 AM,1088.8,44,47907.2,71295072.80000004
2025-08-01 09:50:17 AM,1087.2,0,0.0,71295072.80000004
2025-08-01 09:50:18 AM,1087.2,157,170690.4,71465763.20000005
2025-08-01 09:50:24 AM,1087.2,12,13046.400000000001,71478809.60000005
2025-08-01 09:50:27 AM,1087.3,0,0.0,71478809.60000005
2025-08-01 09:50:27 AM,1087.3,44,47841.2,71526650.80000006
2025-08-01 09:50:34 AM,1086.1,0,0.0,71526650.80000006
2025-08-01 09:50:37 AM,1086.1,50,54304.99999999999,71580955.80000006
2025-08-01 09:50:46 AM,1086.9,0,0.0,71580955.80000006
2025-08-01 09:50:49 AM,1086.9,45,48910.50000000001,71629866.30000006
2025-08-01 09:50:58 AM,1086.9,85,92386.50000000001,71722252.80000006
2025-08-01 09:51:01 AM,1087.0,0,0.0,71722252.80000006
2025-08-01 09:51:02 AM,1087.0,25,27175.0,71749427.80000006
2025-08-01 09:51:08 AM,1087.0,44,47828.0,71797255.80000006
2025-08-01 09:51:16 AM,1087.3,0,0.0,71797255.80000006
2025-08-01 09:51:17 AM,1087.3,119,129388.7,71926644.50000006
2025-08-01 09:51:23 AM,1089.4,0,0.0,71926644.50000006
2025-08-01 09:51:23 AM,1089.4,168,183019.2,72109663.70000006
2025-08-01 09:51:27 AM,1089.1,46,50098.6,72159762.30000006
2025-08-01 09:51:35 AM,1089.6,7,7627.199999999999,72167389.50000006
2025-08-01 09:51:40 AM,1089.6,46,50121.6,72217511.10000005
2025-08-01 09:51:48 AM,1089.6,44,47942.399999999994,72265453.50000006
2025-08-01 09:51:58 AM,1088.6,45,48986.99999999999,72314440.50000006
2025-08-01 09:52:06 AM,1088.5,0,0.0,72314440.50000006
2025-08-01 09:52:07 AM,1088.5,45,48982.5,72363423.00000006
2025-08-01 09:52:18 AM,1088.4,0,0.0,72363423.00000006
2025-08-01 09:52:19 AM,1088.4,45,48978.00000000001,72412401.00000006
2025-08-01 09:52:27 AM,1088.5,0,0.0,72412401.00000006
2025-08-01 09:52:29 AM,1087.4,60,65244.00000000001,72477645.00000006
2025-08-01 09:52:36 AM,1088.5,0,0.0,72477645.00000006
2025-08-01 09:52:37 AM,1088.5,45,48982.5,72526627.50000006
2025-08-01 09:52:47 AM,1088.6,44,47898.399999999994,72574525.90000007
2025-08-01 09:52:53 AM,1088.6,5,5443.0,72579968.90000007
2025-08-01 09:52:59 AM,1088.6,45,48986.99999999999,72628955.90000007
2025-08-01 09:53:06 AM,1088.7,0,0.0,72628955.90000007
2025-08-01 09:53:07 AM,1088.7,44,47902.8,72676858.70000006
2025-08-01 09:53:18 AM,1088.2,71,77262.2,72754120.90000007
2025-08-01 09:53:20 AM,1088.6,10,10886.0,72765006.90000007
2025-08-01 09:53:28 AM,1088.7,0,0.0,72765006.90000007
2025-08-01 09:53:30 AM,1088.7,44,47902.8,72812909.70000006
2025-08-01 09:53:34 AM,1088.1,0,0.0,72812909.70000006
2025-08-01 09:53:36 AM,1088.1,71,77255.09999999999,72890164.80000006
2025-08-01 09:53:40 AM,1088.0,0,0.0,72890164.80000006
2025-08-01 09:53:43 AM,1088.0,1,1088.0,72891252.80000006
2025-08-01 09:53:49 AM,1086.6,0,0.0,72891252.80000006
2025-08-01 09:53:49 AM,1086.6,1858,2018902.7999999998,74910155.60000005
2025-08-01 09:53:50 AM,1086.5,10,10865.0,74921020.60000005
2025-08-01 09:53:52 AM,1086.0,0,0.0,74921020.60000005
2025-08-01 09:53:55 AM,1084.6,0,0.0,74921020.60000005
2025-08-01 09:53:55 AM,1084.6,93,100867.79999999999,75021888.40000005
2025-08-01 09:54:01 AM,1084.6,225,244034.99999999997,75265923.40000005
2025-08-01 09:54:07 AM,1084.9,0,0.0,75265923.40000005
2025-08-01 09:54:07 AM,1084.9,18,19528.2,75285451.60000005
2025-08-01 09:54:13 AM,1086.2,0,0.0,75285451.60000005
2025-08-01 09:54:13 AM,1086.2,36,39103.200000000004,75324554.80000006
2025-08-01 09:54:16 AM,1086.3,0,0.0,75324554.80000006
2025-08-01 09:54:20 AM,1086.3,45,48883.5,75373438.30000006
2025-08-01 09:54:26 AM,1085.3,80,86824.0,75460262.30000006
2025-08-01 09:54:29 AM,1083.9,0,0.0,75460262.30000006
2025-08-01 09:54:32 AM,1083.9,2,2167.8,75462430.10000005
2025-08-01 09:54:38 AM,1085.1,0,0.0,75462430.10000005
2025-08-01 09:54:39 AM,1085.1,45,48829.49999999999,75511259.60000005
2025-08-01 09:54:47 AM,1084.8,0,0.0,75511259.60000005
2025-08-01 09:54:50 AM,1084.8,44,47731.2,75558990.80000006
2025-08-01 09:54:56 AM,1084.7,0,0.0,75558990.80000006
2025-08-01 09:54:57 AM,1084.7,61,66166.7,75625157.50000006
2025-08-01 09:55:07 AM,1084.6,44,47722.399999999994,75672879.90000007
2025-08-01 09:55:17 AM,1084.5,0,0.0,75672879.90000007
2025-08-01 09:55:20 AM,1084.5,45,48802.5,75721682.40000007
2025-08-01 09:55:25 AM,1084.0,0,0.0,75721682.40000007
2025-08-01 09:55:25 AM,1084.0,1,1084.0,75722766.40000007
2025-08-01 09:55:27 AM,1084.5,44,47718.0,75770484.40000007
2025-08-01 09:55:36 AM,1084.2,0,0.0,75770484.40000007
2025-08-01 09:55:37 AM,1084.5,0,0.0,75770484.40000007
2025-08-01 09:55:37 AM,1084.5,50,54225.0,75824709.40000007
2025-08-01 09:55:50 AM,1084.5,45,48802.5,75873511.90000007
2025-08-01 09:55:57 AM,1084.5,45,48802.5,75922314.40000007
2025-08-01 09:56:08 AM,1084.5,227,246181.5,76168495.90000007
2025-08-01 09:56:17 AM,1085.1,0,0.0,76168495.90000007
2025-08-01 09:56:20 AM,1085.1,2,2170.2,76170666.10000007
2025-08-01 09:56:22 AM,1085.3,0,0.0,76170666.10000007
2025-08-01 09:56:26 AM,1085.3,64,69459.2,76240125.30000007
2025-08-01 09:56:27 AM,1085.3,39,42326.7,76282452.00000007
2025-08-01 09:56:34 AM,1085.7,0,0.0,76282452.00000007
2025-08-01 09:56:37 AM,1085.8,0,0.0,76282452.00000007
2025-08-01 09:56:37 AM,1085.8,5,5429.0,76287881.00000007
2025-08-01 09:56:38 AM,1085.8,1,1085.8,76288966.80000007
2025-08-01 09:56:43 AM,1087.0,0,0.0,76288966.80000007
2025-08-01 09:56:44 AM,1087.0,56,60872.0,76349838.80000007
2025-08-01 09:56:47 AM,1086.8,0,0.0,76349838.80000007
2025-08-01 09:56:50 AM,1086.8,47,51079.6,76400918.40000007
2025-08-01 09:56:57 AM,1086.9,45,48910.50000000001,76449828.90000007
2025-08-01 09:57:08 AM,1086.9,29,31520.100000000002,76481349.00000006
2025-08-01 09:57:14 AM,1087.4,2,2174.8,76483523.80000006
2025-08-01 09:57:19 AM,1088.2,0,0.0,76483523.80000006
2025-08-01 09:57:19 AM,1088.2,37,40263.4,76523787.20000006
2025-08-01 09:57:23 AM,1088.6,0,0.0,76523787.20000006
2025-08-01 09:57:25 AM,1089.0,34,37026.0,76560813.20000006
2025-08-01 09:57:27 AM,1089.4,0,0.0,76560813.20000006
2025-08-01 09:57:27 AM,1089.4,55,59917.00000000001,76620730.20000006
2025-08-01 09:57:35 AM,1088.5,0,0.0,76620730.20000006
2025-08-01 09:57:37 AM,1088.5,86,93611.0,76714341.20000006
2025-08-01 09:57:49 AM,1088.5,22,23947.0,76738288.20000006
2025-08-01 09:57:52 AM,1089.0,14,15246.0,76753534.20000006
2025-08-01 09:57:58 AM,1089.5,53,57743.5,76811277.70000006
2025-08-01 09:57:59 AM,1089.4,0,0.0,76811277.70000006
2025-08-01 09:58:01 AM,1089.4,15,16341.000000000002,76827618.70000006
2025-08-01 09:58:03 AM,1088.1,0,0.0,76827618.70000006
2025-08-01 09:58:04 AM,1088.1,283,307932.3,77135551.00000006
2025-08-01 09:58:07 AM,1086.6,125,135825.0,77271376.00000006
2025-08-01 09:58:19 AM,1087.9,46,50043.4,77321419.40000007
2025-08-01 09:58:28 AM,1087.9,44,47867.600000000006,77369287.00000006
2025-08-01 09:58:31 AM,1087.0,27,29349.0,77398636.00000006
2025-08-01 09:58:34 AM,1086.9,12,13042.800000000001,77411678.80000006
2025-08-01 09:58:37 AM,1086.9,45,48910.50000000001,77460589.30000006
2025-08-01 09:58:46 AM,1087.0,144,156528.0,77617117.30000006
2025-08-01 09:58:52 AM,1086.9,10,10869.0,77627986.30000006
2025-08-01 09:58:58 AM,1087.0,45,48915.0,77676901.30000006
2025-08-01 09:59:08 AM,1087.0,45,48915.0,77725816.30000006
2025-08-01 09:59:17 AM,1087.0,45,48915.0,77774731.30000006
2025-08-01 09:59:27 AM,1086.9,10,10869.0,77785600.30000006
2025-08-01 09:59:30 AM,1086.9,34,36954.600000000006,77822554.90000005
2025-08-01 09:59:38 AM,1087.0,0,0.0,77822554.90000005
2025-08-01 09:59:39 AM,1087.0,45,48915.0,77871469.90000005
2025-08-01 09:59:48 AM,1087.0,45,48915.0,77920384.90000005
2025-08-01 09:59:58 AM,1087.0,46,50002.0,77970386.90000005
2025-08-01 10:00:07 AM,1087.0,44,47828.0,78018214.90000005
2025-08-01 10:00:17 AM,1087.0,45,48915.0,78067129.90000005
2025-08-01 10:00:26 AM,1087.0,24,26088.0,78093217.90000005
2025-08-01 10:00:29 AM,1087.0,44,47828.0,78141045.90000005
2025-08-01 10:00:36 AM,1086.6,0,0.0,78141045.90000005
2025-08-01 10:00:36 AM,1086.6,107,116266.2,78257312.10000005
2025-08-01 10:00:42 AM,1086.1,2,2172.2,78259484.30000006
2025-08-01 10:00:48 AM,1086.6,0,0.0,78259484.30000006
2025-08-01 10:00:48 AM,1086.6,44,47810.399999999994,78307294.70000006
2025-08-01 10:00:54 AM,1086.6,1,1086.6,78308381.30000006
2025-08-01 10:00:58 AM,1086.6,45,48896.99999999999,78357278.30000006
2025-08-01 10:01:00 AM,1086.9,0,0.0,78357278.30000006
2025-08-01 10:01:01 AM,1086.9,222,241291.80000000002,78598570.10000005
2025-08-01 10:01:04 AM,1086.0,15,16290.0,78614860.10000005
2025-08-01 10:01:07 AM,1086.9,13,14129.7,78628989.80000006
2025-08-01 10:01:12 AM,1087.0,0,0.0,78628989.80000006
2025-08-01 10:01:14 AM,1087.0,27,29349.0,78658338.80000006
2025-08-01 10:01:17 AM,1087.0,47,51089.0,78709427.80000006
2025-08-01 10:01:29 AM,1087.0,44,47828.0,78757255.80000006
2025-08-01 10:01:35 AM,1087.0,4,4348.0,78761603.80000006
2025-08-01 10:01:38 AM,1087.0,46,50002.0,78811605.80000006
2025-08-01 10:01:48 AM,1087.0,44,47828.0,78859433.80000006
2025-08-01 10:01:50 AM,1087.0,47,51089.0,78910522.80000006
2025-08-01 10:01:54 AM,1087.0,2,2174.0,78912696.80000006
2025-08-01 10:01:56 AM,1087.0,20,21740.0,78934436.80000006
2025-08-01 10:02:00 AM,1087.4,15,16311.000000000002,78950747.80000006
2025-08-01 10:02:02 AM,1087.6,0,0.0,78950747.80000006
2025-08-01 10:02:02 AM,1087.6,3,3262.7999999999997,78954010.60000005
2025-08-01 10:02:07 AM,1088.0,0,0.0,78954010.60000005
2025-08-01 10:02:08 AM,1088.0,16,17408.0,78971418.60000005
2025-08-01 10:02:12 AM,1088.5,0,0.0,78971418.60000005
2025-08-01 10:02:13 AM,1088.5,56,60956.0,79032374.60000005
2025-08-01 10:02:14 AM,1088.7,3,3266.1000000000004,79035640.70000005
2025-08-01 10:02:19 AM,1089.2,120,130704.0,79166344.70000005
2025-08-01 10:02:21 AM,1089.0,0,0.0,79166344.70000005
2025-08-01 10:02:21 AM,1089.0,1,1089.0,79167433.70000005
2025-08-01 10:02:26 AM,1089.1,23,25049.3,79192483.00000004
2025-08-01 10:02:27 AM,1089.3,45,49018.5,79241501.50000004
2025-08-01 10:02:33 AM,1089.0,100,108900.0,79350401.50000004
2025-08-01 10:02:34 AM,1089.2,0,0.0,79350401.50000004
2025-08-01 10:02:38 AM,1089.0,0,0.0,79350401.50000004
2025-08-01 10:02:38 AM,1089.0,28,30492.0,79380893.50000004
2025-08-01 10:02:43 AM,1088.1,0,0.0,79380893.50000004
2025-08-01 10:02:44 AM,1088.1,54,58757.399999999994,79439650.90000005
2025-08-01 10:02:46 AM,1088.1,3,3264.2999999999997,79442915.20000005
2025-08-01 10:02:51 AM,1087.4,49,53282.600000000006,79496197.80000004
2025-08-01 10:02:57 AM,1087.5,29,31537.5,79527735.30000004
2025-08-01 10:03:03 AM,1087.6,16,17401.6,79545136.90000004
2025-08-01 10:03:10 AM,1086.9,54,58692.600000000006,79603829.50000003
2025-08-01 10:03:19 AM,1087.6,24,26102.399999999998,79629931.90000004
2025-08-01 10:03:23 AM,1088.0,5,5440.0,79635371.90000004
2025-08-01 10:03:28 AM,1089.0,0,0.0,79635371.90000004
2025-08-01 10:03:29 AM,1089.0,61,66429.0,79701800.90000004
2025-08-01 10:03:36 AM,1088.9,0,0.0,79701800.90000004
2025-08-01 10:03:36 AM,1088.9,2,2177.8,79703978.70000003
2025-08-01 10:03:38 AM,1088.9,45,49000.50000000001,79752979.20000003
2025-08-01 10:03:48 AM,1088.8,0,0.0,79752979.20000003
2025-08-01 10:03:48 AM,1088.8,44,47907.2,79800886.40000004
2025-08-01 10:03:54 AM,1087.9,128,139251.2,79940137.60000004
2025-08-01 10:04:00 AM,1088.3,0,0.0,79940137.60000004
2025-08-01 10:04:01 AM,1088.3,7,7618.099999999999,79947755.70000003
2025-08-01 10:04:04 AM,1087.0,0,0.0,79947755.70000003
2025-08-01 10:04:07 AM,1087.0,100,108700.0,80056455.70000003
2025-08-01 10:04:09 AM,1088.2,100,108820.0,80165275.70000003
2025-08-01 10:04:12 AM,1087.7,0,0.0,80165275.70000003
2025-08-01 10:04:13 AM,1087.7,1,1087.7,80166363.40000004
2025-08-01 10:04:15 AM,1087.8,1,1087.8,80167451.20000003
2025-08-01 10:04:19 AM,1087.8,95,103341.0,80270792.20000003
2025-08-01 10:04:26 AM,1087.8,25,27195.0,80297987.20000003
2025-08-01 10:04:28 AM,1087.8,44,47863.2,80345850.40000004
2025-08-01 10:04:34 AM,1087.8,3,3263.3999999999996,80349113.80000004
2025-08-01 10:04:37 AM,1087.9,0,0.0,80349113.80000004
2025-08-01 10:04:38 AM,1087.9,45,48955.50000000001,80398069.30000004
2025-08-01 10:04:44 AM,1087.8,85,92463.0,80490532.30000004
2025-08-01 10:04:46 AM,1087.8,63,68531.4,80559063.70000005
2025-08-01 10:04:51 AM,1087.8,30,32634.0,80591697.70000005
2025-08-01 10:04:53 AM,1087.1,72,78271.2,80669968.90000005
2025-08-01 10:05:07 AM,1086.8,0,0.0,80669968.90000005
2025-08-01 10:05:09 AM,1086.8,44,47819.2,80717788.10000005
2025-08-01 10:05:15 AM,1086.8,2,2173.6,80719961.70000005
2025-08-01 10:05:17 AM,1086.8,45,48906.0,80768867.70000005
2025-08-01 10:05:28 AM,1086.7,44,47814.8,80816682.50000004
2025-08-01 10:05:34 AM,1086.7,2,2173.4,80818855.90000005
2025-08-01 10:05:38 AM,1086.4,0,0.0,80818855.90000005
2025-08-01 10:05:40 AM,1086.4,50,54320.00000000001,80873175.90000005
2025-08-01 10:05:47 AM,1086.7,0,0.0,80873175.90000005
2025-08-01 10:05:47 AM,1086.3,0,0.0,80873175.90000005
2025-08-01 10:05:48 AM,1086.3,51,55401.299999999996,80928577.20000005
2025-08-01 10:05:58 AM,1086.7,28,30427.600000000002,80959004.80000004
2025-08-01 10:06:00 AM,1086.8,9,9781.199999999999,80968786.00000004
2025-08-01 10:06:02 AM,1086.9,0,0.0,80968786.00000004
2025-08-01 10:06:04 AM,1086.8,70,76076.0,81044862.00000004
2025-08-01 10:06:15 AM,1086.7,1,1086.7,81045948.70000005
2025-08-01 10:06:18 AM,1086.7,45,48901.5,81094850.20000005
2025-08-01 10:06:27 AM,1086.8,44,47819.2,81142669.40000005
2025-08-01 10:06:36 AM,1086.3,11,11949.3,81154618.70000005
2025-08-01 10:06:39 AM,1086.8,0,0.0,81154618.70000005
2025-08-01 10:06:39 AM,1086.8,42,45645.6,81200264.30000004
2025-08-01 10:06:42 AM,1084.9,123,133442.7,81333707.00000004
2025-08-01 10:06:54 AM,1084.7,0,0.0,81333707.00000004
2025-08-01 10:06:58 AM,1084.7,46,49896.200000000004,81383603.20000005
2025-08-01 10:07:10 AM,1084.7,44,47726.8,81431330.00000004
2025-08-01 10:07:16 AM,1084.7,19,20609.3,81451939.30000004
2025-08-01 10:07:23 AM,1084.8,29,31459.199999999997,81483398.50000004
2025-08-01 10:07:25 AM,1084.9,10,10849.0,81494247.50000004
2025-08-01 10:07:29 AM,1084.9,2,2169.8,81496417.30000004
2025-08-01 10:07:31 AM,1085.0,25,27125.0,81523542.30000004
2025-08-01 10:07:35 AM,1084.3,129,139874.69999999998,81663417.00000004
2025-08-01 10:07:46 AM,1084.4,0,0.0,81663417.00000004
2025-08-01 10:07:47 AM,1085.4,47,51013.8,81714430.80000004
2025-08-01 10:07:51 AM,1083.8,0,0.0,81714430.80000004
2025-08-01 10:07:53 AM,1083.8,34,36849.2,81751280.00000004
2025-08-01 10:08:00 AM,1084.1,0,0.0,81751280.00000004
2025-08-01 10:08:00 AM,1084.1,47,50952.7,81802232.70000005
2025-08-01 10:08:08 AM,1084.1,44,47700.399999999994,81849933.10000005
2025-08-01 10:08:14 AM,1084.0,1,1084.0,81851017.10000005
2025-08-01 10:08:19 AM,1084.0,7,7588.0,81858605.10000005
2025-08-01 10:08:22 AM,1084.2,0,0.0,81858605.10000005
2025-08-01 10:08:24 AM,1084.2,27,29273.4,81887878.50000006
2025-08-01 10:08:28 AM,1084.3,0,0.0,81887878.50000006
2025-08-01 10:08:31 AM,1084.3,10,10843.0,81898721.50000006
2025-08-01 10:08:34 AM,1085.7,0,0.0,81898721.50000006
2025-08-01 10:08:36 AM,1086.0,175,190050.0,82088771.50000006
2025-08-01 10:08:47 AM,1086.3,0,0.0,82088771.50000006
2025-08-01 10:08:49 AM,1086.3,62,67350.59999999999,82156122.10000005
2025-08-01 10:08:54 AM,1086.3,1,1086.3,82157208.40000005
2025-08-01 10:08:59 AM,1085.7,0,0.0,82157208.40000005
2025-08-01 10:09:00 AM,1085.7,71,77084.7,82234293.10000005
2025-08-01 10:09:07 AM,1085.8,0,0.0,82234293.10000005
2025-08-01 10:09:08 AM,1085.8,45,48861.0,82283154.10000005
2025-08-01 10:09:14 AM,1085.7,2,2171.4,82285325.50000006
2025-08-01 10:09:18 AM,1085.7,45,48856.5,82334182.00000006
2025-08-01 10:09:28 AM,1085.8,0,0.0,82334182.00000006
2025-08-01 10:09:30 AM,1085.8,40,43432.0,82377614.00000006
2025-08-01 10:09:32 AM,1086.1,0,0.0,82377614.00000006
2025-08-01 10:09:32 AM,1086.1,4,4344.4,82381958.40000007
2025-08-01 10:09:35 AM,1086.6,0,0.0,82381958.40000007
2025-08-01 10:09:36 AM,1086.6,27,29338.199999999997,82411296.60000007
2025-08-01 10:09:37 AM,1086.6,45,48896.99999999999,82460193.60000007
2025-08-01 10:09:46 AM,1086.1,0,0.0,82460193.60000007
2025-08-01 10:09:47 AM,1087.1,0,0.0,82460193.60000007
2025-08-01 10:09:47 AM,1087.1,45,48919.49999999999,82509113.10000007
2025-08-01 10:09:54 AM,1087.1,2,2174.2,82511287.30000007
2025-08-01 10:09:58 AM,1087.1,46,50006.6,82561293.90000007
2025-08-01 10:10:07 AM,1087.0,0,0.0,82561293.90000007
2025-08-01 10:10:10 AM,1087.0,44,47828.0,82609121.90000007
2025-08-01 10:10:16 AM,1086.9,1,1086.9,82610208.80000007
2025-08-01 10:10:18 AM,1086.9,45,48910.50000000001,82659119.30000007
2025-08-01 10:10:28 AM,1087.0,0,0.0,82659119.30000007
2025-08-01 10:10:28 AM,1087.0,70,76090.0,82735209.30000007
2025-08-01 10:10:35 AM,1087.0,3,3261.0,82738470.30000007
2025-08-01 10:10:40 AM,1087.0,45,48915.0,82787385.30000007
2025-08-01 10:10:47 AM,1087.0,40,43480.0,82830865.30000007
2025-08-01 10:10:52 AM,1087.5,0,0.0,82830865.30000007
2025-08-01 10:10:52 AM,1087.5,2,2175.0,82833040.30000007
2025-08-01 10:10:55 AM,1087.6,0,0.0,82833040.30000007
2025-08-01 10:10:58 AM,1087.6,75,81570.0,82914610.30000007
2025-08-01 10:11:03 AM,1087.8,30,32634.0,82947244.30000007
2025-08-01 10:11:07 AM,1087.9,0,0.0,82947244.30000007
2025-08-01 10:11:09 AM,1087.9,44,47867.600000000006,82995111.90000007
2025-08-01 10:11:16 AM,1088.0,0,0.0,82995111.90000007
2025-08-01 10:11:16 AM,1088.0,2,2176.0,82997287.90000007
2025-08-01 10:11:17 AM,1088.0,45,48960.0,83046247.90000007
2025-08-01 10:11:21 AM,1088.0,92,100096.0,83146343.90000007
2025-08-01 10:11:27 AM,1088.0,136,147968.0,83294311.90000007
2025-08-01 10:11:28 AM,1088.0,5,5440.0,83299751.90000007
2025-08-01 10:11:34 AM,1088.0,2,2176.0,83301927.90000007
2025-08-01 10:11:38 AM,1088.0,46,50048.0,83351975.90000007
2025-08-01 10:11:50 AM,1088.0,44,47872.0,83399847.90000007
2025-08-01 10:11:56 AM,1088.0,2,2176.0,83402023.90000007
2025-08-01 10:11:57 AM,1086.7,308,334703.60000000003,83736727.50000006
2025-08-01 10:12:07 AM,1087.1,0,0.0,83736727.50000006
2025-08-01 10:12:08 AM,1087.1,44,47832.399999999994,83784559.90000007
2025-08-01 10:12:14 AM,1087.0,1,1087.0,83785646.90000007
2025-08-01 10:12:20 AM,1087.0,45,48915.0,83834561.90000007
2025-08-01 10:12:22 AM,1086.8,0,0.0,83834561.90000007
2025-08-01 10:12:25 AM,1086.1,0,0.0,83834561.90000007
2025-08-01 10:12:25 AM,1086.1,2,2172.2,83836734.10000007
2025-08-01 10:12:28 AM,1086.9,0,0.0,83836734.10000007
2025-08-01 10:12:28 AM,1086.2,0,0.0,83836734.10000007
2025-08-01 10:12:31 AM,1086.2,64,69516.8,83906250.90000007
2025-08-01 10:12:34 AM,1086.9,0,0.0,83906250.90000007
2025-08-01 10:12:37 AM,1086.9,49,53258.100000000006,83959509.00000006
2025-08-01 10:12:48 AM,1086.9,44,47823.600000000006,84007332.60000005
2025-08-01 10:12:54 AM,1086.9,1,1086.9,84008419.50000006
2025-08-01 10:13:00 AM,1086.9,45,48910.50000000001,84057330.00000006
2025-08-01 10:13:04 AM,1086.5,0,0.0,84057330.00000006
2025-08-01 10:13:05 AM,1086.5,50,54325.0,84111655.00000006
2025-08-01 10:13:16 AM,1086.4,0,0.0,84111655.00000006
2025-08-01 10:13:17 AM,1086.4,58,63011.200000000004,84174666.20000006
2025-08-01 10:13:28 AM,1085.8,0,0.0,84174666.20000006
2025-08-01 10:13:29 AM,1085.8,50,54290.0,84228956.20000006
2025-08-01 10:13:37 AM,1086.4,0,0.0,84228956.20000006
2025-08-01 10:13:41 AM,1086.4,38,41283.200000000004,84270239.40000007
2025-08-01 10:13:42 AM,1086.5,2,2173.0,84272412.40000007
2025-08-01 10:13:47 AM,1086.9,12,13042.800000000001,84285455.20000006
2025-08-01 10:13:52 AM,1087.8,0,0.0,84285455.20000006
2025-08-01 10:13:53 AM,1087.8,40,43512.0,84328967.20000006
2025-08-01 10:13:54 AM,1087.8,2,2175.6,84331142.80000006
2025-08-01 10:13:58 AM,1087.1,0,0.0,84331142.80000006
2025-08-01 10:13:59 AM,1087.1,51,55442.1,84386584.90000005
2025-08-01 10:14:01 AM,1087.0,0,0.0,84386584.90000005
2025-08-01 10:14:04 AM,1087.2,0,0.0,84386584.90000005
2025-08-01 10:14:05 AM,1087.2,18,19569.600000000002,84406154.50000004
2025-08-01 10:14:07 AM,1087.9,0,0.0,84406154.50000004
2025-08-01 10:14:10 AM,1087.2,48,52185.600000000006,84458340.10000004
2025-08-01 10:14:16 AM,1087.9,0,0.0,84458340.10000004
2025-08-01 10:14:16 AM,1087.9,1,1087.9,84459428.00000004
2025-08-01 10:14:17 AM,1087.9,45,48955.50000000001,84508383.50000004
2025-08-01 10:14:19 AM,1087.3,0,0.0,84508383.50000004
2025-08-01 10:14:22 AM,1085.7,0,0.0,84508383.50000004
2025-08-01 10:14:22 AM,1085.7,86,93370.2,84601753.70000005
2025-08-01 10:14:25 AM,1086.8,0,0.0,84601753.70000005
2025-08-01 10:14:28 AM,1087.3,0,0.0,84601753.70000005
2025-08-01 10:14:28 AM,1087.3,96,104380.79999999999,84706134.50000004
2025-08-01 10:14:33 AM,1087.1,3,3261.2999999999997,84709395.80000004
2025-08-01 10:14:34 AM,1087.3,0,0.0,84709395.80000004
2025-08-01 10:14:35 AM,1086.9,115,124993.50000000001,84834389.30000004
2025-08-01 10:14:43 AM,1086.8,0,0.0,84834389.30000004
2025-08-01 10:14:45 AM,1086.8,10,10868.0,84845257.30000004
2025-08-01 10:14:51 AM,1086.8,44,47819.2,84893076.50000004
2025-08-01 10:14:54 AM,1086.6,0,0.0,84893076.50000004
2025-08-01 10:14:57 AM,1086.6,47,51070.2,84944146.70000005
2025-08-01 10:15:03 AM,1086.6,2,2173.2,84946319.90000005
2025-08-01 10:15:08 AM,1086.6,44,47810.399999999994,84994130.30000006
2025-08-01 10:15:14 AM,1086.6,2,2173.2,84996303.50000006
2025-08-01 10:15:20 AM,1086.6,45,48896.99999999999,85045200.50000006
2025-08-01 10:15:24 AM,1085.7,0,0.0,85045200.50000006
2025-08-01 10:15:25 AM,1085.8,0,0.0,85045200.50000006
2025-08-01 10:15:26 AM,1085.8,92,99893.59999999999,85145094.10000005
2025-08-01 10:15:38 AM,1085.8,47,51032.6,85196126.70000005
2025-08-01 10:15:48 AM,1085.7,0,0.0,85196126.70000005
2025-08-01 10:15:50 AM,1085.7,45,48856.5,85244983.20000005
2025-08-01 10:15:55 AM,1085.6,0,0.0,85244983.20000005
2025-08-01 10:15:56 AM,1085.6,2,2171.2,85247154.40000005
2025-08-01 10:16:02 AM,1085.6,45,48851.99999999999,85296006.40000005
2025-08-01 10:16:07 AM,1085.6,44,47766.399999999994,85343772.80000006
2025-08-01 10:16:15 AM,1085.5,0,0.0,85343772.80000006
2025-08-01 10:16:18 AM,1085.6,0,0.0,85343772.80000006
2025-08-01 10:16:19 AM,1085.6,46,49937.6,85393710.40000005
2025-08-01 10:16:30 AM,1085.8,0,0.0,85393710.40000005
2025-08-01 10:16:31 AM,1086.0,0,0.0,85393710.40000005
2025-08-01 10:16:31 AM,1086.0,646,701556.0,86095266.40000005
2025-08-01 10:16:34 AM,1086.7,0,0.0,86095266.40000005
2025-08-01 10:16:36 AM,1088.0,0,0.0,86095266.40000005
2025-08-01 10:16:37 AM,1092.0,0,0.0,86095266.40000005
2025-08-01 10:16:37 AM,1092.0,1733,1892436.0,87987702.40000005
2025-08-01 10:16:39 AM,1092.2,0,0.0,87987702.40000005
2025-08-01 10:16:40 AM,1091.0,0,0.0,87987702.40000005
2025-08-01 10:16:42 AM,1090.7,0,0.0,87987702.40000005
2025-08-01 10:16:43 AM,1090.7,414,451549.80000000005,88439252.20000005
2025-08-01 10:16:48 AM,1090.9,0,0.0,88439252.20000005
2025-08-01 10:16:48 AM,1090.9,131,142907.90000000002,88582160.10000005
2025-08-01 10:16:52 AM,1092.0,0,0.0,88582160.10000005
2025-08-01 10:16:54 AM,1091.2,0,0.0,88582160.10000005
2025-08-01 10:16:54 AM,1092.0,86,93912.0,88676072.10000005
2025-08-01 10:16:57 AM,1091.9,0,0.0,88676072.10000005
2025-08-01 10:16:59 AM,1091.9,50,54595.00000000001,88730667.10000005
2025-08-01 10:17:03 AM,1090.5,0,0.0,88730667.10000005
2025-08-01 10:17:05 AM,1090.5,20,21810.0,88752477.10000005
2025-08-01 10:17:07 AM,1091.4,0,0.0,88752477.10000005
2025-08-01 10:17:10 AM,1091.4,35,38199.0,88790676.10000005
2025-08-01 10:17:16 AM,1090.0,188,204920.0,88995596.10000005
2025-08-01 10:17:21 AM,1089.0,0,0.0,88995596.10000005
2025-08-01 10:17:22 AM,1089.0,7,7623.0,89003219.10000005
2025-08-01 10:17:24 AM,1090.0,0,0.0,89003219.10000005
2025-08-01 10:17:27 AM,1089.9,0,0.0,89003219.10000005
2025-08-01 10:17:28 AM,1089.9,53,57764.700000000004,89060983.80000006
2025-08-01 10:17:30 AM,1090.0,0,0.0,89060983.80000006
2025-08-01 10:17:31 AM,1089.1,0,0.0,89060983.80000006
2025-08-01 10:17:34 AM,1089.1,128,139404.8,89200388.60000005
2025-08-01 10:17:37 AM,1088.6,0,0.0,89200388.60000005
2025-08-01 10:17:40 AM,1088.6,128,139340.8,89339729.40000005
2025-08-01 10:17:45 AM,1088.1,0,0.0,89339729.40000005
2025-08-01 10:17:45 AM,1088.1,1,1088.1,89340817.50000004
2025-08-01 10:17:48 AM,1088.6,0,0.0,89340817.50000004
2025-08-01 10:17:51 AM,1088.6,136,148049.59999999998,89488867.10000004
2025-08-01 10:17:54 AM,1087.0,0,0.0,89488867.10000004
2025-08-01 10:17:55 AM,1086.2,0,0.0,89488867.10000004
2025-08-01 10:17:57 AM,1086.2,1130,1227406.0,90716273.10000004
2025-08-01 10:18:03 AM,1086.2,75,81465.0,90797738.10000004
2025-08-01 10:18:07 AM,1084.7,0,0.0,90797738.10000004
2025-08-01 10:18:09 AM,1084.7,45,48811.5,90846549.60000004
2025-08-01 10:18:12 AM,1084.0,0,0.0,90846549.60000004
2025-08-01 10:18:15 AM,1084.0,246,266664.0,91113213.60000004
2025-08-01 10:18:18 AM,1083.7,0,0.0,91113213.60000004
2025-08-01 10:18:20 AM,1083.7,56,60687.200000000004,91173900.80000004
2025-08-01 10:18:27 AM,1083.4,0,0.0,91173900.80000004
2025-08-01 10:18:32 AM,1084.2,1298,1407291.6,92581192.40000004
2025-08-01 10:18:33 AM,1084.7,0,0.0,92581192.40000004
2025-08-01 10:18:37 AM,1085.3,0,0.0,92581192.40000004
2025-08-01 10:18:38 AM,1085.3,99,107444.7,92688637.10000004
2025-08-01 10:18:43 AM,1085.3,12,13023.599999999999,92701660.70000003
2025-08-01 10:18:47 AM,1085.0,0,0.0,92701660.70000003
2025-08-01 10:18:49 AM,1085.0,57,61845.0,92763505.70000003
2025-08-01 10:18:53 AM,1085.3,0,0.0,92763505.70000003
2025-08-01 10:18:55 AM,1085.3,1,1085.3,92764591.00000003
2025-08-01 10:18:57 AM,1085.8,0,0.0,92764591.00000003
2025-08-01 10:19:00 AM,1085.8,203,220417.4,92985008.40000004
2025-08-01 10:19:11 AM,1088.0,0,0.0,92985008.40000004
2025-08-01 10:19:12 AM,1088.0,3,3264.0,92988272.40000004
2025-08-01 10:19:14 AM,1086.0,0,0.0,92988272.40000004
2025-08-01 10:19:17 AM,1085.9,0,0.0,92988272.40000004
2025-08-01 10:19:18 AM,1085.9,934,1014230.6000000001,94002503.00000003
2025-08-01 10:19:26 AM,1085.1,0,0.0,94002503.00000003
2025-08-01 10:19:29 AM,1084.5,0,0.0,94002503.00000003
2025-08-01 10:19:29 AM,1084.5,83516,90573102.0,184575605.00000003
2025-08-01 10:19:35 AM,1084.2,0,0.0,184575605.00000003
2025-08-01 10:19:35 AM,1084.2,4,4336.8,184579941.80000004
2025-08-01 10:19:36 AM,1086.0,1470,1596420.0,186176361.80000004
2025-08-01 10:19:38 AM,1084.8,0,0.0,186176361.80000004
2025-08-01 10:19:38 AM,1084.1,0,0.0,186176361.80000004
2025-08-01 10:19:41 AM,1084.6,0,0.0,186176361.80000004
2025-08-01 10:19:41 AM,1084.7,160,173552.0,186349913.80000004
2025-08-01 10:19:44 AM,1082.9,0,0.0,186349913.80000004
2025-08-01 10:19:44 AM,1082.8,0,0.0,186349913.80000004
2025-08-01 10:19:46 AM,1081.9,588,636157.2000000001,186986071.00000003
2025-08-01 10:19:50 AM,1080.2,0,0.0,186986071.00000003
2025-08-01 10:19:52 AM,1080.2,628,678365.6,187664436.60000002
2025-08-01 10:19:56 AM,1079.1,0,0.0,187664436.60000002
2025-08-01 10:19:56 AM,1079.3,0,0.0,187664436.60000002
2025-08-01 10:19:58 AM,1079.3,873,942228.8999999999,188606665.50000003
2025-08-01 10:20:00 AM,1077.8,260,280228.0,188886893.50000003
2025-08-01 10:20:03 AM,1077.6,1,1077.6,188887971.10000002
2025-08-01 10:20:03 AM,1076.8,1,1076.8,188889047.90000004
2025-08-01 10:20:05 AM,1078.0,0,0.0,188889047.90000004
2025-08-01 10:20:05 AM,1078.0,276,297528.0,189186575.90000004
2025-08-01 10:20:11 AM,1078.9,0,0.0,189186575.90000004
2025-08-01 10:20:11 AM,1078.9,15,16183.500000000002,189202759.40000004
2025-08-01 10:20:14 AM,1079.1,0,0.0,189202759.40000004
2025-08-01 10:20:14 AM,1079.1,1,1079.1,189203838.50000003
2025-08-01 10:20:19 AM,1079.8,0,0.0,189203838.50000003
2025-08-01 10:20:19 AM,1079.8,250,269950.0,189473788.50000003
2025-08-01 10:20:28 AM,1082.0,384,415488.0,189889276.50000003
2025-08-01 10:20:30 AM,1085.0,283,307055.0,190196331.50000003
2025-08-01 10:20:33 AM,1086.5,52,56498.0,190252829.50000003
2025-08-01 10:20:33 AM,1086.1,20,21722.0,190274551.50000003
2025-08-01 10:20:34 AM,1087.0,0,0.0,190274551.50000003
2025-08-01 10:20:34 AM,1087.0,3,3261.0,190277812.50000003
2025-08-01 10:20:39 AM,1088.5,0,0.0,190277812.50000003
2025-08-01 10:20:39 AM,1088.5,69,75106.5,190352919.00000003
2025-08-01 10:20:40 AM,1088.9,1,1088.9,190354007.90000004
2025-08-01 10:20:41 AM,1089.6,0,0.0,190354007.90000004
2025-08-01 10:20:41 AM,1088.9,252,274402.80000000005,190628410.70000005
2025-08-01 10:20:43 AM,1088.3,117,127331.09999999999,190755741.80000004
2025-08-01 10:20:45 AM,1089.0,0,0.0,190755741.80000004
2025-08-01 10:20:45 AM,1089.0,1,1089.0,190756830.80000004
2025-08-01 10:20:49 AM,1089.5,0,0.0,190756830.80000004
2025-08-01 10:20:49 AM,1089.5,1,1089.5,190757920.30000004
2025-08-01 10:20:54 AM,1089.7,57,62112.9,190820033.20000005
2025-08-01 10:20:54 AM,1089.9,0,0.0,190820033.20000005
2025-08-01 10:20:54 AM,1089.9,1,1089.9,190821123.10000005
2025-08-01 10:20:58 AM,1089.9,7,7629.300000000001,190828752.40000007
2025-08-01 10:21:04 AM,1091.0,0,0.0,190828752.40000007
2025-08-01 10:21:06 AM,1090.7,0,0.0,190828752.40000007
2025-08-01 10:21:06 AM,1090.7,93,101435.1,190930187.50000006
2025-08-01 10:21:09 AM,1090.7,96,104707.20000000001,191034894.70000005
2025-08-01 10:21:12 AM,1090.6,0,0.0,191034894.70000005
2025-08-01 10:21:12 AM,1090.6,12,13087.199999999999,191047981.90000004
2025-08-01 10:21:13 AM,1090.3,0,0.0,191047981.90000004
2025-08-01 10:21:13 AM,1090.3,1,1090.3,191049072.20000005
2025-08-01 10:21:14 AM,1090.7,0,0.0,191049072.20000005
2025-08-01 10:21:14 AM,1090.7,1,1090.7,191050162.90000004
2025-08-01 10:21:15 AM,1090.7,4,4362.8,191054525.70000005
2025-08-01 10:21:19 AM,1090.7,54,58897.8,191113423.50000006
2025-08-01 10:21:21 AM,1090.7,1,1090.7,191114514.20000005
2025-08-01 10:21:26 AM,1091.9,0,0.0,191114514.20000005
2025-08-01 10:21:26 AM,1091.9,500,545950.0,191660464.20000005
2025-08-01 10:21:28 AM,1090.9,65,70908.5,191731372.70000005
2025-08-01 10:21:33 AM,1090.8,7,7635.599999999999,191739008.30000004
2025-08-01 10:21:34 AM,1090.9,0,0.0,191739008.30000004
2025-08-01 10:21:34 AM,1090.9,2,2181.8,191741190.10000005
2025-08-01 10:21:37 AM,1091.7,100,109170.0,191850360.10000005
2025-08-01 10:21:39 AM,1091.7,54,58951.8,191909311.90000007
2025-08-01 10:21:44 AM,1090.0,0,0.0,191909311.90000007
2025-08-01 10:21:44 AM,1090.0,100,109000.0,192018311.90000007
2025-08-01 10:21:45 AM,1090.2,0,0.0,192018311.90000007
2025-08-01 10:21:45 AM,1090.2,2,2180.4,192020492.30000007
2025-08-01 10:21:54 AM,1090.2,2,2180.4,192022672.70000008
2025-08-01 10:21:58 AM,1090.1,8,8720.8,192031393.5000001
2025-08-01 10:22:03 AM,1090.2,1,1090.2,192032483.70000008
2025-08-01 10:22:04 AM,1090.2,47,51239.4,192083723.10000008
2025-08-01 10:22:08 AM,1090.2,54,58870.8,192142593.9000001
2025-08-01 10:22:14 AM,1090.2,2,2180.4,192144774.3000001
2025-08-01 10:22:16 AM,1089.7,0,0.0,192144774.3000001
2025-08-01 10:22:16 AM,1089.7,58,63202.600000000006,192207976.9000001
2025-08-01 10:22:19 AM,1090.2,0,0.0,192207976.9000001
2025-08-01 10:22:20 AM,1090.2,1,1090.2,192209067.10000008
2025-08-01 10:22:26 AM,1090.2,131,142816.2,192351883.30000007
2025-08-01 10:22:28 AM,1090.2,43,46878.6,192398761.90000007
2025-08-01 10:22:32 AM,1090.2,20,21804.0,192420565.90000007
2025-08-01 10:22:34 AM,1090.8,0,0.0,192420565.90000007
2025-08-01 10:22:34 AM,1090.8,3,3272.3999999999996,192423838.30000007
2025-08-01 10:22:37 AM,1090.3,0,0.0,192423838.30000007
2025-08-01 10:22:37 AM,1090.3,18,19625.399999999998,192443463.70000008
2025-08-01 10:22:39 AM,1090.8,52,56721.6,192500185.30000007
2025-08-01 10:22:43 AM,1090.6,0,0.0,192500185.30000007
2025-08-01 10:22:43 AM,1090.6,15,16358.999999999998,192516544.30000007
2025-08-01 10:22:45 AM,1087.6,476,517697.6,193034241.90000007
2025-08-01 10:22:48 AM,1087.7,133,144664.1,193178906.00000006
2025-08-01 10:22:53 AM,1089.0,7,7623.0,193186529.00000006
2025-08-01 10:22:55 AM,1088.5,0,0.0,193186529.00000006
2025-08-01 10:22:56 AM,1088.5,10,10885.0,193197414.00000006
2025-08-01 10:22:59 AM,1088.9,20,21778.0,193219192.00000006
2025-08-01 10:23:01 AM,1088.9,1,1088.9,193220280.90000007
2025-08-01 10:23:04 AM,1089.0,0,0.0,193220280.90000007
2025-08-01 10:23:04 AM,1089.0,34,37026.0,193257306.90000007
2025-08-01 10:23:10 AM,1089.0,29,31581.0,193288887.90000007
2025-08-01 10:23:13 AM,1089.5,25,27237.5,193316125.40000007
2025-08-01 10:23:15 AM,1089.0,0,0.0,193316125.40000007
2025-08-01 10:23:16 AM,1089.0,57,62073.0,193378198.40000007
2025-08-01 10:23:19 AM,1088.1,2,2176.2,193380374.60000005
2025-08-01 10:23:22 AM,1088.5,0,0.0,193380374.60000005
2025-08-01 10:23:22 AM,1088.5,30,32655.0,193413029.60000005
2025-08-01 10:23:25 AM,1087.6,5,5438.0,193418467.60000005
2025-08-01 10:23:27 AM,1088.2,0,0.0,193418467.60000005
2025-08-01 10:23:27 AM,1088.2,4,4352.8,193422820.40000007
2025-08-01 10:23:30 AM,1086.7,0,0.0,193422820.40000007
2025-08-01 10:23:31 AM,1086.4,0,0.0,193422820.40000007
2025-08-01 10:23:31 AM,1086.4,101,109726.40000000001,193532546.80000007
2025-08-01 10:23:38 AM,1086.5,55,59757.5,193592304.30000007
2025-08-01 10:23:44 AM,1086.6,110,119525.99999999999,193711830.30000007
2025-08-01 10:23:46 AM,1086.3,0,0.0,193711830.30000007
2025-08-01 10:23:47 AM,1086.1,19,20635.899999999998,193732466.20000008
2025-08-01 10:23:49 AM,1086.4,0,0.0,193732466.20000008
2025-08-01 10:23:49 AM,1086.1,55,59735.49999999999,193792201.70000008
2025-08-01 10:23:57 AM,1085.9,0,0.0,193792201.70000008
2025-08-01 10:23:59 AM,1085.9,58,62982.200000000004,193855183.90000007
2025-08-01 10:24:09 AM,1085.5,0,0.0,193855183.90000007
2025-08-01 10:24:10 AM,1084.5,74,80253.0,193935436.90000007
2025-08-01 10:24:12 AM,1085.3,4,4341.2,193939778.10000005
2025-08-01 10:24:18 AM,1085.4,0,0.0,193939778.10000005
2025-08-01 10:24:21 AM,1085.4,43,46672.200000000004,193986450.30000004
2025-08-01 10:24:24 AM,1085.5,0,0.0,193986450.30000004
2025-08-01 10:24:26 AM,1085.5,8,8684.0,193995134.30000004
2025-08-01 10:24:30 AM,1085.6,0,0.0,193995134.30000004
2025-08-01 10:24:32 AM,1085.6,6,6513.599999999999,194001647.90000004
2025-08-01 10:24:34 AM,1086.0,18,19548.0,194021195.90000004
2025-08-01 10:24:37 AM,1086.0,5,5430.0,194026625.90000004
2025-08-01 10:24:39 AM,1086.1,0,0.0,194026625.90000004
2025-08-01 10:24:39 AM,1086.1,62,67338.2,194093964.10000002
2025-08-01 10:24:45 AM,1086.2,30,32586.0,194126550.10000002
2025-08-01 10:24:49 AM,1086.6,0,0.0,194126550.10000002
2025-08-01 10:24:50 AM,1086.6,35,38031.0,194164581.10000002
2025-08-01 10:24:53 AM,1086.7,18,19560.600000000002,194184141.70000002
2025-08-01 10:24:56 AM,1086.7,27,29340.9,194213482.60000002
2025-08-01 10:24:59 AM,1086.7,11,11953.7,194225436.3
2025-08-01 10:25:01 AM,1086.7,1,1086.7,194226523.0
2025-08-01 10:25:04 AM,1087.1,0,0.0,194226523.0
2025-08-01 10:25:05 AM,1087.2,11,11959.2,194238482.2
2025-08-01 10:25:10 AM,1084.8,0,0.0,194238482.2
2025-08-01 10:25:11 AM,1084.8,194,210451.19999999998,194448933.39999998
2025-08-01 10:25:19 AM,1085.5,0,0.0,194448933.39999998
2025-08-01 10:25:19 AM,1085.5,15,16282.5,194465215.89999998
2025-08-01 10:25:25 AM,1085.9,0,0.0,194465215.89999998
2025-08-01 10:25:25 AM,1085.9,27,29319.300000000003,194494535.2
2025-08-01 10:25:28 AM,1086.5,28,30422.0,194524957.2
2025-08-01 10:25:34 AM,1087.3,0,0.0,194524957.2
2025-08-01 10:25:34 AM,1087.3,67,72849.09999999999,194597806.29999998
2025-08-01 10:25:35 AM,1086.4,0,0.0,194597806.29999998
2025-08-01 10:25:36 AM,1086.4,5,5432.0,194603238.29999998
2025-08-01 10:25:39 AM,1086.6,6,6519.599999999999,194609757.89999998
2025-08-01 10:25:40 AM,1086.7,0,0.0,194609757.89999998
2025-08-01 10:25:41 AM,1086.6,0,0.0,194609757.89999998
2025-08-01 10:25:41 AM,1086.6,26,28251.6,194638009.49999997
2025-08-01 10:25:44 AM,1086.7,0,0.0,194638009.49999997
2025-08-01 10:25:45 AM,1086.7,15,16300.5,194654309.99999997
2025-08-01 10:25:47 AM,1087.3,0,0.0,194654309.99999997
2025-08-01 10:25:47 AM,1087.3,1,1087.3,194655397.29999998
2025-08-01 10:25:50 AM,1087.3,86,93507.8,194748905.1
2025-08-01 10:25:55 AM,1086.1,0,0.0,194748905.1
2025-08-01 10:25:56 AM,1086.1,15,16291.499999999998,194765196.6
2025-08-01 10:25:59 AM,1087.3,0,0.0,194765196.6
2025-08-01 10:26:01 AM,1087.3,54,58714.2,194823910.79999998
2025-08-01 10:26:02 AM,1086.9,0,0.0,194823910.79999998
2025-08-01 10:26:03 AM,1086.9,1,1086.9,194824997.7
2025-08-01 10:26:04 AM,1086.4,0,0.0,194824997.7
2025-08-01 10:26:06 AM,1086.4,1,1086.4,194826084.1
2025-08-01 10:26:09 AM,1086.8,26,28256.8,194854340.9
2025-08-01 10:26:14 AM,1087.5,0,0.0,194854340.9
2025-08-01 10:26:14 AM,1087.5,30,32625.0,194886965.9
2025-08-01 10:26:16 AM,1086.9,0,0.0,194886965.9
2025-08-01 10:26:18 AM,1086.9,1,1086.9,194888052.8
2025-08-01 10:26:19 AM,1087.5,0,0.0,194888052.8
2025-08-01 10:26:20 AM,1087.5,53,57637.5,194945690.3
2025-08-01 10:26:24 AM,1087.5,1,1087.5,194946777.8
2025-08-01 10:26:25 AM,1087.0,0,0.0,194946777.8
2025-08-01 10:26:26 AM,1087.0,2,2174.0,194948951.8
2025-08-01 10:26:29 AM,1087.7,0,0.0,194948951.8
2025-08-01 10:26:29 AM,1087.7,53,57648.100000000006,195006599.9
2025-08-01 10:26:34 AM,1087.1,0,0.0,195006599.9
2025-08-01 10:26:35 AM,1087.5,0,0.0,195006599.9
2025-08-01 10:26:35 AM,1087.5,4,4350.0,195010949.9
2025-08-01 10:26:38 AM,1087.5,1,1087.5,195012037.4
2025-08-01 10:26:41 AM,1087.5,24,26100.0,195038137.4
2025-08-01 10:26:43 AM,1088.0,30,32640.0,195070777.4
2025-08-01 10:26:47 AM,1087.6,2,2175.2,195072952.6
2025-08-01 10:26:49 AM,1088.0,0,0.0,195072952.6
2025-08-01 10:26:49 AM,1088.0,54,58752.0,195131704.6
2025-08-01 10:26:55 AM,1087.5,0,0.0,195131704.6
2025-08-01 10:26:55 AM,1087.5,79,85912.5,195217617.1
2025-08-01 10:27:04 AM,1086.1,0,0.0,195217617.1
2025-08-01 10:27:04 AM,1086.1,1,1086.1,195218703.2
2025-08-01 10:27:05 AM,1086.6,0,0.0,195218703.2
2025-08-01 10:27:06 AM,1086.6,10,10866.0,195229569.2
2025-08-01 10:27:10 AM,1086.7,22,23907.4,195253476.6
2025-08-01 10:27:14 AM,1086.8,0,0.0,195253476.6
2025-08-01 10:27:15 AM,1086.8,35,38038.0,195291514.6
2025-08-01 10:27:20 AM,1086.8,29,31517.199999999997,195323031.79999998
2025-08-01 10:27:24 AM,1087.3,26,28269.8,195351301.6
2025-08-01 10:27:29 AM,1087.0,0,0.0,195351301.6
2025-08-01 10:27:29 AM,1087.0,55,59785.0,195411086.6
2025-08-01 10:27:34 AM,1086.9,12,13042.800000000001,195424129.4
2025-08-01 10:27:40 AM,1087.1,0,0.0,195424129.4
2025-08-01 10:27:40 AM,1087.1,28,30438.799999999996,195454568.20000002
2025-08-01 10:27:44 AM,1087.3,0,0.0,195454568.20000002
2025-08-01 10:27:45 AM,1087.3,22,23920.6,195478488.8
2025-08-01 10:27:48 AM,1087.0,37,40219.0,195518707.8
2025-08-01 10:27:49 AM,1087.3,0,0.0,195518707.8
2025-08-01 10:27:51 AM,1087.3,43,46753.9,195565461.70000002
2025-08-01 10:27:53 AM,1086.1,3,3258.2999999999997,195568720.00000003
2025-08-01 10:27:59 AM,1086.5,34,36941.0,195605661.00000003
2025-08-01 10:28:04 AM,1086.6,0,0.0,195605661.00000003
2025-08-01 10:28:04 AM,1086.6,20,21732.0,195627393.00000003
2025-08-01 10:28:09 AM,1086.6,52,56503.2,195683896.20000002
2025-08-01 10:28:12 AM,1087.1,0,0.0,195683896.20000002
2025-08-01 10:28:12 AM,1087.1,1,1087.1,195684983.3
2025-08-01 10:28:15 AM,1087.1,3,3261.2999999999997,195688244.60000002
2025-08-01 10:28:20 AM,1087.1,15,16306.499999999998,195704551.10000002
2025-08-01 10:28:24 AM,1087.4,0,0.0,195704551.10000002
2025-08-01 10:28:26 AM,1087.4,39,42408.600000000006,195746959.70000002
2025-08-01 10:28:29 AM,1087.4,29,31534.600000000002,195778494.3
2025-08-01 10:28:31 AM,1087.9,7,7615.300000000001,195786109.60000002
2025-08-01 10:28:34 AM,1087.9,30,32637.000000000004,195818746.60000002
2025-08-01 10:28:37 AM,1087.5,4,4350.0,195823096.60000002
2025-08-01 10:28:40 AM,1087.9,0,0.0,195823096.60000002
2025-08-01 10:28:40 AM,1087.9,55,59834.50000000001,195882931.10000002
2025-08-01 10:28:48 AM,1087.9,54,58746.600000000006,195941677.70000002
2025-08-01 10:28:51 AM,1088.0,1,1088.0,195942765.70000002
2025-08-01 10:28:53 AM,1087.6,0,0.0,195942765.70000002
2025-08-01 10:28:54 AM,1088.0,10,10880.0,195953645.70000002
2025-08-01 10:28:56 AM,1087.7,0,0.0,195953645.70000002
2025-08-01 10:28:57 AM,1088.0,11,11968.0,195965613.70000002
2025-08-01 10:29:00 AM,1088.0,55,59840.0,196025453.70000002
2025-08-01 10:29:05 AM,1087.3,0,0.0,196025453.70000002
2025-08-01 10:29:05 AM,1087.3,2,2174.6,196027628.3
2025-08-01 10:29:07 AM,1087.4,0,0.0,196027628.3
2025-08-01 10:29:07 AM,1087.4,1,1087.4,196028715.70000002
2025-08-01 10:29:09 AM,1087.9,0,0.0,196028715.70000002
2025-08-01 10:29:11 AM,1087.9,54,58746.600000000006,196087462.3
2025-08-01 10:29:16 AM,1087.9,2,2175.8,196089638.10000002
2025-08-01 10:29:19 AM,1087.9,74,80504.6,196170142.70000002
2025-08-01 10:29:21 AM,1087.5,0,0.0,196170142.70000002
2025-08-01 10:29:22 AM,1087.5,2,2175.0,196172317.70000002
2025-08-01 10:29:27 AM,1087.9,0,0.0,196172317.70000002
2025-08-01 10:29:27 AM,1087.9,3,3263.7000000000003,196175581.4
2025-08-01 10:29:29 AM,1088.0,0,0.0,196175581.4
2025-08-01 10:29:30 AM,1088.0,55,59840.0,196235421.4
2025-08-01 10:29:32 AM,1088.0,2,2176.0,196237597.4
2025-08-01 10:29:35 AM,1088.0,9,9792.0,196247389.4
2025-08-01 10:29:38 AM,1088.0,42,45696.0,196293085.4
2025-08-01 10:29:44 AM,1088.1,12,13057.199999999999,196306142.6
2025-08-01 10:29:49 AM,1088.5,0,0.0,196306142.6
2025-08-01 10:29:49 AM,1088.5,54,58779.0,196364921.6
2025-08-01 10:29:55 AM,1088.5,53,57690.5,196422612.1
2025-08-01 10:29:57 AM,1088.5,3,3265.5,196425877.6
2025-08-01 10:30:00 AM,1088.3,23,25030.899999999998,196450908.5
2025-08-01 10:30:09 AM,1088.4,0,0.0,196450908.5
2025-08-01 10:30:09 AM,1088.4,54,58773.600000000006,196509682.1
2025-08-01 10:30:12 AM,1087.6,0,0.0,196509682.1
2025-08-01 10:30:12 AM,1087.6,1,1087.6,196510769.7
2025-08-01 10:30:15 AM,1087.9,0,0.0,196510769.7
2025-08-01 10:30:15 AM,1087.9,7,7615.300000000001,196518385.0
2025-08-01 10:30:20 AM,1087.9,55,59834.50000000001,196578219.5
2025-08-01 10:30:24 AM,1087.2,0,0.0,196578219.5
2025-08-01 10:30:26 AM,1087.2,1,1087.2,196579306.7
2025-08-01 10:30:29 AM,1087.7,52,56560.4,196635867.1
2025-08-01 10:30:32 AM,1087.7,31,33718.700000000004,196669585.79999998
2025-08-01 10:30:35 AM,1087.8,0,0.0,196669585.79999998
2025-08-01 10:30:35 AM,1087.8,5,5439.0,196675024.79999998
2025-08-01 10:30:39 AM,1087.7,0,0.0,196675024.79999998
2025-08-01 10:30:40 AM,1087.7,38,41332.6,196716357.39999998
2025-08-01 10:30:44 AM,1087.8,15,16317.0,196732674.39999998
2025-08-01 10:30:49 AM,1087.8,3,3263.3999999999996,196735937.79999998
2025-08-01 10:30:55 AM,1088.0,0,0.0,196735937.79999998
2025-08-01 10:30:55 AM,1088.0,67,72896.0,196808833.79999998
2025-08-01 10:31:00 AM,1087.5,64,69600.0,196878433.79999998
2025-08-01 10:31:03 AM,1087.8,3,3263.3999999999996,196881697.2
2025-08-01 10:31:04 AM,1086.6,0,0.0,196881697.2
2025-08-01 10:31:06 AM,1086.6,1,1086.6,196882783.79999998
2025-08-01 10:31:09 AM,1087.1,31,33700.1,196916483.89999998
2025-08-01 10:31:14 AM,1087.2,0,0.0,196916483.89999998
2025-08-01 10:31:15 AM,1087.2,26,28267.2,196944751.09999996
2025-08-01 10:31:21 AM,1087.2,50,54360.0,196999111.09999996
2025-08-01 10:31:24 AM,1087.5,6,6525.0,197005636.09999996
2025-08-01 10:31:29 AM,1087.5,54,58725.0,197064361.09999996
2025-08-01 10:31:35 AM,1087.3,583,633895.9,197698256.99999997
2025-08-01 10:31:42 AM,1086.4,0,0.0,197698256.99999997
2025-08-01 10:31:42 AM,1086.4,1,1086.4,197699343.39999998
2025-08-01 10:31:48 AM,1086.8,2,2173.6,197701516.99999997
2025-08-01 10:31:50 AM,1087.3,0,0.0,197701516.99999997
2025-08-01 10:31:52 AM,1087.3,144,156571.19999999998,197858088.19999996
2025-08-01 10:31:53 AM,1086.7,0,0.0,197858088.19999996
2025-08-01 10:31:55 AM,1087.7,11,11964.7,197870052.89999995
2025-08-01 10:31:56 AM,1086.7,0,0.0,197870052.89999995
2025-08-01 10:31:58 AM,1086.4,105,114072.00000000001,197984124.89999995
2025-08-01 10:31:59 AM,1085.6,0,0.0,197984124.89999995
2025-08-01 10:32:01 AM,1085.6,12,13027.199999999999,197997152.09999993
2025-08-01 10:32:08 AM,1085.6,125,135700.0,198132852.09999993
2025-08-01 10:32:11 AM,1086.1,0,0.0,198132852.09999993
2025-08-01 10:32:11 AM,1086.1,29,31496.899999999998,198164348.99999994
2025-08-01 10:32:14 AM,1086.0,0,0.0,198164348.99999994
2025-08-01 10:32:14 AM,1086.7,0,0.0,198164348.99999994
2025-08-01 10:32:14 AM,1086.7,287,311882.9,198476231.89999995
2025-08-01 10:32:21 AM,1086.6,54,58676.399999999994,198534908.29999995
2025-08-01 10:32:31 AM,1086.3,54,58660.2,198593568.49999994
2025-08-01 10:32:34 AM,1086.2,0,0.0,198593568.49999994
2025-08-01 10:32:34 AM,1086.2,3,3258.6000000000004,198596827.09999993
2025-08-01 10:32:37 AM,1085.6,0,0.0,198596827.09999993
2025-08-01 10:32:37 AM,1085.6,18,19540.8,198616367.89999995
2025-08-01 10:32:40 AM,1086.2,0,0.0,198616367.89999995
2025-08-01 10:32:40 AM,1086.2,52,56482.4,198672850.29999995
2025-08-01 10:32:43 AM,1086.2,7,7603.400000000001,198680453.69999996
2025-08-01 10:32:49 AM,1086.2,50,54310.0,198734763.69999996
2025-08-01 10:32:52 AM,1086.2,1,1086.2,198735849.89999995
2025-08-01 10:32:54 AM,1086.7,6,6520.200000000001,198742370.09999993
2025-08-01 10:33:00 AM,1086.7,54,58681.8,198801051.89999995
2025-08-01 10:33:03 AM,1086.7,1,1086.7,198802138.59999993
2025-08-01 10:33:04 AM,1086.3,0,0.0,198802138.59999993
2025-08-01 10:33:06 AM,1086.3,6,6517.799999999999,198808656.39999995
2025-08-01 10:33:08 AM,1086.7,51,55421.700000000004,198864078.09999993
2025-08-01 10:33:14 AM,1086.4,73,79307.20000000001,198943385.29999992
2025-08-01 10:33:19 AM,1085.0,0,0.0,198943385.29999992
2025-08-01 10:33:20 AM,1085.0,1,1085.0,198944470.29999992
2025-08-01 10:33:22 AM,1086.0,0,0.0,198944470.29999992
2025-08-01 10:33:22 AM,1086.0,45,48870.0,198993340.29999992
2025-08-01 10:33:31 AM,1086.0,54,58644.0,199051984.29999992
2025-08-01 10:33:36 AM,1086.0,2,2172.0,199054156.29999992
2025-08-01 10:33:38 AM,1086.0,55,59730.0,199113886.29999992
2025-08-01 10:33:41 AM,1086.0,2,2172.0,199116058.29999992
2025-08-01 10:33:44 AM,1086.5,2,2173.0,199118231.29999992
2025-08-01 10:33:47 AM,1086.0,0,0.0,199118231.29999992
2025-08-01 10:33:47 AM,1086.0,12,13032.0,199131263.29999992
2025-08-01 10:33:49 AM,1086.4,0,0.0,199131263.29999992
2025-08-01 10:33:50 AM,1086.4,54,58665.600000000006,199189928.89999992
2025-08-01 10:33:55 AM,1086.4,3,3259.2000000000003,199193188.0999999
2025-08-01 10:33:59 AM,1086.4,54,58665.600000000006,199251853.6999999
2025-08-01 10:34:05 AM,1086.1,0,0.0,199251853.6999999
2025-08-01 10:34:05 AM,1086.1,84,91232.4,199343086.0999999
2025-08-01 10:34:07 AM,1086.1,1,1086.1,199344172.1999999
2025-08-01 10:34:16 AM,1085.5,1,1085.5,199345257.6999999
2025-08-01 10:34:20 AM,1086.1,0,0.0,199345257.6999999
2025-08-01 10:34:22 AM,1086.1,54,58649.399999999994,199403907.0999999
2025-08-01 10:34:29 AM,1086.0,0,0.0,199403907.0999999
2025-08-01 10:34:29 AM,1086.0,56,60816.0,199464723.0999999
2025-08-01 10:34:35 AM,1086.0,3,3258.0,199467981.0999999
2025-08-01 10:34:38 AM,1086.0,54,58644.0,199526625.0999999
2025-08-01 10:34:46 AM,1086.0,2,2172.0,199528797.0999999
2025-08-01 10:34:50 AM,1086.0,19,20634.0,199549431.0999999
2025-08-01 10:34:50 AM,1086.1,0,0.0,199549431.0999999
2025-08-01 10:34:52 AM,1086.1,25,27152.499999999996,199576583.5999999
2025-08-01 10:34:56 AM,1086.1,25,27152.499999999996,199603736.0999999
2025-08-01 10:34:59 AM,1086.3,0,0.0,199603736.0999999
2025-08-01 10:35:01 AM,1086.3,65,70609.5,199674345.5999999
2025-08-01 10:35:05 AM,1086.2,0,0.0,199674345.5999999
2025-08-01 10:35:07 AM,1086.2,2,2172.4,199676517.9999999
2025-08-01 10:35:09 AM,1086.2,54,58654.8,199735172.79999992
2025-08-01 10:35:14 AM,1086.3,0,0.0,199735172.79999992
2025-08-01 10:35:15 AM,1086.3,2,2172.6,199737345.39999992
2025-08-01 10:35:18 AM,1086.3,55,59746.5,199797091.89999992
2025-08-01 10:35:29 AM,1086.1,0,0.0,199797091.89999992
2025-08-01 10:35:29 AM,1086.1,54,58649.399999999994,199855741.29999992
2025-08-01 10:35:35 AM,1086.2,0,0.0,199855741.29999992
2025-08-01 10:35:35 AM,1086.2,2,2172.4,199857913.69999993
2025-08-01 10:35:41 AM,1086.2,54,58654.8,199916568.49999994
2025-08-01 10:35:47 AM,1086.2,1,1086.2,199917654.69999993
2025-08-01 10:35:49 AM,1086.2,54,58654.8,199976309.49999994
2025-08-01 10:35:50 AM,1085.7,0,0.0,199976309.49999994
2025-08-01 10:35:52 AM,1085.7,38,41256.6,200017566.09999993
2025-08-01 10:35:54 AM,1085.7,1,1085.7,200018651.79999992
2025-08-01 10:36:00 AM,1085.7,54,58627.8,200077279.59999993
2025-08-01 10:36:09 AM,1085.7,55,59713.5,200136993.09999993
2025-08-01 10:36:14 AM,1085.7,1,1085.7,200138078.79999992
2025-08-01 10:36:19 AM,1085.5,0,0.0,200138078.79999992
2025-08-01 10:36:20 AM,1085.5,56,60788.0,200198866.79999992
2025-08-01 10:36:23 AM,1085.5,2,2171.0,200201037.79999992
2025-08-01 10:36:30 AM,1085.6,0,0.0,200201037.79999992
2025-08-01 10:36:31 AM,1085.6,245,265972.0,200467009.79999992
2025-08-01 10:36:33 AM,1086.0,13,14118.0,200481127.79999992
2025-08-01 10:36:36 AM,1086.0,4,4344.0,200485471.79999992
2025-08-01 10:36:39 AM,1086.0,54,58644.0,200544115.79999992
2025-08-01 10:36:50 AM,1086.0,41,44526.0,200588641.79999992
2025-08-01 10:36:54 AM,1086.1,0,0.0,200588641.79999992
2025-08-01 10:36:55 AM,1086.7,18,19560.600000000002,200608202.39999992
2025-08-01 10:36:59 AM,1086.6,38,41290.799999999996,200649493.19999993
2025-08-01 10:37:00 AM,1086.6,46,49983.6,200699476.79999992
2025-08-01 10:37:04 AM,1086.4,1,1086.4,200700563.19999993
2025-08-01 10:37:05 AM,1086.6,0,0.0,200700563.19999993
2025-08-01 10:37:06 AM,1086.6,1,1086.6,200701649.79999992
2025-08-01 10:37:10 AM,1086.6,54,58676.399999999994,200760326.19999993
2025-08-01 10:37:15 AM,1086.6,2,2173.2,200762499.39999992
2025-08-01 10:37:20 AM,1086.6,14,15212.399999999998,200777711.79999992
2025-08-01 10:37:23 AM,1086.6,6,6519.599999999999,200784231.39999992
2025-08-01 10:37:24 AM,1086.0,0,0.0,200784231.39999992
2025-08-01 10:37:26 AM,1086.6,271,294468.6,201078699.9999999
2025-08-01 10:37:28 AM,1086.4,24,26073.600000000002,201104773.5999999
2025-08-01 10:37:39 AM,1086.5,0,0.0,201104773.5999999
2025-08-01 10:37:40 AM,1086.5,54,58671.0,201163444.5999999
2025-08-01 10:37:50 AM,1086.3,0,0.0,201163444.5999999
2025-08-01 10:37:51 AM,1086.3,55,59746.5,201223191.0999999
2025-08-01 10:37:56 AM,1086.2,0,0.0,201223191.0999999
2025-08-01 10:37:56 AM,1086.2,2,2172.4,201225363.4999999
2025-08-01 10:37:59 AM,1086.2,54,58654.8,201284018.29999992
2025-08-01 10:38:08 AM,1086.2,54,58654.8,201342673.09999993
2025-08-01 10:38:15 AM,1086.2,1,1086.2,201343759.29999992
2025-08-01 10:38:18 AM,1085.3,30,32559.0,201376318.29999992
2025-08-01 10:38:19 AM,1086.0,0,0.0,201376318.29999992
2025-08-01 10:38:21 AM,1086.0,35,38010.0,201414328.29999992
2025-08-01 10:38:29 AM,1085.9,0,0.0,201414328.29999992
2025-08-01 10:38:30 AM,1085.9,54,58638.600000000006,201472966.89999992
2025-08-01 10:38:34 AM,1085.4,0,0.0,201472966.89999992
2025-08-01 10:38:36 AM,1085.4,72,78148.8,201551115.69999993
2025-08-01 10:38:39 AM,1085.9,33,35834.700000000004,201586950.39999992
2025-08-01 10:38:50 AM,1085.9,54,58638.600000000006,201645588.9999999
2025-08-01 10:38:55 AM,1085.8,0,0.0,201645588.9999999
2025-08-01 10:38:56 AM,1085.8,2,2171.6,201647760.5999999
2025-08-01 10:38:59 AM,1085.8,54,58633.2,201706393.7999999
2025-08-01 10:39:09 AM,1085.5,0,0.0,201706393.7999999
2025-08-01 10:39:10 AM,1085.5,54,58617.0,201765010.7999999
2025-08-01 10:39:15 AM,1085.4,2,2170.8,201767181.5999999
2025-08-01 10:39:19 AM,1085.2,0,0.0,201767181.5999999
2025-08-01 10:39:21 AM,1085.2,54,58600.8,201825782.39999992
2025-08-01 10:39:29 AM,1085.2,58,62941.600000000006,201888723.9999999
2025-08-01 10:39:35 AM,1085.2,2,2170.4,201890894.39999992
2025-08-01 10:39:40 AM,1085.2,80,86816.0,201977710.39999992
2025-08-01 10:39:43 AM,1085.2,1,1085.2,201978795.5999999
2025-08-01 10:39:49 AM,1085.2,6,6511.200000000001,201985306.7999999
2025-08-01 10:39:54 AM,1085.3,50,54265.0,202039571.7999999
2025-08-01 10:39:58 AM,1084.6,0,0.0,202039571.7999999
2025-08-01 10:40:00 AM,1084.6,160,173536.0,202213107.7999999
2025-08-01 10:40:04 AM,1084.5,0,0.0,202213107.7999999
2025-08-01 10:40:05 AM,1084.5,68,73746.0,202286853.7999999
2025-08-01 10:40:08 AM,1084.7,0,0.0,202286853.7999999
2025-08-01 10:40:11 AM,1084.7,21,22778.7,202309632.49999988
2025-08-01 10:40:14 AM,1085.2,34,36896.8,202346529.2999999
2025-08-01 10:40:16 AM,1084.1,0,0.0,202346529.2999999
2025-08-01 10:40:16 AM,1084.1,101,109494.09999999999,202456023.3999999
2025-08-01 10:40:22 AM,1083.7,300,325110.0,202781133.3999999
2025-08-01 10:40:30 AM,1084.8,0,0.0,202781133.3999999
2025-08-01 10:40:30 AM,1084.8,130,141024.0,202922157.3999999
2025-08-01 10:40:34 AM,1084.9,0,0.0,202922157.3999999
2025-08-01 10:40:34 AM,1085.0,0,0.0,202922157.3999999
2025-08-01 10:40:36 AM,1085.0,15,16275.0,202938432.3999999
2025-08-01 10:40:39 AM,1085.0,24,26040.0,202964472.3999999
2025-08-01 10:40:44 AM,1085.2,0,0.0,202964472.3999999
2025-08-01 10:40:44 AM,1085.2,9,9766.800000000001,202974239.1999999
2025-08-01 10:40:49 AM,1085.3,0,0.0,202974239.1999999
2025-08-01 10:40:50 AM,1085.3,10,10853.0,202985092.1999999
2025-08-01 10:40:52 AM,1085.9,6,6515.400000000001,202991607.5999999
2025-08-01 10:40:55 AM,1086.0,0,0.0,202991607.5999999
2025-08-01 10:40:55 AM,1086.0,12,13032.0,203004639.5999999
2025-08-01 10:40:58 AM,1086.0,1,1086.0,203005725.5999999
2025-08-01 10:41:01 AM,1086.0,102,110772.0,203116497.5999999
2025-08-01 10:41:01 AM,1086.1,0,0.0,203116497.5999999
2025-08-01 10:41:03 AM,1086.1,1,1086.1,203117583.6999999
2025-08-01 10:41:04 AM,1086.0,0,0.0,203117583.6999999
2025-08-01 10:41:06 AM,1086.0,55,59730.0,203177313.6999999
2025-08-01 10:41:09 AM,1086.0,57,61902.0,203239215.6999999
2025-08-01 10:41:14 AM,1086.4,0,0.0,203239215.6999999
2025-08-01 10:41:14 AM,1086.4,1,1086.4,203240302.0999999
2025-08-01 10:41:20 AM,1086.4,17,18468.800000000003,203258770.89999992
2025-08-01 10:41:23 AM,1086.6,36,39117.6,203297888.4999999
2025-08-01 10:41:25 AM,1087.3,0,0.0,203297888.4999999
2025-08-01 10:41:25 AM,1087.3,17,18484.1,203316372.5999999
2025-08-01 10:41:29 AM,1087.3,57,61976.1,203378348.6999999
2025-08-01 10:41:31 AM,1087.2,1,1087.2,203379435.8999999
2025-08-01 10:41:35 AM,1086.7,0,0.0,203379435.8999999
2025-08-01 10:41:35 AM,1086.7,4,4346.8,203383782.6999999
2025-08-01 10:41:38 AM,1087.1,0,0.0,203383782.6999999
2025-08-01 10:41:41 AM,1087.1,57,61964.7,203445747.3999999
2025-08-01 10:41:44 AM,1086.8,0,0.0,203445747.3999999
2025-08-01 10:41:46 AM,1086.8,6,6520.799999999999,203452268.1999999
2025-08-01 10:41:50 AM,1087.1,0,0.0,203452268.1999999
2025-08-01 10:41:51 AM,1087.1,38,41309.799999999996,203493577.9999999
2025-08-01 10:41:54 AM,1087.7,0,0.0,203493577.9999999
2025-08-01 10:41:56 AM,1087.2,0,0.0,203493577.9999999
2025-08-01 10:41:57 AM,1087.2,17,18482.4,203512060.39999992
2025-08-01 10:42:00 AM,1087.7,0,0.0,203512060.39999992
2025-08-01 10:42:02 AM,1087.7,55,59823.5,203571883.89999992
2025-08-01 10:42:08 AM,1087.8,0,0.0,203571883.89999992
2025-08-01 10:42:09 AM,1087.8,55,59829.0,203631712.89999992
2025-08-01 10:42:14 AM,1087.9,0,0.0,203631712.89999992
2025-08-01 10:42:15 AM,1087.3,3,3261.8999999999996,203634974.79999992
2025-08-01 10:42:18 AM,1087.9,0,0.0,203634974.79999992
2025-08-01 10:42:18 AM,1087.3,0,0.0,203634974.79999992
2025-08-01 10:42:19 AM,1087.3,60,65238.0,203700212.79999992
2025-08-01 10:42:21 AM,1087.8,2,2175.6,203702388.39999992
2025-08-01 10:42:24 AM,1086.4,0,0.0,203702388.39999992
2025-08-01 10:42:25 AM,1086.6,273,296641.8,203999030.19999993
2025-08-01 10:42:26 AM,1086.2,0,0.0,203999030.19999993
2025-08-01 10:42:26 AM,1086.2,3,3258.6000000000004,204002288.79999992
2025-08-01 10:42:30 AM,1086.2,16,17379.2,204019667.9999999
2025-08-01 10:42:34 AM,1086.5,0,0.0,204019667.9999999
2025-08-01 10:42:36 AM,1086.2,96,104275.20000000001,204123943.1999999
2025-08-01 10:42:46 AM,1085.0,0,0.0,204123943.1999999
2025-08-01 10:42:47 AM,1085.0,2,2170.0,204126113.1999999
2025-08-01 10:42:49 AM,1085.6,0,0.0,204126113.1999999
2025-08-01 10:42:49 AM,1085.7,0,0.0,204126113.1999999
2025-08-01 10:42:49 AM,1085.7,28,30399.600000000002,204156512.7999999
2025-08-01 10:42:55 AM,1085.7,40,43428.0,204199940.7999999
2025-08-01 10:43:00 AM,1085.7,44,47770.8,204247711.5999999
2025-08-01 10:43:09 AM,1085.7,55,59713.5,204307425.0999999
2025-08-01 10:43:14 AM,1085.7,2,2171.4,204309596.4999999
2025-08-01 10:43:19 AM,1085.7,3,3257.1000000000004,204312853.5999999
2025-08-01 10:43:25 AM,1085.8,0,0.0,204312853.5999999
2025-08-01 10:43:25 AM,1085.8,8,8686.4,204321539.9999999
2025-08-01 10:43:29 AM,1085.9,0,0.0,204321539.9999999
2025-08-01 10:43:30 AM,1085.9,8,8687.2,204330227.1999999
2025-08-01 10:43:35 AM,1086.8,0,0.0,204330227.1999999
2025-08-01 10:43:36 AM,1086.8,65,70642.0,204400869.1999999
2025-08-01 10:43:39 AM,1085.9,0,0.0,204400869.1999999
2025-08-01 10:43:41 AM,1085.9,84,91215.6,204492084.7999999
2025-08-01 10:43:43 AM,1086.4,0,0.0,204492084.7999999
2025-08-01 10:43:43 AM,1086.4,2,2172.8,204494257.5999999
2025-08-01 10:43:45 AM,1086.0,0,0.0,204494257.5999999
2025-08-01 10:43:46 AM,1086.0,23,24978.0,204519235.5999999
2025-08-01 10:43:48 AM,1086.2,2,2172.4,204521407.9999999
2025-08-01 10:43:54 AM,1086.3,41,44538.299999999996,204565946.29999992
2025-08-01 10:43:55 AM,1086.2,0,0.0,204565946.29999992
2025-08-01 10:43:56 AM,1086.2,7,7603.400000000001,204573549.69999993
2025-08-01 10:43:59 AM,1086.3,0,0.0,204573549.69999993
2025-08-01 10:43:59 AM,1086.3,6,6517.799999999999,204580067.49999994
2025-08-01 10:44:01 AM,1085.9,0,0.0,204580067.49999994
2025-08-01 10:44:01 AM,1085.9,68,73841.20000000001,204653908.69999993
2025-08-01 10:44:03 AM,1085.0,0,0.0,204653908.69999993
2025-08-01 10:44:04 AM,1085.0,46,49910.0,204703818.69999993
2025-08-01 10:44:09 AM,1085.9,0,0.0,204703818.69999993
2025-08-01 10:44:09 AM,1085.9,54,58638.600000000006,204762457.29999992
2025-08-01 10:44:15 AM,1085.7,0,0.0,204762457.29999992
2025-08-01 10:44:15 AM,1085.7,1,1085.7,204763542.9999999
2025-08-01 10:44:20 AM,1085.6,57,61879.2,204825422.1999999
2025-08-01 10:44:29 AM,1085.7,27,29313.9,204854736.0999999
2025-08-01 10:44:34 AM,1086.0,0,0.0,204854736.0999999
2025-08-01 10:44:34 AM,1086.0,31,33666.0,204888402.0999999
2025-08-01 10:44:40 AM,1086.0,54,58644.0,204947046.0999999
2025-08-01 10:44:40 AM,1085.9,0,0.0,204947046.0999999
2025-08-01 10:44:42 AM,1085.9,26,28233.4,204975279.4999999
2025-08-01 10:44:47 AM,1085.9,2,2171.8,204977451.29999992
2025-08-01 10:44:50 AM,1085.9,15,16288.500000000002,204993739.79999992
2025-08-01 10:44:55 AM,1085.9,394,427844.60000000003,205421584.39999992
2025-08-01 10:44:57 AM,1085.8,0,0.0,205421584.39999992
2025-08-01 10:44:58 AM,1085.8,6,6514.799999999999,205428099.19999993
2025-08-01 10:45:05 AM,1085.2,0,0.0,205428099.19999993
2025-08-01 10:45:07 AM,1085.2,10,10852.0,205438951.19999993
2025-08-01 10:45:09 AM,1085.6,0,0.0,205438951.19999993
2025-08-01 10:45:09 AM,1085.6,54,58622.399999999994,205497573.59999993
2025-08-01 10:45:12 AM,1085.6,1,1085.6,205498659.19999993
2025-08-01 10:45:15 AM,1085.6,2,2171.2,205500830.39999992
2025-08-01 10:45:21 AM,1085.6,56,60793.59999999999,205561623.9999999
2025-08-01 10:45:28 AM,1085.6,54,58622.399999999994,205620246.39999992
2025-08-01 10:45:37 AM,1085.2,5,5426.0,205625672.39999992
2025-08-01 10:45:39 AM,1085.6,0,0.0,205625672.39999992
2025-08-01 10:45:39 AM,1085.6,54,58622.399999999994,205684294.79999992
2025-08-01 10:45:40 AM,1085.3,0,0.0,205684294.79999992
2025-08-01 10:45:42 AM,1085.3,1,1085.3,205685380.09999993
2025-08-01 10:45:47 AM,1085.6,0,0.0,205685380.09999993
2025-08-01 10:45:47 AM,1085.3,4,4341.2,205689721.29999992
2025-08-01 10:45:49 AM,1085.6,0,0.0,205689721.29999992
2025-08-01 10:45:50 AM,1085.6,12,13027.199999999999,205702748.4999999
2025-08-01 10:45:54 AM,1085.8,0,0.0,205702748.4999999
2025-08-01 10:45:55 AM,1085.8,10,10858.0,205713606.4999999
2025-08-01 10:45:59 AM,1086.0,0,0.0,205713606.4999999
2025-08-01 10:46:00 AM,1085.8,0,0.0,205713606.4999999
2025-08-01 10:46:01 AM,1085.8,91,98807.8,205812414.29999992
2025-08-01 10:46:06 AM,1085.8,13,14115.4,205826529.69999993
2025-08-01 10:46:09 AM,1086.0,43,46698.0,205873227.69999993
2025-08-01 10:46:09 AM,1085.8,0,0.0,205873227.69999993
2025-08-01 10:46:10 AM,1085.4,0,0.0,205873227.69999993
2025-08-01 10:46:12 AM,1085.8,0,0.0,205873227.69999993
2025-08-01 10:46:13 AM,1085.8,21,22801.8,205896029.49999994
2025-08-01 10:46:18 AM,1085.4,41,44501.4,205940530.89999995
2025-08-01 10:46:24 AM,1085.4,19,20622.600000000002,205961153.49999994
2025-08-01 10:46:26 AM,1085.8,0,0.0,205961153.49999994
2025-08-01 10:46:26 AM,1085.8,26,28230.8,205989384.29999995
2025-08-01 10:46:30 AM,1085.9,48,52123.200000000004,206041507.49999994
2025-08-01 10:46:35 AM,1085.9,3,3257.7000000000003,206044765.19999993
2025-08-01 10:46:41 AM,1085.9,54,58638.600000000006,206103403.79999992
2025-08-01 10:46:52 AM,1085.9,54,58638.600000000006,206162042.39999992
2025-08-01 10:46:57 AM,1085.9,1,1085.9,206163128.29999992
2025-08-01 10:46:59 AM,1085.9,55,59724.50000000001,206222852.79999992
2025-08-01 10:47:06 AM,1086.0,0,0.0,206222852.79999992
2025-08-01 10:47:08 AM,1086.0,4,4344.0,206227196.79999992
2025-08-01 10:47:10 AM,1086.0,54,58644.0,206285840.79999992
2025-08-01 10:47:13 AM,1085.4,0,0.0,206285840.79999992
2025-08-01 10:47:13 AM,1085.4,2,2170.8,206288011.59999993
2025-08-01 10:47:14 AM,1086.0,0,0.0,206288011.59999993
2025-08-01 10:47:15 AM,1086.0,2,2172.0,206290183.59999993
2025-08-01 10:47:19 AM,1086.0,54,58644.0,206348827.59999993
2025-08-01 10:47:24 AM,1086.0,1,1086.0,206349913.59999993
2025-08-01 10:47:30 AM,1086.0,54,58644.0,206408557.59999993
2025-08-01 10:47:35 AM,1086.0,2,2172.0,206410729.59999993
2025-08-01 10:47:37 AM,1086.0,2,2172.0,206412901.59999993
2025-08-01 10:47:40 AM,1086.0,54,58644.0,206471545.59999993
2025-08-01 10:47:42 AM,1085.3,59,64032.7,206535578.29999992
2025-08-01 10:47:44 AM,1085.0,0,0.0,206535578.29999992
2025-08-01 10:47:46 AM,1085.0,47,50995.0,206586573.29999992
2025-08-01 10:47:50 AM,1085.6,0,0.0,206586573.29999992
2025-08-01 10:47:51 AM,1085.6,50,54279.99999999999,206640853.29999992
2025-08-01 10:47:56 AM,1085.6,2,2171.2,206643024.4999999
2025-08-01 10:47:59 AM,1085.6,55,59707.99999999999,206702732.4999999
2025-08-01 10:48:05 AM,1084.9,0,0.0,206702732.4999999
2025-08-01 10:48:07 AM,1084.9,1,1084.9,206703817.39999992
2025-08-01 10:48:09 AM,1085.6,0,0.0,206703817.39999992
2025-08-01 10:48:10 AM,1085.6,27,29311.199999999997,206733128.5999999
2025-08-01 10:48:14 AM,1086.0,0,0.0,206733128.5999999
2025-08-01 10:48:15 AM,1086.0,34,36924.0,206770052.5999999
2025-08-01 10:48:20 AM,1086.0,48,52128.0,206822180.5999999
2025-08-01 10:48:26 AM,1086.0,50,54300.0,206876480.5999999
2025-08-01 10:48:29 AM,1086.0,54,58644.0,206935124.5999999
2025-08-01 10:48:34 AM,1086.0,4,4344.0,206939468.5999999
2025-08-01 10:48:39 AM,1085.7,0,0.0,206939468.5999999
2025-08-01 10:48:40 AM,1085.7,58,62970.600000000006,207002439.1999999
2025-08-01 10:48:41 AM,1084.8,0,0.0,207002439.1999999
2025-08-01 10:48:42 AM,1084.8,252,273369.6,207275808.7999999
2025-08-01 10:48:42 AM,1085.1,0,0.0,207275808.7999999
2025-08-01 10:48:46 AM,1085.5,51,55360.5,207331169.2999999
2025-08-01 10:48:49 AM,1085.4,0,0.0,207331169.2999999
2025-08-01 10:48:51 AM,1085.4,54,58611.600000000006,207389780.8999999
2025-08-01 10:48:54 AM,1085.1,0,0.0,207389780.8999999
2025-08-01 10:48:56 AM,1085.1,1,1085.1,207390865.99999988
2025-08-01 10:49:02 AM,1085.1,54,58595.399999999994,207449461.3999999
2025-08-01 10:49:09 AM,1085.1,19,20616.899999999998,207470078.2999999
2025-08-01 10:49:14 AM,1085.2,0,0.0,207470078.2999999
2025-08-01 10:49:14 AM,1085.2,37,40152.4,207510230.6999999
2025-08-01 10:49:18 AM,1085.2,15,16278.0,207526508.6999999
2025-08-01 10:49:23 AM,1085.2,44,47748.8,207574257.4999999
2025-08-01 10:49:27 AM,1085.1,0,0.0,207574257.4999999
2025-08-01 10:49:29 AM,1085.1,56,60765.59999999999,207635023.0999999
2025-08-01 10:49:32 AM,1085.3,0,0.0,207635023.0999999
2025-08-01 10:49:34 AM,1085.3,3,3255.8999999999996,207638278.9999999
2025-08-01 10:49:40 AM,1085.3,54,58606.2,207696885.1999999
2025-08-01 10:49:50 AM,1085.3,11,11938.3,207708823.4999999
2025-08-01 10:49:53 AM,1085.4,0,0.0,207708823.4999999
2025-08-01 10:49:54 AM,1085.5,0,0.0,207708823.4999999
2025-08-01 10:49:55 AM,1085.5,14,15197.0,207724020.4999999
2025-08-01 10:50:01 AM,1085.5,86,93353.0,207817373.4999999
2025-08-01 10:50:07 AM,1085.5,1,1085.5,207818458.9999999
2025-08-01 10:50:12 AM,1085.5,54,58617.0,207877075.9999999
2025-08-01 10:50:18 AM,1085.5,2,2171.0,207879246.9999999
2025-08-01 10:50:19 AM,1085.5,16,17368.0,207896614.9999999
2025-08-01 10:50:23 AM,1085.6,44,47766.399999999994,207944381.39999992
2025-08-01 10:50:29 AM,1085.6,34,36910.399999999994,207981291.79999992
2025-08-01 10:50:31 AM,1086.0,0,0.0,207981291.79999992
2025-08-01 10:50:34 AM,1086.2,0,0.0,207981291.79999992
2025-08-01 10:50:35 AM,1086.2,1456,1581507.2,209562798.9999999
2025-08-01 10:50:37 AM,1086.8,0,0.0,209562798.9999999
2025-08-01 10:50:38 AM,1086.3,0,0.0,209562798.9999999
2025-08-01 10:50:39 AM,1086.8,0,0.0,209562798.9999999
2025-08-01 10:50:40 AM,1086.8,71,77162.8,209639961.79999992
2025-08-01 10:50:44 AM,1086.3,0,0.0,209639961.79999992
2025-08-01 10:50:46 AM,1086.3,46,49969.799999999996,209689931.59999993
2025-08-01 10:50:46 AM,1086.9,50,54345.00000000001,209744276.59999993
2025-08-01 10:50:52 AM,1086.3,41,44538.299999999996,209788814.89999995
2025-08-01 10:50:59 AM,1086.8,0,0.0,209788814.89999995
2025-08-01 10:51:03 AM,1085.7,68,73827.6,209862642.49999994
2025-08-01 10:51:09 AM,1085.3,0,0.0,209862642.49999994
2025-08-01 10:51:09 AM,1085.3,55,59691.5,209922333.99999994
2025-08-01 10:51:14 AM,1085.3,6,6511.799999999999,209928845.79999995
2025-08-01 10:51:20 AM,1085.3,130,141089.0,210069934.79999995
2025-08-01 10:51:25 AM,1085.3,2,2170.6,210072105.39999995
2025-08-01 10:51:30 AM,1085.3,69,74885.7,210146991.09999993
2025-08-01 10:51:33 AM,1085.0,0,0.0,210146991.09999993
2025-08-01 10:51:36 AM,1085.0,85,92225.0,210239216.09999993
2025-08-01 10:51:37 AM,1084.0,0,0.0,210239216.09999993
2025-08-01 10:51:42 AM,1084.0,215,233060.0,210472276.09999993
2025-08-01 10:51:49 AM,1084.8,0,0.0,210472276.09999993
2025-08-01 10:51:53 AM,1084.8,57,61833.6,210534109.69999993
2025-08-01 10:51:58 AM,1084.8,3,3254.3999999999996,210537364.09999993
2025-08-01 10:51:58 AM,1084.8,7,7593.599999999999,210544957.69999993
2025-08-01 10:52:04 AM,1085.0,105,113925.0,210658882.69999993
2025-08-01 10:52:06 AM,1085.1,0,0.0,210658882.69999993
2025-08-01 10:52:08 AM,1085.1,20,21702.0,210680584.69999993
2025-08-01 10:52:11 AM,1085.2,0,0.0,210680584.69999993
2025-08-01 10:52:14 AM,1085.2,288,312537.60000000003,210993122.29999992
2025-08-01 10:52:19 AM,1086.2,0,0.0,210993122.29999992
2025-08-01 10:52:19 AM,1086.2,42,45620.4,211038742.69999993
2025-08-01 10:52:21 AM,1086.1,0,0.0,211038742.69999993
2025-08-01 10:52:25 AM,1086.7,0,0.0,211038742.69999993
2025-08-01 10:52:25 AM,1086.7,39,42381.3,211081123.99999994
2025-08-01 10:52:29 AM,1086.4,0,0.0,211081123.99999994
2025-08-01 10:52:30 AM,1086.4,65,70616.0,211151739.99999994
2025-08-01 10:52:33 AM,1086.9,0,0.0,211151739.99999994
