date,price,qty,trnvr,cum_trnvr
2025-08-01 09:15:05 AM,1320.6,418,552010.7999999999,552010.7999999999
2025-08-01 09:15:05 AM,1323.4,0,0.0,552010.7999999999
2025-08-01 09:15:07 AM,1318.0,598,788164.0,1340174.7999999998
2025-08-01 09:15:14 AM,1317.2,0,0.0,1340174.7999999998
2025-08-01 09:15:17 AM,1318.6,851,1122128.5999999999,2462303.3999999994
2025-08-01 09:15:19 AM,1317.7,194,255633.80000000002,2717937.1999999993
2025-08-01 09:15:22 AM,1320.3,0,0.0,2717937.1999999993
2025-08-01 09:15:24 AM,1321.2,0,0.0,2717937.1999999993
2025-08-01 09:15:26 AM,1321.2,124,163828.80000000002,2881765.999999999
2025-08-01 09:15:28 AM,1321.1,47,62091.7,2943857.6999999993
2025-08-01 09:15:34 AM,1320.0,0,0.0,2943857.6999999993
2025-08-01 09:15:35 AM,1320.0,874,1153680.0,4097537.6999999993
2025-08-01 09:15:36 AM,1321.2,317,418820.4,4516358.1
2025-08-01 09:15:38 AM,1322.0,0,0.0,4516358.1
2025-08-01 09:15:42 AM,1322.8,0,0.0,4516358.1
2025-08-01 09:15:43 AM,1322.8,665,879662.0,5396020.1
2025-08-01 09:15:45 AM,1323.0,243,321489.0,5717509.1
2025-08-01 09:15:47 AM,1322.7,0,0.0,5717509.1
2025-08-01 09:15:50 AM,1322.3,0,0.0,5717509.1
2025-08-01 09:15:51 AM,1322.3,23,30412.899999999998,5747922.0
2025-08-01 09:15:53 AM,1323.3,40,52932.0,5800854.0
2025-08-01 09:15:56 AM,1322.8,0,0.0,5800854.0
2025-08-01 09:15:59 AM,1322.0,338,446836.0,6247690.0
2025-08-01 09:16:01 AM,1321.0,131,173051.0,6420741.0
2025-08-01 09:16:04 AM,1321.2,0,0.0,6420741.0
2025-08-01 09:16:08 AM,1320.0,297,392040.0,6812781.0
2025-08-01 09:16:09 AM,1320.0,56,73920.0,6886701.0
2025-08-01 09:16:12 AM,1318.6,0,0.0,6886701.0
2025-08-01 09:16:16 AM,1318.9,163,214980.7,7101681.7
2025-08-01 09:16:17 AM,1318.7,33,43517.1,7145198.8
2025-08-01 09:16:21 AM,1320.0,0,0.0,7145198.8
2025-08-01 09:16:24 AM,1320.0,957,1263240.0,8408438.8
2025-08-01 09:16:26 AM,1319.4,173,228256.2,8636695.0
2025-08-01 09:16:34 AM,1320.4,97,128078.8,8764773.8
2025-08-01 09:16:39 AM,1320.6,0,0.0,8764773.8
2025-08-01 09:16:41 AM,1320.6,309,408065.39999999997,9172839.200000001
2025-08-01 09:16:41 AM,1320.7,0,0.0,9172839.200000001
2025-08-01 09:16:42 AM,1320.7,50,66035.0,9238874.200000001
2025-08-01 09:16:49 AM,1320.2,335,442267.0,9681141.200000001
2025-08-01 09:16:49 AM,1320.7,0,0.0,9681141.200000001
2025-08-01 09:16:50 AM,1320.2,59,77891.8,9759033.000000002
2025-08-01 09:16:51 AM,1319.9,0,0.0,9759033.000000002
2025-08-01 09:16:57 AM,1320.6,195,257516.99999999997,10016550.000000002
2025-08-01 09:16:59 AM,1320.6,38,50182.799999999996,10066732.800000003
2025-08-01 09:17:01 AM,1319.4,0,0.0,10066732.800000003
2025-08-01 09:17:05 AM,1319.6,344,453942.39999999997,10520675.200000003
2025-08-01 09:17:07 AM,1318.9,66,87047.40000000001,10607722.600000003
2025-08-01 09:17:19 AM,1319.3,0,0.0,10607722.600000003
2025-08-01 09:17:22 AM,1319.0,108,142452.0,10750174.600000003
2025-08-01 09:17:23 AM,1319.1,503,663507.2999999999,11413681.900000004
2025-08-01 09:17:25 AM,1319.3,0,0.0,11413681.900000004
2025-08-01 09:17:30 AM,1319.3,122,160954.6,11574636.500000004
2025-08-01 09:17:31 AM,1318.9,95,125295.50000000001,11699932.000000004
2025-08-01 09:17:38 AM,1318.9,1,1318.9,11701250.900000004
2025-08-01 09:17:39 AM,1319.4,14,18471.600000000002,11719722.500000004
2025-08-01 09:17:41 AM,1319.1,0,0.0,11719722.500000004
2025-08-01 09:17:43 AM,1318.8,0,0.0,11719722.500000004
2025-08-01 09:17:47 AM,1318.8,76,100228.8,11819951.300000004
2025-08-01 09:17:48 AM,1319.1,14,18467.399999999998,11838418.700000005
2025-08-01 09:17:51 AM,1318.9,0,0.0,11838418.700000005
2025-08-01 09:17:55 AM,1318.9,69,91004.1,11929422.800000004
2025-08-01 09:18:01 AM,1319.2,0,0.0,11929422.800000004
2025-08-01 09:18:03 AM,1319.0,135,178065.0,12107487.800000004
2025-08-01 09:18:04 AM,1319.1,48,63316.799999999996,12170804.600000005
2025-08-01 09:18:07 AM,1320.0,0,0.0,12170804.600000005
2025-08-01 09:18:09 AM,1319.2,0,0.0,12170804.600000005
2025-08-01 09:18:12 AM,1319.8,56,73908.8,12244713.400000006
2025-08-01 09:18:13 AM,1320.4,19,25087.600000000002,12269801.000000006
2025-08-01 09:18:15 AM,1320.0,0,0.0,12269801.000000006
2025-08-01 09:18:17 AM,1320.5,0,0.0,12269801.000000006
2025-08-01 09:18:20 AM,1321.4,314,414919.60000000003,12684720.600000005
2025-08-01 09:18:21 AM,1323.4,129,170718.6,12855439.200000005
2025-08-01 09:18:23 AM,1323.6,0,0.0,12855439.200000005
2025-08-01 09:18:25 AM,1323.5,0,0.0,12855439.200000005
2025-08-01 09:18:28 AM,1323.7,124,164138.80000000002,13019578.000000006
2025-08-01 09:18:29 AM,1322.6,109,144163.4,13163741.400000006
2025-08-01 09:18:31 AM,1322.3,0,0.0,13163741.400000006
2025-08-01 09:18:36 AM,1321.3,250,330325.0,13494066.400000006
2025-08-01 09:18:41 AM,1321.9,0,0.0,13494066.400000006
2025-08-01 09:18:44 AM,1319.9,182,240221.80000000002,13734288.200000007
2025-08-01 09:18:53 AM,1320.8,5,6604.0,13740892.200000007
2025-08-01 09:18:54 AM,1320.8,68,89814.4,13830706.600000007
2025-08-01 09:19:01 AM,1319.9,103,135949.7,13966656.300000006
2025-08-01 09:19:02 AM,1319.9,1,1319.9,13967976.200000007
2025-08-01 09:19:05 AM,1320.0,0,0.0,13967976.200000007
2025-08-01 09:19:09 AM,1320.0,54,71280.0,14039256.200000007
2025-08-01 09:19:10 AM,1320.0,104,137280.0,14176536.200000007
2025-08-01 09:19:11 AM,1320.4,0,0.0,14176536.200000007
2025-08-01 09:19:17 AM,1320.4,30,39612.0,14216148.200000007
2025-08-01 09:19:25 AM,1321.2,90,118908.0,14335056.200000007
2025-08-01 09:19:32 AM,1322.0,0,0.0,14335056.200000007
2025-08-01 09:19:33 AM,1322.0,110,145420.0,14480476.200000007
2025-08-01 09:19:35 AM,1320.9,14,18492.600000000002,14498968.800000006
2025-08-01 09:19:36 AM,1321.1,0,0.0,14498968.800000006
2025-08-01 09:19:40 AM,1320.1,0,0.0,14498968.800000006
2025-08-01 09:19:41 AM,1320.1,80,105608.0,14604576.800000006
2025-08-01 09:19:43 AM,1321.0,1,1321.0,14605897.800000006
2025-08-01 09:19:48 AM,1321.2,0,0.0,14605897.800000006
2025-08-01 09:19:49 AM,1321.2,266,351439.2,14957337.000000006
2025-08-01 09:19:50 AM,1321.1,0,0.0,14957337.000000006
2025-08-01 09:19:51 AM,1321.1,6,7926.599999999999,14965263.600000005
2025-08-01 09:19:56 AM,1320.3,0,0.0,14965263.600000005
2025-08-01 09:19:57 AM,1320.3,145,191443.5,15156707.100000005
2025-08-01 09:20:04 AM,1320.0,0,0.0,15156707.100000005
2025-08-01 09:20:05 AM,1320.0,55,72600.0,15229307.100000005
2025-08-01 09:20:05 AM,1320.3,0,0.0,15229307.100000005
2025-08-01 09:20:07 AM,1320.3,3,3960.8999999999996,15233268.000000006
2025-08-01 09:20:18 AM,1319.8,0,0.0,15233268.000000006
2025-08-01 09:20:21 AM,1319.8,371,489645.8,15722913.800000006
2025-08-01 09:20:36 AM,1320.3,0,0.0,15722913.800000006
2025-08-01 09:20:37 AM,1320.3,306,404011.8,16126925.600000007
2025-08-01 09:20:38 AM,1320.3,1,1320.3,16128245.900000008
2025-08-01 09:20:43 AM,1320.2,0,0.0,16128245.900000008
2025-08-01 09:20:45 AM,1320.2,1,1320.2,16129566.100000007
2025-08-01 09:20:46 AM,1320.3,92,121467.59999999999,16251033.700000007
2025-08-01 09:20:52 AM,1320.3,9,11882.699999999999,16262916.400000006
2025-08-01 09:21:00 AM,1320.7,90,118863.0,16381779.400000006
2025-08-01 09:21:04 AM,1320.4,0,0.0,16381779.400000006
2025-08-01 09:21:06 AM,1321.1,0,0.0,16381779.400000006
2025-08-01 09:21:08 AM,1321.1,39,51522.899999999994,16433302.300000006
2025-08-01 09:21:11 AM,1320.8,0,0.0,16433302.300000006
2025-08-01 09:21:13 AM,1320.7,0,0.0,16433302.300000006
2025-08-01 09:21:16 AM,1321.1,1212,1601173.2,18034475.500000007
2025-08-01 09:21:18 AM,1322.0,0,0.0,18034475.500000007
2025-08-01 09:21:24 AM,1322.0,32,42304.0,18076779.500000007
2025-08-01 09:21:31 AM,1321.7,1027,1357385.9000000001,19434165.400000006
2025-08-01 09:21:50 AM,1321.2,0,0.0,19434165.400000006
2025-08-01 09:21:53 AM,1321.7,0,0.0,19434165.400000006
2025-08-01 09:21:54 AM,1321.7,9,11895.300000000001,19446060.700000007
2025-08-01 09:22:00 AM,1322.3,0,0.0,19446060.700000007
2025-08-01 09:22:02 AM,1322.3,31,40991.299999999996,19487052.000000007
2025-08-01 09:22:03 AM,1322.3,1,1322.3,19488374.30000001
2025-08-01 09:22:09 AM,1322.3,26,34379.799999999996,19522754.10000001
2025-08-01 09:22:11 AM,1322.2,25,33055.0,19555809.10000001
2025-08-01 09:22:11 AM,1321.6,0,0.0,19555809.10000001
2025-08-01 09:22:17 AM,1321.2,508,671169.6,20226978.70000001
2025-08-01 09:22:25 AM,1321.2,14,18496.8,20245475.50000001
2025-08-01 09:22:28 AM,1321.5,0,0.0,20245475.50000001
2025-08-01 09:22:32 AM,1320.9,472,623464.8,20868940.300000012
2025-08-01 09:22:40 AM,1320.9,3,3962.7000000000003,20872903.00000001
2025-08-01 09:22:46 AM,1320.5,0,0.0,20872903.00000001
2025-08-01 09:22:48 AM,1320.5,290,382945.0,21255848.00000001
2025-08-01 09:22:57 AM,1320.2,100,132020.0,21387868.00000001
2025-08-01 09:23:06 AM,1320.4,0,0.0,21387868.00000001
2025-08-01 09:23:10 AM,1320.4,14,18485.600000000002,21406353.600000013
2025-08-01 09:23:12 AM,1321.0,1,1321.0,21407674.600000013
2025-08-01 09:23:15 AM,1320.4,0,0.0,21407674.600000013
2025-08-01 09:23:18 AM,1320.4,100,132040.0,21539714.600000013
2025-08-01 09:23:20 AM,1320.5,0,0.0,21539714.600000013
2025-08-01 09:23:26 AM,1320.5,2,2641.0,21542355.600000013
2025-08-01 09:23:33 AM,1320.4,586,773754.4,22316110.00000001
2025-08-01 09:23:34 AM,1320.5,0,0.0,22316110.00000001
2025-08-01 09:23:35 AM,1320.5,10,13205.0,22329315.00000001
2025-08-01 09:23:40 AM,1320.6,0,0.0,22329315.00000001
2025-08-01 09:23:41 AM,1320.6,23,30373.8,22359688.800000012
2025-08-01 09:23:46 AM,1320.5,0,0.0,22359688.800000012
2025-08-01 09:23:48 AM,1320.5,1,1320.5,22361009.300000012
2025-08-01 09:23:56 AM,1320.5,20,26410.0,22387419.300000012
2025-08-01 09:23:58 AM,1320.6,3,3961.7999999999997,22391381.100000013
2025-08-01 09:24:12 AM,1321.0,21,27741.0,22419122.100000013
2025-08-01 09:24:19 AM,1321.0,1,1321.0,22420443.100000013
2025-08-01 09:24:21 AM,1321.0,13,17173.0,22437616.100000013
2025-08-01 09:24:34 AM,1321.0,25,33025.0,22470641.100000013
2025-08-01 09:24:37 AM,1320.7,0,0.0,22470641.100000013
2025-08-01 09:24:42 AM,1320.7,40,52828.0,22523469.100000013
2025-08-01 09:24:49 AM,1320.0,316,417120.0,22940589.100000013
2025-08-01 09:24:50 AM,1320.5,0,0.0,22940589.100000013
2025-08-01 09:24:51 AM,1320.5,5,6602.5,22947191.600000013
2025-08-01 09:24:56 AM,1320.6,0,0.0,22947191.600000013
2025-08-01 09:24:57 AM,1320.6,111,146586.59999999998,23093778.200000014
2025-08-01 09:24:59 AM,1320.0,298,393360.0,23487138.200000014
2025-08-01 09:25:04 AM,1320.0,5,6600.0,23493738.200000014
2025-08-01 09:25:10 AM,1320.1,0,0.0,23493738.200000014
2025-08-01 09:25:12 AM,1320.1,48,63364.799999999996,23557103.000000015
2025-08-01 09:25:14 AM,1320.3,2,2640.6,23559743.600000016
2025-08-01 09:25:17 AM,1320.0,0,0.0,23559743.600000016
2025-08-01 09:25:19 AM,1320.0,1,1320.0,23561063.600000016
2025-08-01 09:25:22 AM,1320.4,0,0.0,23561063.600000016
2025-08-01 09:25:27 AM,1320.4,42,55456.8,23616520.400000017
2025-08-01 09:25:29 AM,1320.1,0,0.0,23616520.400000017
2025-08-01 09:25:34 AM,1320.7,253,334137.10000000003,23950657.50000002
2025-08-01 09:25:40 AM,1321.5,0,0.0,23950657.50000002
2025-08-01 09:25:42 AM,1321.5,230,303945.0,24254602.50000002
2025-08-01 09:25:49 AM,1321.5,3,3964.5,24258567.00000002
2025-08-01 09:25:51 AM,1321.9,11,14540.900000000001,24273107.900000017
2025-08-01 09:25:57 AM,1321.5,94,124221.0,24397328.900000017
2025-08-01 09:26:04 AM,1321.2,1,1321.2,24398650.100000016
2025-08-01 09:26:17 AM,1320.1,0,0.0,24398650.100000016
2025-08-01 09:26:20 AM,1320.1,195,257419.49999999997,24656069.600000016
2025-08-01 09:26:27 AM,1320.1,2,2640.2,24658709.800000016
2025-08-01 09:26:35 AM,1320.8,38,50190.4,24708900.200000014
2025-08-01 09:26:44 AM,1321.0,0,0.0,24708900.200000014
2025-08-01 09:26:44 AM,1321.0,5,6605.0,24715505.200000014
2025-08-01 09:26:50 AM,1321.2,13,17175.600000000002,24732680.800000016
2025-08-01 09:26:54 AM,1321.9,0,0.0,24732680.800000016
2025-08-01 09:26:58 AM,1321.9,8,10575.2,24743256.000000015
2025-08-01 09:27:08 AM,1322.1,0,0.0,24743256.000000015
2025-08-01 09:27:13 AM,1322.1,1,1322.1,24744578.100000016
2025-08-01 09:27:23 AM,1322.3,0,0.0,24744578.100000016
2025-08-01 09:27:27 AM,1322.3,28,37024.4,24781602.500000015
2025-08-01 09:27:29 AM,1322.3,21,27768.3,24809370.800000016
2025-08-01 09:27:35 AM,1322.3,32,42313.6,24851684.400000017
2025-08-01 09:27:36 AM,1322.0,15,19830.0,24871514.400000017
2025-08-01 09:27:48 AM,1321.5,0,0.0,24871514.400000017
2025-08-01 09:27:50 AM,1321.5,79,104398.5,24975912.900000017
2025-08-01 09:27:52 AM,1320.7,92,121504.40000000001,25097417.300000016
2025-08-01 09:27:54 AM,1320.9,0,0.0,25097417.300000016
2025-08-01 09:27:58 AM,1320.9,79,104351.1,25201768.400000017
2025-08-01 09:27:59 AM,1320.8,5,6604.0,25208372.400000017
2025-08-01 09:28:04 AM,1320.7,0,0.0,25208372.400000017
2025-08-01 09:28:04 AM,1320.7,79,104335.3,25312707.700000018
2025-08-01 09:28:05 AM,1320.9,107,141336.30000000002,25454044.00000002
2025-08-01 09:28:07 AM,1321.4,0,0.0,25454044.00000002
2025-08-01 09:28:07 AM,1321.4,94,124211.6,25578255.60000002
2025-08-01 09:28:12 AM,1321.0,0,0.0,25578255.60000002
2025-08-01 09:28:13 AM,1321.0,1,1321.0,25579576.60000002
2025-08-01 09:28:15 AM,1320.8,100,132080.0,25711656.60000002
2025-08-01 09:28:17 AM,1320.3,181,238974.3,25950630.90000002
2025-08-01 09:28:20 AM,1320.2,164,216512.80000000002,26167143.70000002
2025-08-01 09:28:21 AM,1320.9,10,13209.0,26180352.70000002
2025-08-01 09:28:23 AM,1320.3,0,0.0,26180352.70000002
2025-08-01 09:28:24 AM,1320.3,18,23765.399999999998,26204118.10000002
2025-08-01 09:28:31 AM,1320.3,1,1320.3,26205438.40000002
2025-08-01 09:28:45 AM,1320.3,251,331395.3,26536833.70000002
2025-08-01 09:28:55 AM,1320.5,1,1320.5,26538154.20000002
2025-08-01 09:28:56 AM,1320.5,1,1320.5,26539474.70000002
2025-08-01 09:28:57 AM,1320.5,16,21128.0,26560602.70000002
2025-08-01 09:29:01 AM,1320.5,20,26410.0,26587012.70000002
2025-08-01 09:29:01 AM,1321.1,0,0.0,26587012.70000002
2025-08-01 09:29:02 AM,1321.1,58,76623.79999999999,26663636.500000022
2025-08-01 09:29:30 AM,1320.8,10,13208.0,26676844.500000022
2025-08-01 09:29:37 AM,1320.8,2,2641.6,26679486.100000024
2025-08-01 09:29:39 AM,1320.8,50,66040.0,26745526.100000024
2025-08-01 09:29:46 AM,1320.0,0,0.0,26745526.100000024
2025-08-01 09:29:46 AM,1320.0,1091,1440120.0,28185646.100000024
2025-08-01 09:29:54 AM,1320.4,10,13204.0,28198850.100000024
2025-08-01 09:29:55 AM,1320.3,0,0.0,28198850.100000024
2025-08-01 09:29:55 AM,1320.3,1,1320.3,28200170.400000025
2025-08-01 09:29:56 AM,1319.7,2,2639.4,28202809.800000023
2025-08-01 09:29:57 AM,1320.3,50,66015.0,28268824.800000023
2025-08-01 09:29:59 AM,1320.3,28,36968.4,28305793.20000002
2025-08-01 09:30:02 AM,1318.9,163,214980.7,28520773.90000002
2025-08-01 09:30:02 AM,1318.1,0,0.0,28520773.90000002
2025-08-01 09:30:02 AM,1318.1,597,786905.7,29307679.60000002
2025-08-01 09:30:07 AM,1317.1,817,1076070.7,30383750.30000002
2025-08-01 09:30:12 AM,1316.8,0,0.0,30383750.30000002
2025-08-01 09:30:12 AM,1316.8,137,180401.6,30564151.90000002
2025-08-01 09:30:15 AM,1317.5,1,1317.5,30565469.40000002
2025-08-01 09:30:16 AM,1316.8,145,190936.0,30756405.40000002
2025-08-01 09:30:17 AM,1317.0,0,0.0,30756405.40000002
2025-08-01 09:30:18 AM,1317.0,1,1317.0,30757722.40000002
2025-08-01 09:30:18 AM,1317.5,0,0.0,30757722.40000002
2025-08-01 09:30:19 AM,1317.5,2,2635.0,30760357.40000002
2025-08-01 09:30:21 AM,1317.1,35,46098.5,30806455.90000002
2025-08-01 09:30:22 AM,1317.0,0,0.0,30806455.90000002
2025-08-01 09:30:23 AM,1317.5,13,17127.5,30823583.40000002
2025-08-01 09:30:24 AM,1316.4,88,115843.20000000001,30939426.60000002
2025-08-01 09:30:25 AM,1316.9,165,217288.50000000003,31156715.10000002
2025-08-01 09:30:26 AM,1316.6,55,72413.0,31229128.10000002
2025-08-01 09:30:29 AM,1316.3,0,0.0,31229128.10000002
2025-08-01 09:30:30 AM,1316.3,29,38172.7,31267300.80000002
2025-08-01 09:30:31 AM,1316.0,5,6580.0,31273880.80000002
2025-08-01 09:30:33 AM,1316.0,10,13160.0,31287040.80000002
2025-08-01 09:30:34 AM,1315.9,27,35529.3,31322570.10000002
2025-08-01 09:30:35 AM,1316.3,2,2632.6,31325202.70000002
2025-08-01 09:30:36 AM,1316.3,2,2632.6,31327835.300000023
2025-08-01 09:30:37 AM,1316.0,2,2632.0,31330467.300000023
2025-08-01 09:30:38 AM,1316.1,1,1316.1,31331783.400000025
2025-08-01 09:30:39 AM,1316.3,13,17111.899999999998,31348895.300000023
2025-08-01 09:30:40 AM,1316.3,36,47386.799999999996,31396282.100000024
2025-08-01 09:30:40 AM,1317.3,0,0.0,31396282.100000024
2025-08-01 09:30:40 AM,1317.3,2,2634.6,31398916.700000025
2025-08-01 09:30:41 AM,1316.6,6,7899.599999999999,31406816.300000027
2025-08-01 09:30:42 AM,1317.3,2,2634.6,31409450.90000003
2025-08-01 09:30:42 AM,1317.3,2,2634.6,31412085.50000003
2025-08-01 09:30:43 AM,1317.3,4,5269.2,31417354.70000003
2025-08-01 09:30:45 AM,1317.2,0,0.0,31417354.70000003
2025-08-01 09:30:46 AM,1317.2,2,2634.4,31419989.100000028
2025-08-01 09:30:48 AM,1316.6,29,38181.399999999994,31458170.500000026
2025-08-01 09:30:49 AM,1317.2,0,0.0,31458170.500000026
2025-08-01 09:30:49 AM,1317.2,5,6586.0,31464756.500000026
2025-08-01 09:30:50 AM,1316.5,46,60559.0,31525315.500000026
2025-08-01 09:30:52 AM,1316.3,15,19744.5,31545060.000000026
2025-08-01 09:30:53 AM,1316.3,1,1316.3,31546376.300000027
2025-08-01 09:31:00 AM,1316.0,229,301364.0,31847740.300000027
2025-08-01 09:31:02 AM,1315.8,0,0.0,31847740.300000027
2025-08-01 09:31:04 AM,1315.7,0,0.0,31847740.300000027
2025-08-01 09:31:06 AM,1315.1,279,366912.89999999997,32214653.200000025
2025-08-01 09:31:07 AM,1314.9,243,319520.7,32534173.900000025
2025-08-01 09:31:14 AM,1315.0,0,0.0,32534173.900000025
2025-08-01 09:31:14 AM,1315.0,14,18410.0,32552583.900000025
2025-08-01 09:31:16 AM,1315.7,0,0.0,32552583.900000025
2025-08-01 09:31:21 AM,1315.7,163,214459.1,32767043.000000026
2025-08-01 09:31:22 AM,1315.9,0,0.0,32767043.000000026
2025-08-01 09:31:28 AM,1316.4,0,0.0,32767043.000000026
2025-08-01 09:31:28 AM,1316.4,11,14480.400000000001,32781523.400000025
2025-08-01 09:31:29 AM,1316.0,150,197400.0,32978923.400000025
2025-08-01 09:31:34 AM,1317.0,0,0.0,32978923.400000025
2025-08-01 09:31:36 AM,1317.0,10,13170.0,32992093.400000025
2025-08-01 09:31:38 AM,1316.4,0,0.0,32992093.400000025
2025-08-01 09:31:40 AM,1317.1,0,0.0,32992093.400000025
2025-08-01 09:31:42 AM,1317.1,98,129075.79999999999,33121169.200000025
2025-08-01 09:31:43 AM,1316.5,8,10532.0,33131701.200000025
2025-08-01 09:31:44 AM,1317.0,0,0.0,33131701.200000025
2025-08-01 09:31:49 AM,1317.0,27,35559.0,33167260.200000025
2025-08-01 09:31:56 AM,1316.4,1,1316.4,33168576.600000024
2025-08-01 09:32:03 AM,1316.4,6,7898.400000000001,33176475.000000022
2025-08-01 09:32:10 AM,1316.4,16,21062.4,33197537.40000002
2025-08-01 09:32:24 AM,1317.0,0,0.0,33197537.40000002
2025-08-01 09:32:25 AM,1317.0,1695,2232315.0,35429852.40000002
2025-08-01 09:32:30 AM,1317.3,0,0.0,35429852.40000002
2025-08-01 09:32:31 AM,1317.3,307,404411.1,35834263.50000002
2025-08-01 09:32:38 AM,1316.7,378,497712.60000000003,36331976.100000024
2025-08-01 09:32:42 AM,1316.1,0,0.0,36331976.100000024
2025-08-01 09:32:42 AM,1316.9,0,0.0,36331976.100000024
2025-08-01 09:32:45 AM,1316.3,125,164537.5,36496513.600000024
2025-08-01 09:32:48 AM,1316.6,0,0.0,36496513.600000024
2025-08-01 09:32:52 AM,1317.0,2,2634.0,36499147.600000024
2025-08-01 09:32:59 AM,1316.7,59,77685.3,36576832.90000002
2025-08-01 09:33:06 AM,1317.0,0,0.0,36576832.90000002
2025-08-01 09:33:06 AM,1317.0,146,192282.0,36769114.90000002
2025-08-01 09:33:06 AM,1316.8,0,0.0,36769114.90000002
2025-08-01 09:33:12 AM,1317.0,0,0.0,36769114.90000002
2025-08-01 09:33:13 AM,1317.0,48,63216.0,36832330.90000002
2025-08-01 09:33:22 AM,1317.4,0,0.0,36832330.90000002
2025-08-01 09:33:27 AM,1318.7,0,0.0,36832330.90000002
2025-08-01 09:33:27 AM,1318.7,137,180661.9,37012992.80000002
2025-08-01 09:33:27 AM,1318.3,0,0.0,37012992.80000002
2025-08-01 09:33:32 AM,1318.7,0,0.0,37012992.80000002
2025-08-01 09:33:32 AM,1318.3,0,0.0,37012992.80000002
2025-08-01 09:33:34 AM,1318.3,50,65915.0,37078907.80000002
2025-08-01 09:33:37 AM,1318.7,0,0.0,37078907.80000002
2025-08-01 09:33:41 AM,1319.4,99,130620.6,37209528.40000002
2025-08-01 09:33:41 AM,1319.6,15,19794.0,37229322.40000002
2025-08-01 09:33:42 AM,1318.9,0,0.0,37229322.40000002
2025-08-01 09:33:48 AM,1318.9,16,21102.4,37250424.80000002
2025-08-01 09:34:07 AM,1319.0,0,0.0,37250424.80000002
2025-08-01 09:34:09 AM,1319.0,73,96287.0,37346711.80000002
2025-08-01 09:34:12 AM,1319.2,0,0.0,37346711.80000002
2025-08-01 09:34:16 AM,1319.2,12,15830.400000000001,37362542.20000002
2025-08-01 09:34:20 AM,1318.7,0,0.0,37362542.20000002
2025-08-01 09:34:22 AM,1318.6,0,0.0,37362542.20000002
2025-08-01 09:34:23 AM,1318.6,140,184604.0,37547146.20000002
2025-08-01 09:34:27 AM,1317.9,0,0.0,37547146.20000002
2025-08-01 09:34:30 AM,1317.9,173,227996.7,37775142.90000002
2025-08-01 09:34:30 AM,1317.5,1,1317.5,37776460.40000002
2025-08-01 09:34:32 AM,1317.4,0,0.0,37776460.40000002
2025-08-01 09:34:37 AM,1317.4,27,35569.8,37812030.20000002
2025-08-01 09:34:42 AM,1317.6,0,0.0,37812030.20000002
2025-08-01 09:34:44 AM,1317.6,39,51386.399999999994,37863416.60000002
2025-08-01 09:34:44 AM,1317.9,1,1317.9,37864734.500000015
2025-08-01 09:34:47 AM,1318.1,0,0.0,37864734.500000015
2025-08-01 09:34:50 AM,1318.1,100,131810.0,37996544.500000015
2025-08-01 09:34:52 AM,1317.6,0,0.0,37996544.500000015
2025-08-01 09:34:56 AM,1317.2,0,0.0,37996544.500000015
2025-08-01 09:34:57 AM,1317.2,549,723142.8,38719687.30000001
2025-08-01 09:35:01 AM,1317.1,0,0.0,38719687.30000001
2025-08-01 09:35:01 AM,1317.1,680,895627.9999999999,39615315.30000001
2025-08-01 09:35:01 AM,1317.0,1,1317.0,39616632.30000001
2025-08-01 09:35:03 AM,1317.0,136,179112.0,39795744.30000001
2025-08-01 09:35:04 AM,1316.5,122,160613.0,39956357.30000001
2025-08-01 09:35:09 AM,1317.2,0,0.0,39956357.30000001
2025-08-01 09:35:09 AM,1317.2,7,9220.4,39965577.70000001
2025-08-01 09:35:11 AM,1317.2,1,1317.2,39966894.90000001
2025-08-01 09:35:11 AM,1317.1,2,2634.2,39969529.10000002
2025-08-01 09:35:19 AM,1317.2,0,0.0,39969529.10000002
2025-08-01 09:35:20 AM,1317.2,29,38198.8,40007727.90000001
2025-08-01 09:35:23 AM,1317.0,0,0.0,40007727.90000001
2025-08-01 09:35:24 AM,1317.0,23,30291.0,40038018.90000001
2025-08-01 09:35:29 AM,1317.0,74,97458.0,40135476.90000001
2025-08-01 09:35:32 AM,1316.9,5,6584.5,40142061.40000001
2025-08-01 09:35:32 AM,1316.2,0,0.0,40142061.40000001
2025-08-01 09:35:32 AM,1316.2,7,9213.4,40151274.80000001
2025-08-01 09:35:36 AM,1315.6,600,789360.0,40940634.80000001
2025-08-01 09:35:38 AM,1315.5,106,139443.0,41080077.80000001
2025-08-01 09:35:39 AM,1316.6,50,65830.0,41145907.80000001
2025-08-01 09:35:47 AM,1315.3,19,24990.7,41170898.500000015
2025-08-01 09:35:50 AM,1315.1,2,2630.2,41173528.70000002
2025-08-01 09:35:52 AM,1315.0,29,38135.0,41211663.70000002
2025-08-01 09:35:57 AM,1315.4,10,13154.0,41224817.70000002
2025-08-01 09:36:03 AM,1315.4,1,1315.4,41226133.10000002
2025-08-01 09:36:07 AM,1315.9,0,0.0,41226133.10000002
2025-08-01 09:36:07 AM,1315.9,25,32897.5,41259030.60000002
2025-08-01 09:36:10 AM,1315.2,0,0.0,41259030.60000002
2025-08-01 09:36:11 AM,1315.2,200,263040.0,41522070.60000002
2025-08-01 09:36:12 AM,1316.0,32,42112.0,41564182.60000002
2025-08-01 09:36:15 AM,1315.9,10,13159.0,41577341.60000002
2025-08-01 09:36:22 AM,1315.6,2,2631.2,41579972.80000002
2025-08-01 09:36:27 AM,1315.6,10,13156.0,41593128.80000002
2025-08-01 09:36:27 AM,1315.6,50,65780.0,41658908.80000002
2025-08-01 09:36:30 AM,1315.3,11,14468.3,41673377.10000002
2025-08-01 09:36:37 AM,1314.7,1000,1314700.0,42988077.10000002
2025-08-01 09:36:40 AM,1315.4,19,24992.600000000002,43013069.70000002
2025-08-01 09:36:41 AM,1315.1,50,65755.0,43078824.70000002
2025-08-01 09:36:43 AM,1315.1,6,7890.599999999999,43086715.30000002
2025-08-01 09:36:43 AM,1314.7,185,243219.5,43329934.80000002
2025-08-01 09:36:53 AM,1315.3,0,0.0,43329934.80000002
2025-08-01 09:36:54 AM,1315.3,7,9207.1,43339141.90000002
2025-08-01 09:36:59 AM,1315.1,126,165702.59999999998,43504844.50000002
2025-08-01 09:37:00 AM,1315.2,21,27619.2,43532463.700000025
2025-08-01 09:37:05 AM,1315.1,0,0.0,43532463.700000025
2025-08-01 09:37:06 AM,1315.1,4,5260.4,43537724.100000024
2025-08-01 09:37:09 AM,1314.4,0,0.0,43537724.100000024
2025-08-01 09:37:11 AM,1315.2,0,0.0,43537724.100000024
2025-08-01 09:37:13 AM,1314.5,242,318109.0,43855833.100000024
2025-08-01 09:37:16 AM,1314.6,0,0.0,43855833.100000024
2025-08-01 09:37:20 AM,1314.6,49,64415.399999999994,43920248.50000002
2025-08-01 09:37:21 AM,1314.8,0,0.0,43920248.50000002
2025-08-01 09:37:27 AM,1314.8,2,2629.6,43922878.100000024
2025-08-01 09:37:30 AM,1314.9,0,0.0,43922878.100000024
2025-08-01 09:37:33 AM,1315.0,109,143335.0,44066213.100000024
2025-08-01 09:37:34 AM,1315.0,30,39450.0,44105663.100000024
2025-08-01 09:37:40 AM,1315.0,45,59175.0,44164838.100000024
2025-08-01 09:37:43 AM,1315.3,0,0.0,44164838.100000024
2025-08-01 09:37:47 AM,1315.3,6,7891.799999999999,44172729.90000002
2025-08-01 09:37:51 AM,1315.2,0,0.0,44172729.90000002
2025-08-01 09:37:53 AM,1314.9,0,0.0,44172729.90000002
2025-08-01 09:37:53 AM,1314.9,17,22353.300000000003,44195083.20000002
2025-08-01 09:37:57 AM,1315.1,0,0.0,44195083.20000002
2025-08-01 09:37:59 AM,1314.8,0,0.0,44195083.20000002
2025-08-01 09:38:00 AM,1314.8,143,188016.4,44383099.60000002
2025-08-01 09:38:05 AM,1314.6,0,0.0,44383099.60000002
2025-08-01 09:38:07 AM,1314.6,26,34179.6,44417279.20000002
2025-08-01 09:38:11 AM,1314.8,0,0.0,44417279.20000002
2025-08-01 09:38:14 AM,1314.8,6,7888.799999999999,44425168.000000015
2025-08-01 09:38:21 AM,1314.6,14,18404.399999999998,44443572.40000001
2025-08-01 09:38:27 AM,1315.0,0,0.0,44443572.40000001
2025-08-01 09:38:27 AM,1315.0,9,11835.0,44455407.40000001
2025-08-01 09:38:32 AM,1314.4,0,0.0,44455407.40000001
2025-08-01 09:38:34 AM,1314.4,57,74920.8,44530328.20000001
2025-08-01 09:38:41 AM,1314.7,21,27608.7,44557936.90000001
2025-08-01 09:38:45 AM,1314.8,0,0.0,44557936.90000001
2025-08-01 09:38:47 AM,1314.8,35,46018.0,44603954.90000001
2025-08-01 09:38:49 AM,1314.7,0,0.0,44603954.90000001
2025-08-01 09:38:54 AM,1314.7,3,3944.1000000000004,44607899.000000015
2025-08-01 09:38:58 AM,1314.8,0,0.0,44607899.000000015
2025-08-01 09:39:00 AM,1314.8,7,9203.6,44617102.60000002
2025-08-01 09:39:07 AM,1314.9,0,0.0,44617102.60000002
2025-08-01 09:39:07 AM,1314.9,25,32872.5,44649975.10000002
2025-08-01 09:39:12 AM,1314.6,0,0.0,44649975.10000002
2025-08-01 09:39:14 AM,1313.7,534,701515.8,45351490.90000001
2025-08-01 09:39:16 AM,1313.6,0,0.0,45351490.90000001
2025-08-01 09:39:21 AM,1313.6,66,86697.59999999999,45438188.500000015
2025-08-01 09:39:26 AM,1313.1,0,0.0,45438188.500000015
2025-08-01 09:39:28 AM,1313.1,107,140501.69999999998,45578690.20000002
2025-08-01 09:39:38 AM,1313.2,0,0.0,45578690.20000002
2025-08-01 09:39:41 AM,1313.1,36,47271.6,45625961.80000002
2025-08-01 09:39:42 AM,1313.0,0,0.0,45625961.80000002
2025-08-01 09:39:46 AM,1313.1,0,0.0,45625961.80000002
2025-08-01 09:39:47 AM,1313.1,50,65655.0,45691616.80000002
2025-08-01 09:39:50 AM,1313.0,0,0.0,45691616.80000002
2025-08-01 09:39:54 AM,1313.0,19,24947.0,45716563.80000002
2025-08-01 09:40:00 AM,1313.0,59,77467.0,45794030.80000002
2025-08-01 09:40:02 AM,1312.8,0,0.0,45794030.80000002
2025-08-01 09:40:07 AM,1312.7,28,36755.6,45830786.40000002
2025-08-01 09:40:18 AM,1313.0,0,0.0,45830786.40000002
2025-08-01 09:40:20 AM,1313.0,44,57772.0,45888558.40000002
2025-08-01 09:40:21 AM,1313.5,369,484681.5,46373239.90000002
2025-08-01 09:40:27 AM,1313.5,42,55167.0,46428406.90000002
2025-08-01 09:40:33 AM,1313.5,470,617345.0,47045751.90000002
2025-08-01 09:40:34 AM,1313.7,29,38097.3,47083849.20000002
2025-08-01 09:40:37 AM,1314.3,0,0.0,47083849.20000002
2025-08-01 09:40:40 AM,1314.3,116,152458.8,47236308.000000015
2025-08-01 09:40:41 AM,1315.8,750,986850.0,48223158.000000015
2025-08-01 09:40:45 AM,1314.7,0,0.0,48223158.000000015
2025-08-01 09:40:46 AM,1315.1,143,188059.3,48411217.30000001
2025-08-01 09:40:50 AM,1315.7,0,0.0,48411217.30000001
2025-08-01 09:40:53 AM,1316.0,50,65800.0,48477017.30000001
2025-08-01 09:40:59 AM,1316.2,0,0.0,48477017.30000001
2025-08-01 09:41:00 AM,1316.2,17,22375.4,48499392.70000001
2025-08-01 09:41:05 AM,1317.3,0,0.0,48499392.70000001
2025-08-01 09:41:06 AM,1317.3,50,65865.0,48565257.70000001
2025-08-01 09:41:13 AM,1317.0,0,0.0,48565257.70000001
2025-08-01 09:41:14 AM,1317.0,1,1317.0,48566574.70000001
2025-08-01 09:41:17 AM,1317.2,0,0.0,48566574.70000001
2025-08-01 09:41:20 AM,1317.2,15,19758.0,48586332.70000001
2025-08-01 09:41:25 AM,1317.9,0,0.0,48586332.70000001
2025-08-01 09:41:26 AM,1317.9,283,372965.7,48959298.40000001
2025-08-01 09:41:33 AM,1317.1,174,229175.4,49188473.80000001
2025-08-01 09:41:33 AM,1316.2,0,0.0,49188473.80000001
2025-08-01 09:41:34 AM,1316.2,83,109244.6,49297718.40000001
2025-08-01 09:41:37 AM,1316.0,0,0.0,49297718.40000001
2025-08-01 09:41:40 AM,1316.0,19,25004.0,49322722.40000001
2025-08-01 09:41:40 AM,1316.2,2,2632.4,49325354.80000001
2025-08-01 09:41:41 AM,1316.1,0,0.0,49325354.80000001
2025-08-01 09:41:45 AM,1316.4,0,0.0,49325354.80000001
2025-08-01 09:41:46 AM,1316.4,164,215889.6,49541244.40000001
2025-08-01 09:41:53 AM,1316.4,10,13164.0,49554408.40000001
2025-08-01 09:41:57 AM,1316.7,0,0.0,49554408.40000001
2025-08-01 09:41:59 AM,1316.7,101,132986.7,49687395.10000002
2025-08-01 09:42:05 AM,1316.2,10,13162.0,49700557.10000002
2025-08-01 09:42:05 AM,1316.4,0,0.0,49700557.10000002
2025-08-01 09:42:06 AM,1316.4,1,1316.4,49701873.500000015
2025-08-01 09:42:13 AM,1316.2,9,11845.800000000001,49713719.30000001
2025-08-01 09:42:18 AM,1316.1,0,0.0,49713719.30000001
2025-08-01 09:42:19 AM,1316.1,202,265852.19999999995,49979571.500000015
2025-08-01 09:42:25 AM,1316.1,8,10528.8,49990100.30000001
2025-08-01 09:42:32 AM,1315.6,12,15787.199999999999,50005887.500000015
2025-08-01 09:42:33 AM,1316.1,47,61856.7,50067744.20000002
2025-08-01 09:42:36 AM,1315.6,0,0.0,50067744.20000002
2025-08-01 09:42:38 AM,1316.0,43,56588.0,50124332.20000002
2025-08-01 09:42:44 AM,1316.1,0,0.0,50124332.20000002
2025-08-01 09:42:45 AM,1316.1,1,1316.1,50125648.30000002
2025-08-01 09:42:52 AM,1316.1,17,22373.699999999997,50148022.00000002
2025-08-01 09:42:56 AM,1316.2,0,0.0,50148022.00000002
2025-08-01 09:42:58 AM,1316.2,9,11845.800000000001,50159867.80000002
2025-08-01 09:42:59 AM,1316.8,5,6584.0,50166451.80000002
2025-08-01 09:43:00 AM,1316.2,0,0.0,50166451.80000002
2025-08-01 09:43:04 AM,1316.2,10,13162.0,50179613.80000002
2025-08-01 09:43:11 AM,1317.0,20,26340.0,50205953.80000002
2025-08-01 09:43:24 AM,1316.8,0,0.0,50205953.80000002
2025-08-01 09:43:24 AM,1316.8,50,65840.0,50271793.80000002
2025-08-01 09:43:24 AM,1316.0,0,0.0,50271793.80000002
2025-08-01 09:43:25 AM,1316.0,2,2632.0,50274425.80000002
2025-08-01 09:43:37 AM,1315.7,9,11841.300000000001,50286267.10000002
2025-08-01 09:43:52 AM,1315.7,1,1315.7,50287582.80000002
2025-08-01 09:43:52 AM,1316.0,0,0.0,50287582.80000002
2025-08-01 09:43:57 AM,1316.0,461,606676.0,50894258.80000002
2025-08-01 09:44:00 AM,1315.8,0,0.0,50894258.80000002
2025-08-01 09:44:01 AM,1315.8,42,55263.6,50949522.40000002
2025-08-01 09:44:07 AM,1315.8,1,1315.8,50950838.20000002
2025-08-01 09:44:10 AM,1315.5,0,0.0,50950838.20000002
2025-08-01 09:44:10 AM,1315.5,4,5262.0,50956100.20000002
2025-08-01 09:44:10 AM,1314.6,0,0.0,50956100.20000002
2025-08-01 09:44:11 AM,1314.6,614,807164.3999999999,51763264.60000002
2025-08-01 09:44:13 AM,1314.6,105,138033.0,51901297.60000002
2025-08-01 09:44:22 AM,1314.6,5,6573.0,51907870.60000002
2025-08-01 09:44:33 AM,1314.7,5,6573.5,51914444.10000002
2025-08-01 09:44:34 AM,1314.7,12,15776.400000000001,51930220.500000015
2025-08-01 09:44:35 AM,1314.7,3,3944.1000000000004,51934164.60000002
2025-08-01 09:44:36 AM,1314.7,4,5258.8,51939423.40000001
2025-08-01 09:44:38 AM,1314.7,1,1314.7,51940738.10000002
2025-08-01 09:44:40 AM,1315.1,50,65755.0,52006493.10000002
2025-08-01 09:44:42 AM,1314.6,13,17089.8,52023582.90000001
2025-08-01 09:44:46 AM,1314.7,0,0.0,52023582.90000001
2025-08-01 09:44:46 AM,1314.7,1,1314.7,52024897.60000002
2025-08-01 09:44:52 AM,1314.1,40,52564.0,52077461.60000002
2025-08-01 09:44:53 AM,1314.1,8,10512.8,52087974.40000001
2025-08-01 09:44:57 AM,1314.8,50,65740.0,52153714.40000001
2025-08-01 09:44:59 AM,1315.0,0,0.0,52153714.40000001
2025-08-01 09:45:00 AM,1315.0,10,13150.0,52166864.40000001
2025-08-01 09:45:01 AM,1314.8,0,0.0,52166864.40000001
2025-08-01 09:45:01 AM,1314.8,20,26296.0,52193160.40000001
2025-08-01 09:45:03 AM,1314.1,0,0.0,52193160.40000001
2025-08-01 09:45:04 AM,1314.1,152,199743.19999999998,52392903.60000002
2025-08-01 09:45:05 AM,1313.0,0,0.0,52392903.60000002
2025-08-01 09:45:06 AM,1313.0,337,442481.0,52835384.60000002
2025-08-01 09:45:07 AM,1312.9,0,0.0,52835384.60000002
2025-08-01 09:45:08 AM,1312.9,28,36761.200000000004,52872145.80000002
2025-08-01 09:45:09 AM,1312.9,9,11816.1,52883961.90000002
2025-08-01 09:45:10 AM,1312.9,14,18380.600000000002,52902342.50000002
2025-08-01 09:45:12 AM,1312.9,1,1312.9,52903655.40000002
2025-08-01 09:45:12 AM,1313.6,60,78816.0,52982471.40000002
2025-08-01 09:45:18 AM,1313.3,1,1313.3,52983784.70000002
2025-08-01 09:45:21 AM,1312.6,36,47253.6,53031038.30000002
2025-08-01 09:45:33 AM,1312.6,5,6563.0,53037601.30000002
2025-08-01 09:45:36 AM,1312.6,10,13126.0,53050727.30000002
2025-08-01 09:45:37 AM,1312.5,8,10500.0,53061227.30000002
2025-08-01 09:45:38 AM,1312.6,5,6563.0,53067790.30000002
2025-08-01 09:45:40 AM,1312.8,0,0.0,53067790.30000002
2025-08-01 09:45:40 AM,1312.8,62,81393.59999999999,53149183.90000002
2025-08-01 09:45:47 AM,1312.6,0,0.0,53149183.90000002
2025-08-01 09:45:48 AM,1312.6,41,53816.6,53203000.50000002
2025-08-01 09:45:50 AM,1313.3,817,1072966.0999999999,54275966.600000024
2025-08-01 09:45:51 AM,1312.6,137,179826.19999999998,54455792.80000003
2025-08-01 09:45:53 AM,1313.3,100,131330.0,54587122.80000003
2025-08-01 09:45:54 AM,1313.3,100,131330.0,54718452.80000003
2025-08-01 09:45:57 AM,1313.3,1,1313.3,54719766.100000024
2025-08-01 09:46:01 AM,1313.3,21,27579.3,54747345.40000002
2025-08-01 09:46:02 AM,1312.1,0,0.0,54747345.40000002
2025-08-01 09:46:02 AM,1312.1,207,271604.69999999995,55018950.100000024
2025-08-01 09:46:03 AM,1312.0,40,52480.0,55071430.100000024
2025-08-01 09:46:07 AM,1311.8,0,0.0,55071430.100000024
2025-08-01 09:46:07 AM,1311.8,313,410593.39999999997,55482023.50000002
2025-08-01 09:46:10 AM,1311.6,50,65580.0,55547603.50000002
2025-08-01 09:46:11 AM,1312.1,0,0.0,55547603.50000002
2025-08-01 09:46:11 AM,1312.1,125,164012.5,55711616.00000002
2025-08-01 09:46:15 AM,1312.0,200,262400.0,55974016.00000002
2025-08-01 09:46:18 AM,1311.6,0,0.0,55974016.00000002
2025-08-01 09:46:18 AM,1311.6,62,81319.2,56055335.200000025
2025-08-01 09:46:21 AM,1312.0,25,32800.0,56088135.200000025
2025-08-01 09:46:27 AM,1312.2,0,0.0,56088135.200000025
2025-08-01 09:46:27 AM,1312.2,262,343796.4,56431931.600000024
2025-08-01 09:46:42 AM,1312.1,0,0.0,56431931.600000024
2025-08-01 09:46:43 AM,1312.1,10,13121.0,56445052.600000024
2025-08-01 09:46:45 AM,1312.1,1,1312.1,56446364.700000025
2025-08-01 09:46:48 AM,1312.2,50,65610.0,56511974.700000025
2025-08-01 09:46:56 AM,1312.1,0,0.0,56511974.700000025
2025-08-01 09:46:56 AM,1312.2,125,164025.0,56675999.700000025
2025-08-01 09:47:01 AM,1310.4,0,0.0,56675999.700000025
2025-08-01 09:47:01 AM,1310.3,606,794041.7999999999,57470041.50000002
2025-08-01 09:47:02 AM,1310.2,30,39306.0,57509347.50000002
2025-08-01 09:47:04 AM,1310.2,10,13102.0,57522449.50000002
2025-08-01 09:47:05 AM,1310.1,425,556792.5,58079242.00000002
2025-08-01 09:47:06 AM,1311.5,576,755424.0,58834666.00000002
2025-08-01 09:47:08 AM,1310.4,0,0.0,58834666.00000002
2025-08-01 09:47:09 AM,1310.4,68,89107.20000000001,58923773.200000025
2025-08-01 09:47:10 AM,1311.6,540,708264.0,59632037.200000025
2025-08-01 09:47:12 AM,1310.5,8,10484.0,59642521.200000025
2025-08-01 09:47:14 AM,1310.5,16,20968.0,59663489.200000025
2025-08-01 09:47:15 AM,1310.5,46,60283.0,59723772.200000025
2025-08-01 09:47:16 AM,1310.5,46,60283.0,59784055.200000025
2025-08-01 09:47:17 AM,1310.5,56,73388.0,59857443.200000025
2025-08-01 09:47:17 AM,1311.3,0,0.0,59857443.200000025
2025-08-01 09:47:18 AM,1310.3,0,0.0,59857443.200000025
2025-08-01 09:47:18 AM,1310.3,630,825489.0,60682932.200000025
2025-08-01 09:47:18 AM,1311.0,0,0.0,60682932.200000025
2025-08-01 09:47:19 AM,1310.8,75,98310.0,60781242.200000025
2025-08-01 09:47:20 AM,1310.8,71,93066.8,60874309.00000002
2025-08-01 09:47:31 AM,1310.5,150,196575.0,61070884.00000002
2025-08-01 09:47:32 AM,1310.0,0,0.0,61070884.00000002
2025-08-01 09:47:33 AM,1310.0,108,141480.0,61212364.00000002
2025-08-01 09:47:33 AM,1310.5,20,26210.0,61238574.00000002
2025-08-01 09:47:34 AM,1310.2,1,1310.2,61239884.200000025
2025-08-01 09:47:36 AM,1310.0,0,0.0,61239884.200000025
2025-08-01 09:47:36 AM,1310.0,1078,1412180.0,62652064.200000025
2025-08-01 09:47:37 AM,1309.7,0,0.0,62652064.200000025
2025-08-01 09:47:38 AM,1309.7,30,39291.0,62691355.200000025
2025-08-01 09:47:39 AM,1309.3,0,0.0,62691355.200000025
2025-08-01 09:47:39 AM,1309.3,27,35351.1,62726706.30000003
2025-08-01 09:47:41 AM,1309.2,1,1309.2,62728015.50000003
2025-08-01 09:47:41 AM,1309.8,0,0.0,62728015.50000003
2025-08-01 09:47:42 AM,1309.8,70,91686.0,62819701.50000003
2025-08-01 09:47:45 AM,1309.3,205,268406.5,63088108.00000003
2025-08-01 09:47:57 AM,1309.3,50,65465.0,63153573.00000003
2025-08-01 09:47:59 AM,1309.3,1,1309.3,63154882.30000003
2025-08-01 09:48:00 AM,1309.8,25,32745.0,63187627.30000003
2025-08-01 09:48:02 AM,1309.3,0,0.0,63187627.30000003
2025-08-01 09:48:03 AM,1309.3,4,5237.2,63192864.50000003
2025-08-01 09:48:04 AM,1309.3,1,1309.3,63194173.80000003
2025-08-01 09:48:06 AM,1309.8,67,87756.59999999999,63281930.40000003
2025-08-01 09:48:07 AM,1309.7,30,39291.0,63321221.40000003
2025-08-01 09:48:08 AM,1309.7,30,39291.0,63360512.40000003
2025-08-01 09:48:12 AM,1309.4,0,0.0,63360512.40000003
2025-08-01 09:48:13 AM,1309.4,6,7856.400000000001,63368368.80000003
2025-08-01 09:48:13 AM,1309.7,0,0.0,63368368.80000003
2025-08-01 09:48:14 AM,1309.7,12,15716.400000000001,63384085.200000025
2025-08-01 09:48:14 AM,1309.2,80,104736.0,63488821.200000025
2025-08-01 09:48:22 AM,1309.5,25,32737.5,63521558.700000025
2025-08-01 09:48:25 AM,1309.4,0,0.0,63521558.700000025
2025-08-01 09:48:26 AM,1309.4,10,13094.0,63534652.700000025
2025-08-01 09:48:26 AM,1309.3,0,0.0,63534652.700000025
2025-08-01 09:48:27 AM,1309.3,26,34041.799999999996,63568694.50000002
2025-08-01 09:48:27 AM,1309.4,0,0.0,63568694.50000002
2025-08-01 09:48:28 AM,1309.4,5,6547.0,63575241.50000002
2025-08-01 09:48:28 AM,1309.7,0,0.0,63575241.50000002
2025-08-01 09:48:29 AM,1309.7,7,9167.9,63584409.40000002
2025-08-01 09:48:37 AM,1309.5,0,0.0,63584409.40000002
2025-08-01 09:48:38 AM,1309.5,14,18333.0,63602742.40000002
2025-08-01 09:48:38 AM,1309.7,0,0.0,63602742.40000002
2025-08-01 09:48:39 AM,1309.7,50,65485.0,63668227.40000002
2025-08-01 09:48:40 AM,1309.7,68,89059.6,63757287.00000002
2025-08-01 09:48:42 AM,1309.6,0,0.0,63757287.00000002
2025-08-01 09:48:43 AM,1309.6,2,2619.2,63759906.200000025
2025-08-01 09:48:58 AM,1310.0,0,0.0,63759906.200000025
2025-08-01 09:48:58 AM,1310.0,395,517450.0,64277356.200000025
2025-08-01 09:49:00 AM,1310.0,30,39300.0,64316656.200000025
2025-08-01 09:49:02 AM,1310.0,259,339290.0,64655946.200000025
2025-08-01 09:49:12 AM,1310.0,410,537100.0,65193046.200000025
2025-08-01 09:49:15 AM,1309.6,97,127031.2,65320077.40000003
2025-08-01 09:49:16 AM,1309.8,99,129670.2,65449747.60000003
2025-08-01 09:49:16 AM,1309.6,5,6548.0,65456295.60000003
2025-08-01 09:49:17 AM,1309.6,21,27501.6,65483797.20000003
2025-08-01 09:49:18 AM,1309.8,0,0.0,65483797.20000003
2025-08-01 09:49:19 AM,1309.8,42,55011.6,65538808.800000034
2025-08-01 09:49:19 AM,1309.8,95,124431.0,65663239.800000034
2025-08-01 09:49:20 AM,1310.3,10,13103.0,65676342.800000034
2025-08-01 09:49:32 AM,1310.0,0,0.0,65676342.800000034
2025-08-01 09:49:33 AM,1310.0,35,45850.0,65722192.800000034
2025-08-01 09:49:37 AM,1310.5,638,836099.0,66558291.800000034
2025-08-01 09:49:38 AM,1311.0,0,0.0,66558291.800000034
2025-08-01 09:49:38 AM,1311.0,109,142899.0,66701190.800000034
2025-08-01 09:49:41 AM,1310.5,8,10484.0,66711674.800000034
2025-08-01 09:49:42 AM,1310.1,165,216166.49999999997,66927841.300000034
2025-08-01 09:49:46 AM,1310.1,2,2620.2,66930461.50000004
2025-08-01 09:49:52 AM,1310.0,0,0.0,66930461.50000004
2025-08-01 09:49:53 AM,1310.0,291,381210.0,67311671.50000003
2025-08-01 09:49:57 AM,1309.5,1,1309.5,67312981.00000003
2025-08-01 09:49:59 AM,1309.0,0,0.0,67312981.00000003
2025-08-01 09:50:00 AM,1309.4,448,586611.2000000001,67899592.20000003
2025-08-01 09:50:00 AM,1308.6,0,0.0,67899592.20000003
2025-08-01 09:50:03 AM,1308.6,72,94219.2,67993811.40000004
2025-08-01 09:50:06 AM,1308.6,34,44492.399999999994,68038303.80000004
2025-08-01 09:50:07 AM,1308.5,0,0.0,68038303.80000004
2025-08-01 09:50:09 AM,1308.6,0,0.0,68038303.80000004
2025-08-01 09:50:10 AM,1308.6,261,341544.6,68379848.40000004
2025-08-01 09:50:12 AM,1308.4,0,0.0,68379848.40000004
2025-08-01 09:50:13 AM,1308.4,88,115139.20000000001,68494987.60000004
2025-08-01 09:50:15 AM,1308.3,0,0.0,68494987.60000004
2025-08-01 09:50:16 AM,1308.3,5,6541.5,68501529.10000004
2025-08-01 09:50:19 AM,1307.0,334,436538.0,68938067.10000004
2025-08-01 09:50:21 AM,1307.5,0,0.0,68938067.10000004
2025-08-01 09:50:23 AM,1307.0,86,112402.0,69050469.10000004
2025-08-01 09:50:27 AM,1307.5,0,0.0,69050469.10000004
2025-08-01 09:50:29 AM,1307.6,0,0.0,69050469.10000004
2025-08-01 09:50:29 AM,1307.6,245,320362.0,69370831.10000004
2025-08-01 09:50:37 AM,1307.9,44,57547.600000000006,69428378.70000003
2025-08-01 09:50:41 AM,1308.3,0,0.0,69428378.70000003
2025-08-01 09:50:41 AM,1308.3,60,78498.0,69506876.70000003
2025-08-01 09:50:42 AM,1307.8,0,0.0,69506876.70000003
2025-08-01 09:50:44 AM,1307.8,24,31387.199999999997,69538263.90000004
2025-08-01 09:50:47 AM,1308.3,0,0.0,69538263.90000004
2025-08-01 09:50:47 AM,1308.3,10,13083.0,69551346.90000004
2025-08-01 09:50:51 AM,1308.0,0,0.0,69551346.90000004
2025-08-01 09:50:53 AM,1307.9,0,0.0,69551346.90000004
2025-08-01 09:50:54 AM,1307.9,75,98092.5,69649439.40000004
2025-08-01 09:50:56 AM,1307.8,0,0.0,69649439.40000004
2025-08-01 09:50:56 AM,1307.8,35,45773.0,69695212.40000004
2025-08-01 09:50:57 AM,1307.6,0,0.0,69695212.40000004
2025-08-01 09:51:00 AM,1307.6,11,14383.599999999999,69709596.00000003
2025-08-01 09:51:02 AM,1307.8,0,0.0,69709596.00000003
2025-08-01 09:51:02 AM,1307.9,52,68010.8,69777606.80000003
2025-08-01 09:51:06 AM,1308.0,0,0.0,69777606.80000003
2025-08-01 09:51:06 AM,1308.0,30,39240.0,69816846.80000003
2025-08-01 09:51:15 AM,1307.9,44,57547.600000000006,69874394.40000002
2025-08-01 09:51:21 AM,1307.9,8,10463.2,69884857.60000002
2025-08-01 09:51:25 AM,1307.9,42,54931.8,69939789.40000002
2025-08-01 09:51:27 AM,1308.2,131,171374.2,70111163.60000002
2025-08-01 09:51:33 AM,1308.4,0,0.0,70111163.60000002
2025-08-01 09:51:34 AM,1308.4,4,5233.6,70116397.20000002
2025-08-01 09:51:38 AM,1308.4,1,1308.4,70117705.60000002
2025-08-01 09:51:43 AM,1308.2,0,0.0,70117705.60000002
2025-08-01 09:51:44 AM,1308.2,27,35321.4,70153027.00000003
2025-08-01 09:51:51 AM,1308.4,0,0.0,70153027.00000003
2025-08-01 09:51:53 AM,1308.4,112,146540.80000000002,70299567.80000003
2025-08-01 09:52:02 AM,1308.4,5,6542.0,70306109.80000003
2025-08-01 09:52:05 AM,1308.4,12,15700.800000000001,70321810.60000002
2025-08-01 09:52:08 AM,1308.4,67,87662.8,70409473.40000002
2025-08-01 09:52:11 AM,1308.4,29,37943.600000000006,70447417.00000001
2025-08-01 09:52:14 AM,1308.1,290,379349.0,70826766.00000001
2025-08-01 09:52:15 AM,1308.3,0,0.0,70826766.00000001
2025-08-01 09:52:17 AM,1308.0,358,468264.0,71295030.00000001
2025-08-01 09:52:20 AM,1307.9,0,0.0,71295030.00000001
2025-08-01 09:52:21 AM,1307.9,86,112479.40000000001,71407509.40000002
2025-08-01 09:52:24 AM,1307.9,5,6539.5,71414048.90000002
2025-08-01 09:52:30 AM,1307.9,11,14386.900000000001,71428435.80000003
2025-08-01 09:52:32 AM,1308.0,0,0.0,71428435.80000003
2025-08-01 09:52:33 AM,1308.0,11,14388.0,71442823.80000003
2025-08-01 09:52:38 AM,1307.9,0,0.0,71442823.80000003
2025-08-01 09:52:39 AM,1307.9,85,111171.50000000001,71553995.30000003
2025-08-01 09:52:50 AM,1308.0,0,0.0,71553995.30000003
2025-08-01 09:52:51 AM,1308.0,1,1308.0,71555303.30000003
2025-08-01 09:52:54 AM,1308.0,210,274680.0,71829983.30000003
2025-08-01 09:52:57 AM,1308.0,10,13080.0,71843063.30000003
2025-08-01 09:53:00 AM,1308.0,1,1308.0,71844371.30000003
2025-08-01 09:53:03 AM,1308.0,2,2616.0,71846987.30000003
2025-08-01 09:53:08 AM,1307.9,0,0.0,71846987.30000003
2025-08-01 09:53:09 AM,1307.9,65,85013.5,71932000.80000003
2025-08-01 09:53:11 AM,1308.0,0,0.0,71932000.80000003
2025-08-01 09:53:12 AM,1308.0,172,224976.0,72156976.80000003
2025-08-01 09:53:16 AM,1307.9,199,260272.1,72417248.90000002
2025-08-01 09:53:18 AM,1308.0,1,1308.0,72418556.90000002
2025-08-01 09:53:22 AM,1307.8,2,2615.6,72421172.50000001
2025-08-01 09:53:24 AM,1307.8,18,23540.399999999998,72444712.90000002
2025-08-01 09:53:28 AM,1307.6,123,160834.8,72605547.70000002
2025-08-01 09:53:33 AM,1307.5,0,0.0,72605547.70000002
2025-08-01 09:53:34 AM,1307.5,38,49685.0,72655232.70000002
2025-08-01 09:53:36 AM,1307.6,0,0.0,72655232.70000002
2025-08-01 09:53:36 AM,1307.6,300,392280.0,73047512.70000002
2025-08-01 09:53:40 AM,1307.5,0,0.0,73047512.70000002
2025-08-01 09:53:41 AM,1307.5,76,99370.0,73146882.70000002
2025-08-01 09:53:48 AM,1308.0,0,0.0,73146882.70000002
2025-08-01 09:53:49 AM,1308.0,500,654000.0,73800882.70000002
2025-08-01 09:53:52 AM,1307.5,0,0.0,73800882.70000002
2025-08-01 09:53:53 AM,1307.7,118,154308.6,73955191.30000001
2025-08-01 09:53:59 AM,1307.7,53,69308.1,74024499.4
2025-08-01 09:54:03 AM,1307.5,0,0.0,74024499.4
2025-08-01 09:54:05 AM,1307.5,8,10460.0,74034959.4
2025-08-01 09:54:12 AM,1307.5,41,53607.5,74088566.9
2025-08-01 09:54:13 AM,1307.5,572,747890.0,74836456.9
2025-08-01 09:54:15 AM,1307.3,0,0.0,74836456.9
2025-08-01 09:54:18 AM,1307.1,0,0.0,74836456.9
2025-08-01 09:54:18 AM,1307.1,200,261419.99999999997,75097876.9
2025-08-01 09:54:18 AM,1307.3,0,0.0,75097876.9
2025-08-01 09:54:19 AM,1307.3,10,13073.0,75110949.9
2025-08-01 09:54:21 AM,1307.7,0,0.0,75110949.9
2025-08-01 09:54:24 AM,1307.1,0,0.0,75110949.9
2025-08-01 09:54:24 AM,1307.1,646,844386.6,75955336.5
2025-08-01 09:54:25 AM,1307.0,965,1261255.0,77216591.5
2025-08-01 09:54:28 AM,1306.8,0,0.0,77216591.5
2025-08-01 09:54:30 AM,1306.8,292,381585.6,77598177.1
2025-08-01 09:54:34 AM,1306.9,0,0.0,77598177.1
2025-08-01 09:54:34 AM,1306.3,0,0.0,77598177.1
2025-08-01 09:54:37 AM,1306.3,235,306980.5,77905157.6
2025-08-01 09:54:40 AM,1307.0,0,0.0,77905157.6
2025-08-01 09:54:43 AM,1307.0,495,646965.0,78552122.6
2025-08-01 09:54:46 AM,1307.9,0,0.0,78552122.6
2025-08-01 09:54:49 AM,1308.2,243,317892.60000000003,78870015.19999999
2025-08-01 09:54:52 AM,1308.7,0,0.0,78870015.19999999
2025-08-01 09:54:54 AM,1308.9,9,11780.1,78881795.29999998
2025-08-01 09:55:04 AM,1310.9,0,0.0,78881795.29999998
2025-08-01 09:55:05 AM,1310.9,52,68166.8,78949962.09999998
2025-08-01 09:55:09 AM,1310.8,8,10486.4,78960448.49999999
2025-08-01 09:55:11 AM,1310.8,10,13108.0,78973556.49999999
2025-08-01 09:55:16 AM,1310.3,1,1310.3,78974866.79999998
2025-08-01 09:55:18 AM,1310.2,0,0.0,78974866.79999998
2025-08-01 09:55:18 AM,1310.2,19,24893.8,78999760.59999998
2025-08-01 09:55:20 AM,1310.0,20,26200.0,79025960.59999998
2025-08-01 09:55:26 AM,1310.0,727,952370.0,79978330.59999998
2025-08-01 09:55:29 AM,1309.9,125,163737.5,80142068.09999998
2025-08-01 09:55:31 AM,1310.7,25,32767.5,80174835.59999998
2025-08-01 09:55:37 AM,1310.7,2,2621.4,80177456.99999999
2025-08-01 09:55:38 AM,1310.9,0,0.0,80177456.99999999
2025-08-01 09:55:38 AM,1310.9,222,291019.80000000005,80468476.79999998
2025-08-01 09:55:40 AM,1311.2,50,65560.0,80534036.79999998
2025-08-01 09:55:46 AM,1312.0,63,82656.0,80616692.79999998
2025-08-01 09:55:47 AM,1312.0,5,6560.0,80623252.79999998
2025-08-01 09:55:48 AM,1311.8,0,0.0,80623252.79999998
2025-08-01 09:55:48 AM,1311.8,10,13118.0,80636370.79999998
2025-08-01 09:55:54 AM,1312.0,0,0.0,80636370.79999998
2025-08-01 09:55:54 AM,1312.0,11,14432.0,80650802.79999998
2025-08-01 09:55:56 AM,1311.6,50,65580.0,80716382.79999998
2025-08-01 09:56:06 AM,1312.0,0,0.0,80716382.79999998
2025-08-01 09:56:06 AM,1312.0,155,203360.0,80919742.79999998
2025-08-01 09:56:07 AM,1312.0,15,19680.0,80939422.79999998
2025-08-01 09:56:12 AM,1312.0,14,18368.0,80957790.79999998
2025-08-01 09:56:15 AM,1312.6,0,0.0,80957790.79999998
2025-08-01 09:56:17 AM,1312.4,0,0.0,80957790.79999998
2025-08-01 09:56:18 AM,1312.6,0,0.0,80957790.79999998
2025-08-01 09:56:18 AM,1312.6,151,198202.59999999998,81155993.39999998
2025-08-01 09:56:19 AM,1312.7,0,0.0,81155993.39999998
2025-08-01 09:56:19 AM,1312.7,14,18377.8,81174371.19999997
2025-08-01 09:56:24 AM,1313.5,0,0.0,81174371.19999997
2025-08-01 09:56:24 AM,1313.5,8,10508.0,81184879.19999997
2025-08-01 09:56:27 AM,1313.1,0,0.0,81184879.19999997
2025-08-01 09:56:30 AM,1312.5,0,0.0,81184879.19999997
2025-08-01 09:56:30 AM,1312.5,104,136500.0,81321379.19999997
2025-08-01 09:56:33 AM,1312.6,0,0.0,81321379.19999997
2025-08-01 09:56:36 AM,1313.1,26,34140.6,81355519.79999997
2025-08-01 09:56:40 AM,1313.4,0,0.0,81355519.79999997
2025-08-01 09:56:41 AM,1313.3,0,0.0,81355519.79999997
2025-08-01 09:56:42 AM,1313.1,0,0.0,81355519.79999997
2025-08-01 09:56:42 AM,1313.1,245,321709.5,81677229.29999997
2025-08-01 09:56:46 AM,1312.5,0,0.0,81677229.29999997
2025-08-01 09:56:48 AM,1312.0,114,149568.0,81826797.29999997
2025-08-01 09:56:50 AM,1311.2,0,0.0,81826797.29999997
2025-08-01 09:56:54 AM,1311.9,0,0.0,81826797.29999997
2025-08-01 09:56:54 AM,1311.9,12,15742.800000000001,81842540.09999996
2025-08-01 09:56:58 AM,1311.2,0,0.0,81842540.09999996
2025-08-01 09:56:58 AM,1311.9,0,0.0,81842540.09999996
2025-08-01 09:57:00 AM,1311.8,50,65590.0,81908130.09999996
2025-08-01 09:57:06 AM,1312.0,0,0.0,81908130.09999996
2025-08-01 09:57:06 AM,1312.0,16,20992.0,81929122.09999996
2025-08-01 09:57:08 AM,1312.0,7,9184.0,81938306.09999996
2025-08-01 09:57:12 AM,1311.7,83,108871.1,82047177.19999996
2025-08-01 09:57:19 AM,1312.5,1,1312.5,82048489.69999996
2025-08-01 09:57:22 AM,1311.9,0,0.0,82048489.69999996
2025-08-01 09:57:23 AM,1311.9,10,13119.0,82061608.69999996
2025-08-01 09:57:29 AM,1311.3,12,15735.599999999999,82077344.29999995
2025-08-01 09:57:35 AM,1311.4,1,1311.4,82078655.69999996
2025-08-01 09:57:38 AM,1311.0,0,0.0,82078655.69999996
2025-08-01 09:57:41 AM,1311.0,1,1311.0,82079966.69999996
2025-08-01 09:57:44 AM,1311.0,100,131100.0,82211066.69999996
2025-08-01 09:57:53 AM,1311.3,40,52452.0,82263518.69999996
2025-08-01 09:57:58 AM,1311.0,0,0.0,82263518.69999996
2025-08-01 09:57:59 AM,1311.0,25,32775.0,82296293.69999996
2025-08-01 09:58:02 AM,1311.0,68,89148.0,82385441.69999996
2025-08-01 09:58:05 AM,1311.2,200,262240.0,82647681.69999996
2025-08-01 09:58:06 AM,1311.0,0,0.0,82647681.69999996
2025-08-01 09:58:08 AM,1311.0,17,22287.0,82669968.69999996
2025-08-01 09:58:17 AM,1310.6,48,62908.799999999996,82732877.49999996
2025-08-01 09:58:24 AM,1310.6,37,48492.2,82781369.69999996
2025-08-01 09:58:26 AM,1310.6,40,52424.0,82833793.69999996
2025-08-01 09:58:27 AM,1310.4,0,0.0,82833793.69999996
2025-08-01 09:58:29 AM,1310.4,2,2620.8,82836414.49999996
2025-08-01 09:58:35 AM,1310.0,0,0.0,82836414.49999996
2025-08-01 09:58:36 AM,1310.0,18,23580.0,82859994.49999996
2025-08-01 09:58:38 AM,1310.5,54,70767.0,82930761.49999996
2025-08-01 09:58:42 AM,1310.6,90,117953.99999999999,83048715.49999996
2025-08-01 09:58:51 AM,1310.5,0,0.0,83048715.49999996
2025-08-01 09:58:51 AM,1310.5,10,13105.0,83061820.49999996
2025-08-01 09:58:54 AM,1310.5,1,1310.5,83063130.99999996
2025-08-01 09:58:57 AM,1310.0,3,3930.0,83067060.99999996
2025-08-01 09:59:00 AM,1310.0,2,2620.0,83069680.99999996
2025-08-01 09:59:03 AM,1310.0,13,17030.0,83086710.99999996
2025-08-01 09:59:06 AM,1310.2,2,2620.4,83089331.39999996
2025-08-01 09:59:12 AM,1309.4,7,9165.800000000001,83098497.19999996
2025-08-01 09:59:19 AM,1309.2,20,26184.0,83124681.19999996
2025-08-01 09:59:21 AM,1309.7,6,7858.200000000001,83132539.39999996
2025-08-01 09:59:25 AM,1310.0,31,40610.0,83173149.39999996
2025-08-01 09:59:28 AM,1310.2,33,43236.6,83216385.99999996
2025-08-01 09:59:37 AM,1310.6,0,0.0,83216385.99999996
2025-08-01 09:59:38 AM,1310.6,1,1310.6,83217696.59999995
2025-08-01 09:59:40 AM,1310.6,34,44560.399999999994,83262256.99999996
2025-08-01 09:59:42 AM,1310.8,0,0.0,83262256.99999996
2025-08-01 09:59:44 AM,1310.8,3,3932.3999999999996,83266189.39999996
2025-08-01 09:59:54 AM,1311.0,0,0.0,83266189.39999996
2025-08-01 09:59:56 AM,1311.0,6,7866.0,83274055.39999996
2025-08-01 10:00:04 AM,1311.3,0,0.0,83274055.39999996
2025-08-01 10:00:05 AM,1311.3,4,5245.2,83279300.59999996
2025-08-01 10:00:08 AM,1311.3,4,5245.2,83284545.79999997
2025-08-01 10:00:11 AM,1311.2,0,0.0,83284545.79999997
2025-08-01 10:00:11 AM,1311.0,40,52440.0,83336985.79999997
2025-08-01 10:00:23 AM,1310.9,0,0.0,83336985.79999997
2025-08-01 10:00:24 AM,1310.9,3,3932.7000000000003,83340918.49999997
2025-08-01 10:00:28 AM,1311.1,0,0.0,83340918.49999997
2025-08-01 10:00:28 AM,1311.1,68,89154.79999999999,83430073.29999997
2025-08-01 10:00:31 AM,1311.5,1,1311.5,83431384.79999997
2025-08-01 10:00:34 AM,1311.5,5,6557.5,83437942.29999997
2025-08-01 10:00:35 AM,1311.4,0,0.0,83437942.29999997
2025-08-01 10:00:37 AM,1311.4,51,66881.40000000001,83504823.69999997
2025-08-01 10:00:43 AM,1310.9,87,114048.3,83618871.99999997
2025-08-01 10:00:50 AM,1310.3,30,39309.0,83658180.99999997
2025-08-01 10:00:53 AM,1310.0,8,10480.0,83668660.99999997
2025-08-01 10:00:59 AM,1310.0,8,10480.0,83679140.99999997
2025-08-01 10:01:02 AM,1310.0,26,34060.0,83713200.99999997
2025-08-01 10:01:09 AM,1310.1,0,0.0,83713200.99999997
2025-08-01 10:01:09 AM,1310.1,63,82536.29999999999,83795737.29999997
2025-08-01 10:01:15 AM,1310.3,0,0.0,83795737.29999997
2025-08-01 10:01:15 AM,1310.3,1,1310.3,83797047.59999996
2025-08-01 10:01:18 AM,1310.1,8,10480.8,83807528.39999996
2025-08-01 10:01:24 AM,1310.1,8,10480.8,83818009.19999996
2025-08-01 10:01:27 AM,1310.1,10,13101.0,83831110.19999996
2025-08-01 10:01:30 AM,1310.4,30,39312.0,83870422.19999996
2025-08-01 10:01:32 AM,1311.0,0,0.0,83870422.19999996
2025-08-01 10:01:34 AM,1311.0,1,1311.0,83871733.19999996
2025-08-01 10:01:36 AM,1311.0,3,3933.0,83875666.19999996
2025-08-01 10:01:46 AM,1310.9,2,2621.8,83878287.99999996
2025-08-01 10:01:48 AM,1310.5,0,0.0,83878287.99999996
2025-08-01 10:01:48 AM,1310.5,3,3931.5,83882219.49999996
2025-08-01 10:01:52 AM,1310.9,0,0.0,83882219.49999996
2025-08-01 10:01:52 AM,1310.4,208,272563.2,84154782.69999996
2025-08-01 10:02:04 AM,1310.9,0,0.0,84154782.69999996
2025-08-01 10:02:05 AM,1310.9,8,10487.2,84165269.89999996
2025-08-01 10:02:06 AM,1310.9,35,45881.5,84211151.39999996
2025-08-01 10:02:08 AM,1310.8,0,0.0,84211151.39999996
2025-08-01 10:02:11 AM,1310.8,15,19662.0,84230813.39999996
2025-08-01 10:02:24 AM,1310.8,6,7864.799999999999,84238678.19999996
2025-08-01 10:02:25 AM,1311.3,86,112771.8,84351449.99999996
2025-08-01 10:02:30 AM,1311.3,14,18358.2,84369808.19999996
2025-08-01 10:02:36 AM,1311.8,2,2623.6,84372431.79999995
2025-08-01 10:02:43 AM,1310.9,1,1310.9,84373742.69999996
2025-08-01 10:02:47 AM,1310.8,0,0.0,84373742.69999996
2025-08-01 10:02:49 AM,1311.4,44,57701.600000000006,84431444.29999995
2025-08-01 10:03:02 AM,1311.4,10,13114.0,84444558.29999995
2025-08-01 10:03:03 AM,1311.0,0,0.0,84444558.29999995
2025-08-01 10:03:03 AM,1311.0,10,13110.0,84457668.29999995
2025-08-01 10:03:07 AM,1311.3,0,0.0,84457668.29999995
2025-08-01 10:03:08 AM,1311.3,1,1311.3,84458979.59999995
2025-08-01 10:03:19 AM,1311.1,0,0.0,84458979.59999995
2025-08-01 10:03:19 AM,1311.3,0,0.0,84458979.59999995
2025-08-01 10:03:21 AM,1311.3,28,36716.4,84495695.99999996
2025-08-01 10:03:27 AM,1312.8,0,0.0,84495695.99999996
2025-08-01 10:03:27 AM,1312.8,25,32820.0,84528515.99999996
2025-08-01 10:03:35 AM,1312.3,0,0.0,84528515.99999996
2025-08-01 10:03:36 AM,1312.3,2,2624.6,84531140.59999995
2025-08-01 10:03:48 AM,1312.4,1,1312.4,84532452.99999996
2025-08-01 10:04:07 AM,1312.4,127,166674.80000000002,84699127.79999995
2025-08-01 10:04:11 AM,1312.4,1,1312.4,84700440.19999996
2025-08-01 10:04:13 AM,1312.4,50,65620.0,84766060.19999996
2025-08-01 10:04:17 AM,1311.6,34,44594.399999999994,84810654.59999996
2025-08-01 10:04:23 AM,1311.1,0,0.0,84810654.59999996
2025-08-01 10:04:24 AM,1311.1,17,22288.699999999997,84832943.29999997
2025-08-01 10:04:27 AM,1311.6,0,0.0,84832943.29999997
2025-08-01 10:04:30 AM,1311.4,35,45899.0,84878842.29999997
2025-08-01 10:04:36 AM,1311.8,1,1311.8,84880154.09999996
2025-08-01 10:04:39 AM,1311.8,8,10494.4,84890648.49999997
2025-08-01 10:04:43 AM,1311.8,48,62966.399999999994,84953614.89999998
2025-08-01 10:04:51 AM,1311.6,20,26232.0,84979846.89999998
2025-08-01 10:05:01 AM,1311.8,51,66901.8,85046748.69999997
2025-08-01 10:05:07 AM,1311.8,2,2623.6,85049372.29999997
2025-08-01 10:05:09 AM,1311.6,96,125913.59999999999,85175285.89999996
2025-08-01 10:05:13 AM,1311.4,0,0.0,85175285.89999996
2025-08-01 10:05:14 AM,1311.4,2,2622.8,85177908.69999996
2025-08-01 10:05:20 AM,1310.8,0,0.0,85177908.69999996
2025-08-01 10:05:20 AM,1310.8,6,7864.799999999999,85185773.49999996
2025-08-01 10:05:24 AM,1310.4,0,0.0,85185773.49999996
2025-08-01 10:05:26 AM,1310.4,8,10483.2,85196256.69999996
2025-08-01 10:05:28 AM,1311.0,0,0.0,85196256.69999996
2025-08-01 10:05:28 AM,1311.0,539,706629.0,85902885.69999996
2025-08-01 10:05:34 AM,1311.1,101,132421.09999999998,86035306.79999995
2025-08-01 10:05:37 AM,1311.4,0,0.0,86035306.79999995
2025-08-01 10:05:38 AM,1311.4,2,2622.8,86037929.59999995
2025-08-01 10:05:49 AM,1311.2,0,0.0,86037929.59999995
2025-08-01 10:05:50 AM,1311.2,2,2622.4,86040551.99999996
2025-08-01 10:05:56 AM,1311.4,16,20982.4,86061534.39999996
2025-08-01 10:06:08 AM,1311.0,11,14421.0,86075955.39999996
2025-08-01 10:06:18 AM,1310.6,0,0.0,86075955.39999996
2025-08-01 10:06:20 AM,1310.6,48,62908.799999999996,86138864.19999996
2025-08-01 10:06:24 AM,1310.4,0,0.0,86138864.19999996
2025-08-01 10:06:25 AM,1310.4,1,1310.4,86140174.59999996
2025-08-01 10:06:30 AM,1310.6,0,0.0,86140174.59999996
2025-08-01 10:06:31 AM,1310.6,2,2621.2,86142795.79999997
2025-08-01 10:06:34 AM,1310.5,0,0.0,86142795.79999997
2025-08-01 10:06:34 AM,1310.5,11,14415.5,86157211.29999997
2025-08-01 10:06:38 AM,1310.4,0,0.0,86157211.29999997
2025-08-01 10:06:38 AM,1310.4,11,14414.400000000001,86171625.69999997
2025-08-01 10:06:44 AM,1310.0,1,1310.0,86172935.69999997
2025-08-01 10:06:46 AM,1309.3,219,286736.7,86459672.39999998
2025-08-01 10:06:50 AM,1309.3,1,1309.3,86460981.69999997
2025-08-01 10:06:52 AM,1309.5,0,0.0,86460981.69999997
2025-08-01 10:06:52 AM,1309.5,4,5238.0,86466219.69999997
2025-08-01 10:06:56 AM,1309.5,17,22261.5,86488481.19999997
2025-08-01 10:06:58 AM,1309.9,40,52396.0,86540877.19999997
2025-08-01 10:07:02 AM,1309.5,0,0.0,86540877.19999997
2025-08-01 10:07:02 AM,1309.5,778,1018791.0,87559668.19999997
2025-08-01 10:07:04 AM,1309.6,83,108696.79999999999,87668364.99999997
2025-08-01 10:07:08 AM,1309.3,0,0.0,87668364.99999997
2025-08-01 10:07:08 AM,1309.3,79,103434.7,87771799.69999997
2025-08-01 10:07:10 AM,1309.6,22,28811.199999999997,87800610.89999998
2025-08-01 10:07:18 AM,1309.4,0,0.0,87800610.89999998
2025-08-01 10:07:21 AM,1309.4,41,53685.4,87854296.29999998
2025-08-01 10:07:23 AM,1309.4,13,17022.2,87871318.49999999
2025-08-01 10:07:33 AM,1309.6,30,39288.0,87910606.49999999
2025-08-01 10:07:35 AM,1309.8,0,0.0,87910606.49999999
2025-08-01 10:07:35 AM,1309.8,4,5239.2,87915845.69999999
2025-08-01 10:07:41 AM,1310.1,14,18341.399999999998,87934187.1
2025-08-01 10:07:47 AM,1309.8,2,2619.6,87936806.69999999
2025-08-01 10:07:54 AM,1309.0,14,18326.0,87955132.69999999
2025-08-01 10:07:55 AM,1309.5,0,0.0,87955132.69999999
2025-08-01 10:07:58 AM,1309.5,2,2619.0,87957751.69999999
2025-08-01 10:08:03 AM,1309.3,0,0.0,87957751.69999999
2025-08-01 10:08:04 AM,1309.3,10,13093.0,87970844.69999999
2025-08-01 10:08:06 AM,1309.6,1,1309.6,87972154.29999998
2025-08-01 10:08:10 AM,1310.3,51,66825.3,88038979.59999998
2025-08-01 10:08:24 AM,1310.0,0,0.0,88038979.59999998
2025-08-01 10:08:25 AM,1310.0,15,19650.0,88058629.59999998
2025-08-01 10:08:36 AM,1310.5,0,0.0,88058629.59999998
2025-08-01 10:08:37 AM,1310.5,2,2621.0,88061250.59999998
2025-08-01 10:08:39 AM,1310.2,0,0.0,88061250.59999998
2025-08-01 10:08:41 AM,1310.2,39,51097.8,88112348.39999998
2025-08-01 10:08:42 AM,1310.0,2,2620.0,88114968.39999998
2025-08-01 10:08:53 AM,1310.0,2,2620.0,88117588.39999998
2025-08-01 10:08:58 AM,1310.0,6,7860.0,88125448.39999998
2025-08-01 10:09:03 AM,1310.4,0,0.0,88125448.39999998
2025-08-01 10:09:04 AM,1310.4,10,13104.0,88138552.39999998
2025-08-01 10:09:06 AM,1310.4,1,1310.4,88139862.79999998
2025-08-01 10:09:09 AM,1310.2,0,0.0,88139862.79999998
2025-08-01 10:09:10 AM,1310.2,12,15722.400000000001,88155585.19999999
2025-08-01 10:09:22 AM,1310.5,80,104840.0,88260425.19999999
2025-08-01 10:09:24 AM,1310.4,0,0.0,88260425.19999999
2025-08-01 10:09:24 AM,1310.4,13,17035.2,88277460.39999999
2025-08-01 10:09:28 AM,1310.4,1,1310.4,88278770.8
2025-08-01 10:09:36 AM,1310.9,2,2621.8,88281392.6
2025-08-01 10:09:41 AM,1310.9,2,2621.8,88284014.39999999
2025-08-01 10:09:53 AM,1310.5,1,1310.5,88285324.89999999
2025-08-01 10:09:58 AM,1310.9,0,0.0,88285324.89999999
2025-08-01 10:09:58 AM,1310.9,1,1310.9,88286635.8
2025-08-01 10:10:08 AM,1310.9,1,1310.9,88287946.7
2025-08-01 10:10:09 AM,1310.7,0,0.0,88287946.7
2025-08-01 10:10:10 AM,1310.7,103,135002.1,88422948.8
2025-08-01 10:10:20 AM,1310.4,0,0.0,88422948.8
2025-08-01 10:10:20 AM,1310.4,1,1310.4,88424259.2
2025-08-01 10:10:22 AM,1310.7,50,65535.0,88489794.2
2025-08-01 10:10:26 AM,1310.7,5,6553.5,88496347.7
2025-08-01 10:10:34 AM,1310.7,2,2621.4,88498969.10000001
2025-08-01 10:10:38 AM,1310.7,10,13107.0,88512076.10000001
2025-08-01 10:10:40 AM,1311.0,57,74727.0,88586803.10000001
2025-08-01 10:10:42 AM,1311.4,0,0.0,88586803.10000001
2025-08-01 10:10:44 AM,1311.4,52,68192.8,88654995.9
2025-08-01 10:10:57 AM,1311.1,7,9177.699999999999,88664173.60000001
2025-08-01 10:10:59 AM,1311.4,0,0.0,88664173.60000001
2025-08-01 10:11:02 AM,1311.4,3,3934.2000000000003,88668107.80000001
2025-08-01 10:11:08 AM,1311.4,1,1311.4,88669419.20000002
2025-08-01 10:11:14 AM,1311.5,123,161314.5,88830733.70000002
2025-08-01 10:11:18 AM,1311.8,0,0.0,88830733.70000002
2025-08-01 10:11:20 AM,1311.8,20,26236.0,88856969.70000002
2025-08-01 10:11:21 AM,1311.7,0,0.0,88856969.70000002
2025-08-01 10:11:21 AM,1311.7,40,52468.0,88909437.70000002
2025-08-01 10:11:24 AM,1312.4,0,0.0,88909437.70000002
2025-08-01 10:11:25 AM,1312.5,2,2625.0,88912062.70000002
2025-08-01 10:11:27 AM,1312.5,1,1312.5,88913375.20000002
2025-08-01 10:11:31 AM,1312.2,5,6561.0,88919936.20000002
2025-08-01 10:11:32 AM,1312.5,1,1312.5,88921248.70000002
2025-08-01 10:11:37 AM,1312.5,19,24937.5,88946186.20000002
2025-08-01 10:11:38 AM,1312.5,2,2625.0,88948811.20000002
2025-08-01 10:11:42 AM,1312.2,0,0.0,88948811.20000002
2025-08-01 10:11:42 AM,1312.2,440,577368.0,89526179.20000002
2025-08-01 10:11:44 AM,1311.8,3,3935.3999999999996,89530114.60000002
2025-08-01 10:11:48 AM,1311.4,0,0.0,89530114.60000002
2025-08-01 10:11:48 AM,1311.4,3,3934.2000000000003,89534048.80000003
2025-08-01 10:12:00 AM,1311.8,0,0.0,89534048.80000003
2025-08-01 10:12:00 AM,1311.8,88,115438.4,89649487.20000003
2025-08-01 10:12:06 AM,1312.2,0,0.0,89649487.20000003
2025-08-01 10:12:06 AM,1312.2,2,2624.4,89652111.60000004
2025-08-01 10:12:13 AM,1311.8,2,2623.6,89654735.20000003
2025-08-01 10:12:18 AM,1312.3,0,0.0,89654735.20000003
2025-08-01 10:12:18 AM,1312.7,35,45944.5,89700679.70000003
2025-08-01 10:12:19 AM,1312.5,1,1312.5,89701992.20000003
2025-08-01 10:12:29 AM,1312.5,10,13125.0,89715117.20000003
2025-08-01 10:12:33 AM,1313.3,0,0.0,89715117.20000003
2025-08-01 10:12:35 AM,1313.3,1,1313.3,89716430.50000003
2025-08-01 10:12:36 AM,1313.4,0,0.0,89716430.50000003
2025-08-01 10:12:36 AM,1313.4,4,5253.6,89721684.10000002
2025-08-01 10:12:41 AM,1313.4,6,7880.400000000001,89729564.50000003
2025-08-01 10:12:41 AM,1313.4,17,22327.800000000003,89751892.30000003
2025-08-01 10:12:51 AM,1313.6,0,0.0,89751892.30000003
2025-08-01 10:12:52 AM,1313.6,22,28899.199999999997,89780791.50000003
2025-08-01 10:12:58 AM,1313.6,1,1313.6,89782105.10000002
2025-08-01 10:13:00 AM,1313.0,0,0.0,89782105.10000002
2025-08-01 10:13:04 AM,1313.0,74,97162.0,89879267.10000002
2025-08-01 10:13:06 AM,1313.1,0,0.0,89879267.10000002
2025-08-01 10:13:09 AM,1312.5,0,0.0,89879267.10000002
2025-08-01 10:13:10 AM,1312.5,29,38062.5,89917329.60000002
2025-08-01 10:13:22 AM,1312.9,17,22319.300000000003,89939648.90000002
2025-08-01 10:13:28 AM,1313.2,104,136572.80000000002,90076221.70000002
2025-08-01 10:13:28 AM,1313.2,1,1313.2,90077534.90000002
2025-08-01 10:13:33 AM,1312.9,0,0.0,90077534.90000002
2025-08-01 10:13:34 AM,1312.9,180,236322.00000000003,90313856.90000002
2025-08-01 10:13:39 AM,1313.7,0,0.0,90313856.90000002
2025-08-01 10:13:40 AM,1313.7,75,98527.5,90412384.40000002
2025-08-01 10:13:45 AM,1313.9,0,0.0,90412384.40000002
2025-08-01 10:13:46 AM,1313.9,151,198398.90000000002,90610783.30000003
2025-08-01 10:13:54 AM,1314.1,0,0.0,90610783.30000003
2025-08-01 10:13:57 AM,1314.1,28,36794.799999999996,90647578.10000002
2025-08-01 10:13:58 AM,1314.0,5,6570.0,90654148.10000002
2025-08-01 10:14:03 AM,1314.1,0,0.0,90654148.10000002
2025-08-01 10:14:03 AM,1314.1,1,1314.1,90655462.20000002
2025-08-01 10:14:06 AM,1314.0,0,0.0,90655462.20000002
2025-08-01 10:14:06 AM,1314.1,0,0.0,90655462.20000002
2025-08-01 10:14:09 AM,1314.3,0,0.0,90655462.20000002
2025-08-01 10:14:09 AM,1314.3,9,11828.699999999999,90667290.90000002
2025-08-01 10:14:15 AM,1314.3,52,68343.59999999999,90735634.50000001
2025-08-01 10:14:20 AM,1314.3,11,14457.3,90750091.80000001
2025-08-01 10:14:24 AM,1314.6,0,0.0,90750091.80000001
2025-08-01 10:14:26 AM,1314.3,25,32857.5,90782949.30000001
2025-08-01 10:14:27 AM,1314.6,5,6573.0,90789522.30000001
2025-08-01 10:14:32 AM,1314.6,1161,1526250.5999999999,92315772.9
2025-08-01 10:14:36 AM,1313.2,0,0.0,92315772.9
2025-08-01 10:14:38 AM,1312.9,10,13129.0,92328901.9
2025-08-01 10:14:42 AM,1313.3,0,0.0,92328901.9
2025-08-01 10:14:43 AM,1313.3,242,317818.6,92646720.5
2025-08-01 10:14:50 AM,1313.3,14,18386.2,92665106.7
2025-08-01 10:14:54 AM,1313.4,0,0.0,92665106.7
2025-08-01 10:14:55 AM,1313.4,19,24954.600000000002,92690061.3
2025-08-01 10:14:58 AM,1314.6,0,0.0,92690061.3
2025-08-01 10:15:00 AM,1314.1,0,0.0,92690061.3
2025-08-01 10:15:01 AM,1314.1,124,162948.4,92853009.7
2025-08-01 10:15:06 AM,1314.6,0,0.0,92853009.7
2025-08-01 10:15:06 AM,1314.6,1,1314.6,92854324.3
2025-08-01 10:15:12 AM,1314.6,20,26292.0,92880616.3
2025-08-01 10:15:13 AM,1314.1,15,19711.5,92900327.8
2025-08-01 10:15:15 AM,1314.4,0,0.0,92900327.8
2025-08-01 10:15:18 AM,1314.4,1,1314.4,92901642.2
2025-08-01 10:15:29 AM,1314.1,0,0.0,92901642.2
2025-08-01 10:15:30 AM,1314.1,68,89358.79999999999,92991001.0
2025-08-01 10:15:33 AM,1314.3,0,0.0,92991001.0
2025-08-01 10:15:36 AM,1314.2,0,0.0,92991001.0
2025-08-01 10:15:37 AM,1314.2,81,106450.2,93097451.2
2025-08-01 10:15:37 AM,1314.3,2,2628.6,93100079.8
2025-08-01 10:15:48 AM,1314.0,0,0.0,93100079.8
2025-08-01 10:15:49 AM,1314.0,11,14454.0,93114533.8
2025-08-01 10:15:59 AM,1314.3,0,0.0,93114533.8
2025-08-01 10:16:00 AM,1314.3,5,6571.5,93121105.3
2025-08-01 10:16:06 AM,1314.3,1,1314.3,93122419.6
2025-08-01 10:16:14 AM,1314.0,0,0.0,93122419.6
2025-08-01 10:16:18 AM,1314.0,20,26280.0,93148699.6
2025-08-01 10:16:23 AM,1314.9,0,0.0,93148699.6
2025-08-01 10:16:23 AM,1314.9,700,920430.0000000001,94069129.6
2025-08-01 10:16:24 AM,1314.5,0,0.0,94069129.6
2025-08-01 10:16:24 AM,1314.5,119,156425.5,94225555.1
2025-08-01 10:16:26 AM,1314.6,0,0.0,94225555.1
2025-08-01 10:16:29 AM,1314.6,5,6573.0,94232128.1
2025-08-01 10:16:35 AM,1314.6,1,1314.6,94233442.69999999
2025-08-01 10:16:36 AM,1314.7,1,1314.7,94234757.39999999
2025-08-01 10:16:41 AM,1315.1,200,263020.0,94497777.39999999
2025-08-01 10:16:51 AM,1314.9,0,0.0,94497777.39999999
2025-08-01 10:16:52 AM,1314.9,2,2629.8,94500407.19999999
2025-08-01 10:16:53 AM,1314.6,0,0.0,94500407.19999999
2025-08-01 10:16:57 AM,1315.0,0,0.0,94500407.19999999
2025-08-01 10:16:58 AM,1315.0,30,39450.0,94539857.19999999
2025-08-01 10:16:59 AM,1315.1,0,0.0,94539857.19999999
2025-08-01 10:17:03 AM,1315.1,50,65755.0,94605612.19999999
2025-08-01 10:17:03 AM,1314.9,1,1314.9,94606927.1
2025-08-01 10:17:09 AM,1314.9,1,1314.9,94608242.0
2025-08-01 10:17:14 AM,1314.6,0,0.0,94608242.0
2025-08-01 10:17:14 AM,1314.6,65,85449.0,94693691.0
2025-08-01 10:17:18 AM,1314.0,0,0.0,94693691.0
2025-08-01 10:17:20 AM,1314.7,0,0.0,94693691.0
2025-08-01 10:17:20 AM,1314.7,206,270828.2,94964519.2
2025-08-01 10:17:38 AM,1314.7,2,2629.4,94967148.60000001
2025-08-01 10:17:44 AM,1314.3,0,0.0,94967148.60000001
2025-08-01 10:17:44 AM,1314.3,14,18400.2,94985548.80000001
2025-08-01 10:17:51 AM,1314.6,0,0.0,94985548.80000001
2025-08-01 10:17:55 AM,1314.6,255,335223.0,95320771.80000001
2025-08-01 10:18:05 AM,1314.3,0,0.0,95320771.80000001
2025-08-01 10:18:07 AM,1314.3,20,26286.0,95347057.80000001
2025-08-01 10:18:13 AM,1314.3,39,51257.7,95398315.50000001
2025-08-01 10:18:18 AM,1313.9,0,0.0,95398315.50000001
2025-08-01 10:18:19 AM,1314.6,10,13146.0,95411461.50000001
2025-08-01 10:18:26 AM,1313.7,0,0.0,95411461.50000001
2025-08-01 10:18:27 AM,1313.8,0,0.0,95411461.50000001
2025-08-01 10:18:30 AM,1313.8,15,19707.0,95431168.50000001
2025-08-01 10:18:33 AM,1314.4,0,0.0,95431168.50000001
2025-08-01 10:18:36 AM,1314.4,26,34174.4,95465342.90000002
2025-08-01 10:18:42 AM,1314.4,20,26288.0,95491630.90000002
2025-08-01 10:18:48 AM,1313.7,15,19705.5,95511336.40000002
2025-08-01 10:18:57 AM,1314.4,0,0.0,95511336.40000002
2025-08-01 10:18:58 AM,1313.8,0,0.0,95511336.40000002
2025-08-01 10:18:59 AM,1313.8,3,3941.3999999999996,95515277.80000003
2025-08-01 10:19:04 AM,1314.1,5,6570.5,95521848.30000003
2025-08-01 10:19:07 AM,1314.4,0,0.0,95521848.30000003
2025-08-01 10:19:10 AM,1314.4,36,47318.4,95569166.70000003
2025-08-01 10:19:16 AM,1314.4,75,98580.0,95667746.70000003
2025-08-01 10:19:19 AM,1314.1,0,0.0,95667746.70000003
2025-08-01 10:19:22 AM,1314.1,1,1314.1,95669060.80000003
2025-08-01 10:19:28 AM,1314.4,0,0.0,95669060.80000003
2025-08-01 10:19:28 AM,1314.4,25,32860.0,95701920.80000003
2025-08-01 10:19:33 AM,1314.1,20,26282.0,95728202.80000003
2025-08-01 10:19:37 AM,1314.4,0,0.0,95728202.80000003
2025-08-01 10:19:39 AM,1314.4,1,1314.4,95729517.20000003
2025-08-01 10:19:45 AM,1314.4,1,1314.4,95730831.60000004
2025-08-01 10:19:49 AM,1314.1,0,0.0,95730831.60000004
2025-08-01 10:19:51 AM,1314.4,20,26288.0,95757119.60000004
2025-08-01 10:19:55 AM,1314.1,0,0.0,95757119.60000004
2025-08-01 10:19:56 AM,1314.1,1,1314.1,95758433.70000003
2025-08-01 10:20:05 AM,1314.3,0,0.0,95758433.70000003
2025-08-01 10:20:07 AM,1314.4,2,2628.8,95761062.50000003
2025-08-01 10:20:08 AM,1314.1,4,5256.4,95766318.90000004
2025-08-01 10:20:13 AM,1314.0,0,0.0,95766318.90000004
2025-08-01 10:20:14 AM,1314.0,186,244404.0,96010722.90000004
2025-08-01 10:20:19 AM,1314.1,0,0.0,96010722.90000004
2025-08-01 10:20:20 AM,1314.1,48,63076.799999999996,96073799.70000003
2025-08-01 10:20:24 AM,1313.5,79,103766.5,96177566.20000003
2025-08-01 10:20:29 AM,1313.3,0,0.0,96177566.20000003
2025-08-01 10:20:30 AM,1313.3,21,27579.3,96205145.50000003
2025-08-01 10:20:36 AM,1313.6,0,0.0,96205145.50000003
2025-08-01 10:20:36 AM,1313.6,35,45976.0,96251121.50000003
2025-08-01 10:20:38 AM,1313.6,2,2627.2,96253748.70000003
2025-08-01 10:20:42 AM,1313.5,2,2627.0,96256375.70000003
2025-08-01 10:20:44 AM,1313.4,1,1313.4,96257689.10000004
2025-08-01 10:20:48 AM,1313.4,10,13134.0,96270823.10000004
2025-08-01 10:20:50 AM,1313.9,0,0.0,96270823.10000004
2025-08-01 10:20:50 AM,1313.9,100,131390.0,96402213.10000004
2025-08-01 10:21:06 AM,1314.0,0,0.0,96402213.10000004
2025-08-01 10:21:07 AM,1314.0,2,2628.0,96404841.10000004
2025-08-01 10:21:08 AM,1313.9,0,0.0,96404841.10000004
2025-08-01 10:21:11 AM,1313.9,2,2627.8,96407468.90000004
2025-08-01 10:21:13 AM,1313.7,12,15764.400000000001,96423233.30000004
2025-08-01 10:21:22 AM,1314.1,0,0.0,96423233.30000004
2025-08-01 10:21:22 AM,1314.1,23,30224.3,96453457.60000004
2025-08-01 10:21:27 AM,1313.8,1,1313.8,96454771.40000004
2025-08-01 10:21:33 AM,1313.8,1,1313.8,96456085.20000003
2025-08-01 10:21:35 AM,1314.1,46,60448.6,96516533.80000003
2025-08-01 10:21:38 AM,1314.1,1,1314.1,96517847.90000002
2025-08-01 10:21:42 AM,1313.9,0,0.0,96517847.90000002
2025-08-01 10:21:43 AM,1313.9,3,3941.7000000000003,96521789.60000002
2025-08-01 10:21:48 AM,1314.8,0,0.0,96521789.60000002
2025-08-01 10:21:50 AM,1314.8,255,335274.0,96857063.60000002
2025-08-01 10:22:03 AM,1314.7,0,0.0,96857063.60000002
2025-08-01 10:22:03 AM,1314.7,45,59161.5,96916225.10000002
2025-08-01 10:22:06 AM,1315.6,0,0.0,96916225.10000002
2025-08-01 10:22:07 AM,1315.6,49,64464.399999999994,96980689.50000003
2025-08-01 10:22:14 AM,1315.5,1,1315.5,96982005.00000003
2025-08-01 10:22:24 AM,1315.1,0,0.0,96982005.00000003
2025-08-01 10:22:24 AM,1315.1,1,1315.1,96983320.10000002
2025-08-01 10:22:30 AM,1314.6,0,0.0,96983320.10000002
2025-08-01 10:22:30 AM,1314.6,104,136718.4,97120038.50000003
2025-08-01 10:22:36 AM,1314.6,1,1314.6,97121353.10000002
2025-08-01 10:22:36 AM,1315.1,0,0.0,97121353.10000002
2025-08-01 10:22:38 AM,1315.1,2,2630.2,97123983.30000003
2025-08-01 10:22:41 AM,1315.1,43,56549.299999999996,97180532.60000002
2025-08-01 10:22:52 AM,1315.4,7,9207.800000000001,97189740.40000002
2025-08-01 10:22:54 AM,1315.4,1,1315.4,97191055.80000003
2025-08-01 10:22:57 AM,1314.7,0,0.0,97191055.80000003
2025-08-01 10:22:57 AM,1314.7,210,276087.0,97467142.80000003
2025-08-01 10:23:00 AM,1315.6,0,0.0,97467142.80000003
2025-08-01 10:23:00 AM,1315.6,115,151294.0,97618436.80000003
2025-08-01 10:23:05 AM,1314.7,0,0.0,97618436.80000003
2025-08-01 10:23:05 AM,1314.7,1,1314.7,97619751.50000003
2025-08-01 10:23:11 AM,1314.6,0,0.0,97619751.50000003
2025-08-01 10:23:11 AM,1314.6,1,1314.6,97621066.10000002
2025-08-01 10:23:14 AM,1314.0,0,0.0,97621066.10000002
2025-08-01 10:23:14 AM,1314.0,10,13140.0,97634206.10000002
2025-08-01 10:23:17 AM,1313.7,6,7882.200000000001,97642088.30000003
2025-08-01 10:23:20 AM,1313.7,4,5254.8,97647343.10000002
2025-08-01 10:23:23 AM,1313.3,0,0.0,97647343.10000002
2025-08-01 10:23:23 AM,1313.3,24,31519.199999999997,97678862.30000003
2025-08-01 10:23:24 AM,1313.7,0,0.0,97678862.30000003
2025-08-01 10:23:26 AM,1313.5,0,0.0,97678862.30000003
2025-08-01 10:23:26 AM,1313.5,180,236430.0,97915292.30000003
2025-08-01 10:23:37 AM,1313.6,2,2627.2,97917919.50000003
2025-08-01 10:23:42 AM,1313.1,28,36766.799999999996,97954686.30000003
2025-08-01 10:23:44 AM,1313.6,0,0.0,97954686.30000003
2025-08-01 10:23:46 AM,1313.6,100,131360.0,98086046.30000003
2025-08-01 10:23:47 AM,1313.5,0,0.0,98086046.30000003
2025-08-01 10:23:48 AM,1313.5,100,131350.0,98217396.30000003
2025-08-01 10:23:50 AM,1313.6,0,0.0,98217396.30000003
2025-08-01 10:23:51 AM,1313.6,50,65680.0,98283076.30000003
2025-08-01 10:24:02 AM,1313.1,20,26262.0,98309338.30000003
2025-08-01 10:24:08 AM,1313.1,26,34140.6,98343478.90000002
2025-08-01 10:24:23 AM,1313.2,0,0.0,98343478.90000002
2025-08-01 10:24:25 AM,1313.2,1,1313.2,98344792.10000002
2025-08-01 10:24:30 AM,1313.2,20,26264.0,98371056.10000002
2025-08-01 10:24:37 AM,1313.5,0,0.0,98371056.10000002
2025-08-01 10:24:38 AM,1313.5,2,2627.0,98373683.10000002
2025-08-01 10:24:43 AM,1313.2,0,0.0,98373683.10000002
2025-08-01 10:24:43 AM,1313.2,1,1313.2,98374996.30000003
2025-08-01 10:24:48 AM,1313.1,0,0.0,98374996.30000003
2025-08-01 10:24:49 AM,1313.1,1,1313.1,98376309.40000002
2025-08-01 10:25:05 AM,1313.2,0,0.0,98376309.40000002
2025-08-01 10:25:05 AM,1313.2,1,1313.2,98377622.60000002
2025-08-01 10:25:09 AM,1313.1,0,0.0,98377622.60000002
2025-08-01 10:25:09 AM,1313.1,3,3939.2999999999997,98381561.90000002
2025-08-01 10:25:12 AM,1313.1,27,35453.7,98417015.60000002
2025-08-01 10:25:29 AM,1313.1,5,6565.5,98423581.10000002
2025-08-01 10:25:34 AM,1313.5,0,0.0,98423581.10000002
2025-08-01 10:25:34 AM,1313.5,10,13135.0,98436716.10000002
2025-08-01 10:25:38 AM,1313.5,19,24956.5,98461672.60000002
2025-08-01 10:25:54 AM,1313.2,0,0.0,98461672.60000002
2025-08-01 10:25:54 AM,1313.2,3,3939.6000000000004,98465612.20000002
2025-08-01 10:25:55 AM,1313.6,0,0.0,98465612.20000002
2025-08-01 10:25:56 AM,1313.6,2,2627.2,98468239.40000002
2025-08-01 10:25:59 AM,1313.9,7,9197.300000000001,98477436.70000002
2025-08-01 10:26:05 AM,1313.5,32,42032.0,98519468.70000002
2025-08-01 10:26:13 AM,1313.5,2,2627.0,98522095.70000002
2025-08-01 10:26:18 AM,1313.5,6,7881.0,98529976.70000002
2025-08-01 10:26:33 AM,1313.9,0,0.0,98529976.70000002
2025-08-01 10:26:33 AM,1313.9,3,3941.7000000000003,98533918.40000002
2025-08-01 10:26:36 AM,1313.9,1,1313.9,98535232.30000003
2025-08-01 10:26:39 AM,1313.9,36,47300.4,98582532.70000003
2025-08-01 10:26:47 AM,1313.9,2,2627.8,98585160.50000003
2025-08-01 10:26:51 AM,1312.5,893,1172062.5,99757223.00000003
2025-08-01 10:26:52 AM,1312.4,0,0.0,99757223.00000003
2025-08-01 10:26:53 AM,1312.4,11,14436.400000000001,99771659.40000004
2025-08-01 10:26:55 AM,1312.3,0,0.0,99771659.40000004
2025-08-01 10:26:56 AM,1312.3,5,6561.5,99778220.90000004
2025-08-01 10:26:58 AM,1312.0,0,0.0,99778220.90000004
2025-08-01 10:26:59 AM,1312.0,70,91840.0,99870060.90000004
2025-08-01 10:27:03 AM,1311.7,0,0.0,99870060.90000004
2025-08-01 10:27:05 AM,1311.7,67,87883.90000000001,99957944.80000004
2025-08-01 10:27:07 AM,1312.0,0,0.0,99957944.80000004
2025-08-01 10:27:08 AM,1311.7,117,153468.9,100111413.70000005
2025-08-01 10:27:12 AM,1311.6,0,0.0,100111413.70000005
2025-08-01 10:27:13 AM,1311.7,0,0.0,100111413.70000005
2025-08-01 10:27:13 AM,1311.7,97,127234.90000000001,100238648.60000005
2025-08-01 10:27:27 AM,1311.4,45,59013.00000000001,100297661.60000005
2025-08-01 10:27:33 AM,1311.7,0,0.0,100297661.60000005
2025-08-01 10:27:33 AM,1311.7,2,2623.4,100300285.00000006
2025-08-01 10:27:37 AM,1312.0,0,0.0,100300285.00000006
2025-08-01 10:27:38 AM,1312.0,1,1312.0,100301597.00000006
2025-08-01 10:27:53 AM,1312.7,0,0.0,100301597.00000006
2025-08-01 10:27:55 AM,1312.7,39,51195.3,100352792.30000006
2025-08-01 10:28:05 AM,1312.9,0,0.0,100352792.30000006
2025-08-01 10:28:05 AM,1312.9,1,1312.9,100354105.20000006
2025-08-01 10:28:07 AM,1313.0,0,0.0,100354105.20000006
2025-08-01 10:28:08 AM,1313.0,1,1313.0,100355418.20000006
2025-08-01 10:28:13 AM,1312.3,0,0.0,100355418.20000006
2025-08-01 10:28:13 AM,1312.3,6,7873.799999999999,100363292.00000006
2025-08-01 10:28:24 AM,1312.3,1,1312.3,100364604.30000006
2025-08-01 10:28:37 AM,1312.1,0,0.0,100364604.30000006
2025-08-01 10:28:38 AM,1312.4,0,0.0,100364604.30000006
2025-08-01 10:28:38 AM,1312.4,180,236232.00000000003,100600836.30000006
2025-08-01 10:28:58 AM,1311.9,0,0.0,100600836.30000006
2025-08-01 10:28:58 AM,1311.9,4,5247.6,100606083.90000005
2025-08-01 10:29:00 AM,1311.9,1,1311.9,100607395.80000006
2025-08-01 10:29:03 AM,1311.6,0,0.0,100607395.80000006
2025-08-01 10:29:03 AM,1311.6,31,40659.6,100648055.40000005
2025-08-01 10:29:07 AM,1311.9,0,0.0,100648055.40000005
2025-08-01 10:29:09 AM,1311.6,0,0.0,100648055.40000005
2025-08-01 10:29:09 AM,1311.6,7,9181.199999999999,100657236.60000005
2025-08-01 10:29:25 AM,1311.4,0,0.0,100657236.60000005
2025-08-01 10:29:26 AM,1311.4,100,131140.0,100788376.60000005
2025-08-01 10:29:37 AM,1312.1,15,19681.5,100808058.10000005
2025-08-01 10:29:39 AM,1311.5,0,0.0,100808058.10000005
2025-08-01 10:29:39 AM,1311.5,100,131150.0,100939208.10000005
2025-08-01 10:29:42 AM,1312.1,37,48547.7,100987755.80000006
2025-08-01 10:29:59 AM,1312.1,18,23617.8,101011373.60000005
2025-08-01 10:30:01 AM,1312.7,1,1312.7,101012686.30000006
2025-08-01 10:30:04 AM,1312.8,0,0.0,101012686.30000006
2025-08-01 10:30:04 AM,1312.8,8,10502.4,101023188.70000006
2025-08-01 10:30:13 AM,1312.8,32,42009.6,101065198.30000006
2025-08-01 10:30:16 AM,1312.8,186,244180.8,101309379.10000005
2025-08-01 10:30:29 AM,1312.3,0,0.0,101309379.10000005
2025-08-01 10:30:30 AM,1312.3,3,3936.8999999999996,101313316.00000006
2025-08-01 10:30:33 AM,1311.9,5,6559.5,101319875.50000006
2025-08-01 10:30:48 AM,1311.9,24,31485.600000000002,101351361.10000005
2025-08-01 10:31:07 AM,1312.1,10,13121.0,101364482.10000005
2025-08-01 10:31:11 AM,1312.8,414,543499.2,101907981.30000006
2025-08-01 10:31:16 AM,1313.0,0,0.0,101907981.30000006
2025-08-01 10:31:16 AM,1313.0,514,674882.0,102582863.30000006
2025-08-01 10:31:33 AM,1312.9,57,74835.3,102657698.60000005
2025-08-01 10:31:38 AM,1312.2,0,0.0,102657698.60000005
2025-08-01 10:31:39 AM,1312.2,50,65610.0,102723308.60000005
2025-08-01 10:31:42 AM,1312.8,0,0.0,102723308.60000005
2025-08-01 10:31:44 AM,1312.8,513,673466.4,103396775.00000006
2025-08-01 10:31:52 AM,1313.0,0,0.0,103396775.00000006
2025-08-01 10:31:53 AM,1313.0,1,1313.0,103398088.00000006
2025-08-01 10:31:58 AM,1312.8,0,0.0,103398088.00000006
2025-08-01 10:32:00 AM,1312.8,88,115526.4,103513614.40000007
2025-08-01 10:32:07 AM,1313.3,0,0.0,103513614.40000007
2025-08-01 10:32:09 AM,1313.3,2,2626.6,103516241.00000006
2025-08-01 10:32:16 AM,1313.1,1,1313.1,103517554.10000005
2025-08-01 10:32:53 AM,1313.1,60,78786.0,103596340.10000005
2025-08-01 10:32:56 AM,1313.1,501,657863.1,104254203.20000005
2025-08-01 10:32:57 AM,1314.5,0,0.0,104254203.20000005
2025-08-01 10:32:59 AM,1314.5,200,262900.0,104517103.20000005
2025-08-01 10:33:13 AM,1313.5,42,55167.0,104572270.20000005
2025-08-01 10:33:15 AM,1313.5,37,48599.5,104620869.70000005
2025-08-01 10:33:18 AM,1313.4,0,0.0,104620869.70000005
2025-08-01 10:33:18 AM,1313.4,30,39402.0,104660271.70000005
2025-08-01 10:33:26 AM,1313.8,5,6569.0,104666840.70000005
2025-08-01 10:33:29 AM,1313.4,4,5253.6,104672094.30000004
2025-08-01 10:33:35 AM,1313.4,6,7880.400000000001,104679974.70000005
2025-08-01 10:33:40 AM,1313.4,8,10507.2,104690481.90000005
2025-08-01 10:33:46 AM,1314.5,377,495566.5,105186048.40000005
2025-08-01 10:33:55 AM,1315.0,0,0.0,105186048.40000005
2025-08-01 10:33:57 AM,1315.0,2000,2630000.0,107816048.40000005
2025-08-01 10:33:59 AM,1314.3,0,0.0,107816048.40000005
2025-08-01 10:34:00 AM,1314.3,5,6571.5,107822619.90000005
2025-08-01 10:34:01 AM,1313.8,0,0.0,107822619.90000005
2025-08-01 10:34:03 AM,1313.9,0,0.0,107822619.90000005
2025-08-01 10:34:03 AM,1313.9,356,467748.4,108290368.30000006
2025-08-01 10:34:15 AM,1313.7,10,13137.0,108303505.30000006
2025-08-01 10:34:16 AM,1313.9,0,0.0,108303505.30000006
2025-08-01 10:34:16 AM,1313.9,166,218107.40000000002,108521612.70000006
2025-08-01 10:34:25 AM,1312.9,0,0.0,108521612.70000006
2025-08-01 10:34:26 AM,1312.9,1,1312.9,108522925.60000007
2025-08-01 10:34:33 AM,1313.2,26,34143.200000000004,108557068.80000007
2025-08-01 10:34:37 AM,1313.8,0,0.0,108557068.80000007
2025-08-01 10:34:37 AM,1313.8,34,44669.2,108601738.00000007
2025-08-01 10:34:39 AM,1314.5,6,7887.0,108609625.00000007
2025-08-01 10:34:52 AM,1313.8,0,0.0,108609625.00000007
2025-08-01 10:34:54 AM,1313.8,4,5255.2,108614880.20000008
2025-08-01 10:35:08 AM,1313.8,1,1313.8,108616194.00000007
2025-08-01 10:35:19 AM,1314.4,0,0.0,108616194.00000007
2025-08-01 10:35:19 AM,1314.4,18,23659.2,108639853.20000008
2025-08-01 10:35:24 AM,1314.1,0,0.0,108639853.20000008
2025-08-01 10:35:24 AM,1314.1,5,6570.5,108646423.70000008
2025-08-01 10:35:36 AM,1314.4,0,0.0,108646423.70000008
2025-08-01 10:35:36 AM,1314.4,3,3943.2000000000003,108650366.90000008
2025-08-01 10:35:39 AM,1314.1,0,0.0,108650366.90000008
2025-08-01 10:35:39 AM,1314.1,3,3942.2999999999997,108654309.20000008
2025-08-01 10:35:42 AM,1314.1,73,95929.29999999999,108750238.50000007
2025-08-01 10:35:53 AM,1314.0,46,60444.0,108810682.50000007
2025-08-01 10:36:06 AM,1313.5,0,0.0,108810682.50000007
2025-08-01 10:36:07 AM,1313.5,695,912882.5,109723565.00000007
2025-08-01 10:36:10 AM,1313.5,1305,1714117.5,111437682.50000007
2025-08-01 10:36:20 AM,1313.4,0,0.0,111437682.50000007
2025-08-01 10:36:21 AM,1313.4,216,283694.4,111721376.90000008
2025-08-01 10:36:28 AM,1313.0,0,0.0,111721376.90000008
2025-08-01 10:36:30 AM,1313.0,17,22321.0,111743697.90000008
2025-08-01 10:36:35 AM,1313.0,5,6565.0,111750262.90000008
2025-08-01 10:36:43 AM,1313.1,51,66968.09999999999,111817231.00000007
2025-08-01 10:36:52 AM,1313.4,71,93251.40000000001,111910482.40000008
2025-08-01 10:36:53 AM,1313.3,0,0.0,111910482.40000008
2025-08-01 10:36:53 AM,1313.3,1,1313.3,111911795.70000008
2025-08-01 10:36:57 AM,1314.0,260,341640.0,112253435.70000008
2025-08-01 10:37:13 AM,1313.4,0,0.0,112253435.70000008
2025-08-01 10:37:13 AM,1313.4,9,11820.6,112265256.30000007
2025-08-01 10:37:21 AM,1315.0,2039,2681285.0,114946541.30000007
2025-08-01 10:37:24 AM,1314.7,2,2629.4,114949170.70000008
2025-08-01 10:37:27 AM,1314.6,50,65730.0,115014900.70000008
2025-08-01 10:37:38 AM,1314.7,0,0.0,115014900.70000008
2025-08-01 10:37:38 AM,1314.7,42,55217.4,115070118.10000008
2025-08-01 10:37:44 AM,1314.7,9,11832.300000000001,115081950.40000008
2025-08-01 10:37:49 AM,1315.1,1,1315.1,115083265.50000007
2025-08-01 10:37:50 AM,1315.2,0,0.0,115083265.50000007
2025-08-01 10:37:52 AM,1315.2,1,1315.2,115084580.70000008
2025-08-01 10:38:02 AM,1315.7,0,0.0,115084580.70000008
2025-08-01 10:38:04 AM,1315.7,47,61837.9,115146418.60000008
2025-08-01 10:38:06 AM,1316.5,189,248818.5,115395237.10000008
2025-08-01 10:38:10 AM,1315.9,98,128958.20000000001,115524195.30000009
2025-08-01 10:38:14 AM,1316.6,0,0.0,115524195.30000009
2025-08-01 10:38:16 AM,1316.6,1,1316.6,115525511.90000008
2025-08-01 10:38:18 AM,1315.9,0,0.0,115525511.90000008
2025-08-01 10:38:19 AM,1315.9,12,15790.800000000001,115541302.70000008
2025-08-01 10:38:22 AM,1315.9,50,65795.0,115607097.70000008
2025-08-01 10:38:34 AM,1315.8,0,0.0,115607097.70000008
2025-08-01 10:38:34 AM,1315.7,467,614431.9,116221529.60000008
2025-08-01 10:38:37 AM,1315.3,2,2630.6,116224160.20000008
2025-08-01 10:38:40 AM,1315.3,396,520858.8,116745019.00000007
2025-08-01 10:38:42 AM,1314.7,0,0.0,116745019.00000007
2025-08-01 10:38:43 AM,1314.7,2083,2738520.1,119483539.10000007
2025-08-01 10:38:45 AM,1314.6,0,0.0,119483539.10000007
2025-08-01 10:38:46 AM,1314.6,37,48640.2,119532179.30000007
2025-08-01 10:38:48 AM,1313.5,0,0.0,119532179.30000007
2025-08-01 10:38:49 AM,1313.5,447,587134.5,120119313.80000007
2025-08-01 10:39:03 AM,1314.2,0,0.0,120119313.80000007
2025-08-01 10:39:05 AM,1314.2,2,2628.4,120121942.20000008
2025-08-01 10:39:25 AM,1314.2,27,35483.4,120157425.60000008
2025-08-01 10:39:44 AM,1314.2,4,5256.8,120162682.40000008
2025-08-01 10:39:53 AM,1313.4,118,154981.2,120317663.60000008
2025-08-01 10:39:54 AM,1313.8,0,0.0,120317663.60000008
2025-08-01 10:39:55 AM,1313.8,50,65690.0,120383353.60000008
2025-08-01 10:39:57 AM,1313.7,0,0.0,120383353.60000008
2025-08-01 10:39:58 AM,1313.7,3,3941.1000000000004,120387294.70000008
2025-08-01 10:40:04 AM,1313.2,63,82731.6,120470026.30000007
2025-08-01 10:40:08 AM,1313.1,0,0.0,120470026.30000007
2025-08-01 10:40:09 AM,1313.1,15,19696.5,120489722.80000007
2025-08-01 10:40:13 AM,1313.5,0,0.0,120489722.80000007
2025-08-01 10:40:15 AM,1313.5,9,11821.5,120501544.30000007
2025-08-01 10:40:23 AM,1313.5,11,14448.5,120515992.80000007
2025-08-01 10:40:28 AM,1313.6,0,0.0,120515992.80000007
2025-08-01 10:40:29 AM,1313.6,10,13136.0,120529128.80000007
2025-08-01 10:40:34 AM,1313.6,17,22331.199999999997,120551460.00000007
2025-08-01 10:40:37 AM,1313.6,18,23644.8,120575104.80000007
2025-08-01 10:40:40 AM,1313.7,0,0.0,120575104.80000007
2025-08-01 10:40:40 AM,1313.7,1205,1583008.5,122158113.30000007
2025-08-01 10:40:42 AM,1313.6,0,0.0,122158113.30000007
2025-08-01 10:40:43 AM,1314.2,14,18398.8,122176512.10000007
2025-08-01 10:40:44 AM,1313.5,0,0.0,122176512.10000007
2025-08-01 10:40:45 AM,1313.5,214,281089.0,122457601.10000007
2025-08-01 10:41:18 AM,1314.1,1,1314.1,122458915.20000006
2025-08-01 10:41:21 AM,1314.3,0,0.0,122458915.20000006
2025-08-01 10:41:22 AM,1314.3,54,70972.2,122529887.40000007
2025-08-01 10:41:38 AM,1313.7,0,0.0,122529887.40000007
2025-08-01 10:41:39 AM,1314.0,0,0.0,122529887.40000007
2025-08-01 10:41:39 AM,1314.0,7,9198.0,122539085.40000007
2025-08-01 10:41:50 AM,1313.5,0,0.0,122539085.40000007
2025-08-01 10:41:50 AM,1313.5,195,256132.5,122795217.90000007
2025-08-01 10:42:04 AM,1313.1,0,0.0,122795217.90000007
2025-08-01 10:42:06 AM,1313.1,35,45958.5,122841176.40000007
2025-08-01 10:42:12 AM,1313.3,0,0.0,122841176.40000007
2025-08-01 10:42:12 AM,1313.3,283,371663.89999999997,123212840.30000007
2025-08-01 10:42:19 AM,1313.8,0,0.0,123212840.30000007
2025-08-01 10:42:19 AM,1313.8,52,68317.59999999999,123281157.90000007
2025-08-01 10:42:28 AM,1313.5,0,0.0,123281157.90000007
2025-08-01 10:42:28 AM,1313.5,26,34151.0,123315308.90000007
2025-08-01 10:42:30 AM,1313.5,16,21016.0,123336324.90000007
2025-08-01 10:42:36 AM,1313.5,20,26270.0,123362594.90000007
2025-08-01 10:42:39 AM,1313.5,43,56480.5,123419075.40000007
2025-08-01 10:42:45 AM,1313.2,0,0.0,123419075.40000007
2025-08-01 10:42:45 AM,1313.2,1,1313.2,123420388.60000007
2025-08-01 10:42:47 AM,1313.2,7,9192.4,123429581.00000007
2025-08-01 10:42:51 AM,1313.5,40,52540.0,123482121.00000007
2025-08-01 10:43:07 AM,1313.2,5,6566.0,123488687.00000007
2025-08-01 10:43:15 AM,1313.5,0,0.0,123488687.00000007
2025-08-01 10:43:18 AM,1313.5,1,1313.5,123490000.50000007
2025-08-01 10:43:19 AM,1314.0,0,0.0,123490000.50000007
2025-08-01 10:43:20 AM,1314.0,500,657000.0,124147000.50000007
2025-08-01 10:43:23 AM,1313.8,0,0.0,124147000.50000007
2025-08-01 10:43:23 AM,1313.8,2,2627.6,124149628.10000007
2025-08-01 10:43:36 AM,1314.2,380,499396.0,124649024.10000007
2025-08-01 10:43:45 AM,1313.5,0,0.0,124649024.10000007
2025-08-01 10:43:45 AM,1313.5,43,56480.5,124705504.60000007
2025-08-01 10:43:52 AM,1314.0,31,40734.0,124746238.60000007
2025-08-01 10:44:00 AM,1314.2,3,3942.6000000000004,124750181.20000006
2025-08-01 10:44:02 AM,1313.6,5,6568.0,124756749.20000006
2025-08-01 10:44:27 AM,1313.5,0,0.0,124756749.20000006
2025-08-01 10:44:27 AM,1313.5,102,133977.0,124890726.20000006
2025-08-01 10:44:39 AM,1314.1,0,0.0,124890726.20000006
2025-08-01 10:44:40 AM,1314.1,2,2628.2,124893354.40000007
2025-08-01 10:44:43 AM,1313.5,0,0.0,124893354.40000007
2025-08-01 10:44:43 AM,1313.5,7,9194.5,124902548.90000007
2025-08-01 10:44:59 AM,1313.5,1,1313.5,124903862.40000007
2025-08-01 10:45:05 AM,1313.5,3,3940.5,124907802.90000007
2025-08-01 10:45:17 AM,1314.5,0,0.0,124907802.90000007
2025-08-01 10:45:19 AM,1314.5,111,145909.5,125053712.40000007
2025-08-01 10:45:21 AM,1314.5,12,15774.0,125069486.40000007
2025-08-01 10:45:24 AM,1314.0,0,0.0,125069486.40000007
2025-08-01 10:45:24 AM,1314.0,36,47304.0,125116790.40000007
2025-08-01 10:45:33 AM,1313.6,0,0.0,125116790.40000007
2025-08-01 10:45:35 AM,1313.6,17,22331.199999999997,125139121.60000007
2025-08-01 10:45:43 AM,1313.6,8,10508.8,125149630.40000007
2025-08-01 10:45:59 AM,1313.4,64,84057.6,125233688.00000006
2025-08-01 10:46:04 AM,1313.0,0,0.0,125233688.00000006
2025-08-01 10:46:05 AM,1313.0,81,106353.0,125340041.00000006
2025-08-01 10:46:13 AM,1313.0,101,132613.0,125472654.00000006
2025-08-01 10:46:15 AM,1312.9,0,0.0,125472654.00000006
2025-08-01 10:46:17 AM,1312.9,1,1312.9,125473966.90000007
2025-08-01 10:46:18 AM,1312.3,0,0.0,125473966.90000007
2025-08-01 10:46:19 AM,1312.3,9,11810.699999999999,125485777.60000007
2025-08-01 10:46:28 AM,1312.3,13,17059.899999999998,125502837.50000007
2025-08-01 10:46:34 AM,1312.0,76,99712.0,125602549.50000007
2025-08-01 10:46:41 AM,1311.7,1000,1311700.0,126914249.50000007
2025-08-01 10:46:44 AM,1312.0,0,0.0,126914249.50000007
2025-08-01 10:46:45 AM,1312.0,1,1312.0,126915561.50000007
2025-08-01 10:46:46 AM,1312.0,116,152192.0,127067753.50000007
2025-08-01 10:46:48 AM,1312.5,0,0.0,127067753.50000007
2025-08-01 10:46:50 AM,1312.5,74,97125.0,127164878.50000007
2025-08-01 10:47:08 AM,1312.0,0,0.0,127164878.50000007
2025-08-01 10:47:08 AM,1312.0,2,2624.0,127167502.50000007
2025-08-01 10:47:12 AM,1312.0,50,65600.0,127233102.50000007
2025-08-01 10:47:28 AM,1311.9,0,0.0,127233102.50000007
2025-08-01 10:47:28 AM,1311.9,6,7871.400000000001,127240973.90000008
2025-08-01 10:47:41 AM,1312.0,0,0.0,127240973.90000008
2025-08-01 10:47:41 AM,1312.0,2,2624.0,127243597.90000008
2025-08-01 10:47:44 AM,1312.0,2,2624.0,127246221.90000008
2025-08-01 10:47:52 AM,1312.6,0,0.0,127246221.90000008
2025-08-01 10:47:52 AM,1312.6,691,907006.6,128153228.50000007
2025-08-01 10:48:00 AM,1313.2,2,2626.4,128155854.90000008
2025-08-01 10:48:08 AM,1312.7,0,0.0,128155854.90000008
2025-08-01 10:48:08 AM,1312.7,91,119455.7,128275310.60000008
2025-08-01 10:48:13 AM,1312.6,21,27564.6,128302875.20000008
2025-08-01 10:48:16 AM,1312.6,1,1312.6,128304187.80000007
2025-08-01 10:48:18 AM,1312.5,0,0.0,128304187.80000007
2025-08-01 10:48:19 AM,1312.5,6,7875.0,128312062.80000007
2025-08-01 10:48:38 AM,1312.5,1,1312.5,128313375.30000007
2025-08-01 10:48:49 AM,1312.5,25,32812.5,128346187.80000007
2025-08-01 10:48:56 AM,1312.5,16,21000.0,128367187.80000007
2025-08-01 10:49:03 AM,1311.7,0,0.0,128367187.80000007
2025-08-01 10:49:06 AM,1311.7,5,6558.5,128373746.30000007
2025-08-01 10:49:07 AM,1311.8,1,1311.8,128375058.10000007
2025-08-01 10:49:11 AM,1311.8,8,10494.4,128385552.50000007
2025-08-01 10:49:17 AM,1311.8,100,131180.0,128516732.50000007
2025-08-01 10:49:18 AM,1311.8,3,3935.3999999999996,128520667.90000008
2025-08-01 10:49:33 AM,1311.1,212,277953.19999999995,128798621.10000008
2025-08-01 10:49:43 AM,1311.1,6,7866.599999999999,128806487.70000008
2025-08-01 10:49:47 AM,1311.6,0,0.0,128806487.70000008
2025-08-01 10:49:49 AM,1311.1,0,0.0,128806487.70000008
2025-08-01 10:49:49 AM,1311.1,44,57688.399999999994,128864176.10000008
2025-08-01 10:49:51 AM,1311.2,0,0.0,128864176.10000008
2025-08-01 10:49:54 AM,1311.2,4,5244.8,128869420.90000008
2025-08-01 10:49:59 AM,1311.2,2,2622.4,128872043.30000009
2025-08-01 10:50:02 AM,1311.3,3,3933.8999999999996,128875977.20000009
2025-08-01 10:50:29 AM,1311.5,40,52460.0,128928437.20000009
2025-08-01 10:50:30 AM,1311.5,65,85247.5,129013684.70000009
2025-08-01 10:50:33 AM,1311.5,3,3934.5,129017619.20000009
2025-08-01 10:50:40 AM,1311.3,30,39339.0,129056958.20000009
2025-08-01 10:50:43 AM,1311.3,6,7867.799999999999,129064826.00000009
2025-08-01 10:50:45 AM,1311.5,0,0.0,129064826.00000009
2025-08-01 10:50:45 AM,1311.5,10,13115.0,129077941.00000009
2025-08-01 10:50:48 AM,1311.3,9,11801.699999999999,129089742.70000009
2025-08-01 10:50:50 AM,1311.5,9,11803.5,129101546.20000009
2025-08-01 10:50:53 AM,1311.5,10,13115.0,129114661.20000009
2025-08-01 10:50:58 AM,1311.3,0,0.0,129114661.20000009
2025-08-01 10:50:58 AM,1311.3,5,6556.5,129121217.70000009
2025-08-01 10:51:00 AM,1311.5,0,0.0,129121217.70000009
2025-08-01 10:51:00 AM,1311.5,31,40656.5,129161874.20000009
2025-08-01 10:51:07 AM,1311.6,0,0.0,129161874.20000009
2025-08-01 10:51:07 AM,1311.8,285,373863.0,129535737.20000009
2025-08-01 10:51:11 AM,1311.9,0,0.0,129535737.20000009
2025-08-01 10:51:13 AM,1311.9,36,47228.4,129582965.6000001
2025-08-01 10:51:18 AM,1311.9,358,469660.2,130052625.8000001
2025-08-01 10:51:23 AM,1311.3,0,0.0,130052625.8000001
2025-08-01 10:51:23 AM,1311.3,484,634669.2,130687295.0000001
2025-08-01 10:51:27 AM,1311.6,0,0.0,130687295.0000001
2025-08-01 10:51:29 AM,1311.3,0,0.0,130687295.0000001
2025-08-01 10:51:29 AM,1311.3,4,5245.2,130692540.2000001
2025-08-01 10:51:31 AM,1311.6,0,0.0,130692540.2000001
2025-08-01 10:51:35 AM,1311.6,129,169196.4,130861736.60000011
2025-08-01 10:51:44 AM,1311.7,0,0.0,130861736.60000011
2025-08-01 10:51:46 AM,1311.7,64,83948.8,130945685.40000011
2025-08-01 10:51:53 AM,1312.0,0,0.0,130945685.40000011
2025-08-01 10:51:56 AM,1312.0,36,47232.0,130992917.40000011
2025-08-01 10:52:12 AM,1312.1,5,6560.5,130999477.90000011
2025-08-01 10:52:13 AM,1312.7,105,137833.5,131137311.40000011
2025-08-01 10:52:16 AM,1312.8,25,32820.0,131170131.40000011
2025-08-01 10:52:28 AM,1311.9,0,0.0,131170131.40000011
2025-08-01 10:52:28 AM,1311.9,5,6559.5,131176690.90000011
2025-08-01 10:52:32 AM,1311.9,4,5247.6,131181938.5000001
2025-08-01 10:52:43 AM,1311.9,12,15742.800000000001,131197681.3000001
2025-08-01 10:53:00 AM,1311.9,1,1311.9,131198993.2000001
2025-08-01 10:53:11 AM,1311.9,52,68218.8,131267212.0000001
2025-08-01 10:53:22 AM,1311.9,185,242701.50000000003,131509913.5000001
2025-08-01 10:53:33 AM,1312.0,0,0.0,131509913.5000001
2025-08-01 10:53:33 AM,1312.0,300,393600.0,131903513.5000001
2025-08-01 10:53:47 AM,1312.1,0,0.0,131903513.5000001
2025-08-01 10:53:48 AM,1312.1,51,66917.09999999999,131970430.6000001
2025-08-01 10:53:54 AM,1312.5,1,1312.5,131971743.1000001
2025-08-01 10:54:08 AM,1312.1,0,0.0,131971743.1000001
2025-08-01 10:54:10 AM,1312.1,1,1312.1,131973055.20000009
2025-08-01 10:54:16 AM,1312.1,10,13121.0,131986176.20000009
2025-08-01 10:54:24 AM,1312.6,0,0.0,131986176.20000009
2025-08-01 10:54:26 AM,1312.6,100,131260.0,132117436.20000009
2025-08-01 10:54:27 AM,1312.5,0,0.0,132117436.20000009
2025-08-01 10:54:27 AM,1312.5,210,275625.0,132393061.20000009
2025-08-01 10:54:42 AM,1312.0,47,61664.0,132454725.20000009
2025-08-01 10:54:57 AM,1311.7,0,0.0,132454725.20000009
2025-08-01 10:54:58 AM,1311.7,3,3935.1000000000004,132458660.30000009
2025-08-01 10:54:58 AM,1311.7,5,6558.5,132465218.80000009
2025-08-01 10:55:03 AM,1311.7,59,77390.3,132542609.10000008
2025-08-01 10:55:08 AM,1311.7,11,14428.7,132557037.80000009
2025-08-01 10:55:10 AM,1311.3,0,0.0,132557037.80000009
2025-08-01 10:55:13 AM,1311.3,21,27537.3,132584575.10000008
2025-08-01 10:55:24 AM,1311.3,11,14424.3,132598999.40000008
2025-08-01 10:55:30 AM,1311.3,6,7867.799999999999,132606867.20000008
2025-08-01 10:55:37 AM,1311.1,0,0.0,132606867.20000008
2025-08-01 10:55:41 AM,1311.1,244,319908.39999999997,132926775.60000008
2025-08-01 10:55:46 AM,1311.1,8,10488.8,132937264.40000008
2025-08-01 10:55:58 AM,1311.2,42,55070.4,132992334.80000009
2025-08-01 10:55:58 AM,1311.3,0,0.0,132992334.80000009
2025-08-01 10:56:02 AM,1311.3,20,26226.0,133018560.80000009
2025-08-01 10:56:03 AM,1311.3,40,52452.0,133071012.80000009
2025-08-01 10:56:05 AM,1311.4,0,0.0,133071012.80000009
2025-08-01 10:56:07 AM,1311.4,8,10491.2,133081504.00000009
2025-08-01 10:56:14 AM,1311.5,0,0.0,133081504.00000009
2025-08-01 10:56:17 AM,1311.2,0,0.0,133081504.00000009
2025-08-01 10:56:17 AM,1311.2,284,372380.8,133453884.80000009
2025-08-01 10:56:33 AM,1313.1,2549,3347091.9,136800976.70000008
2025-08-01 10:56:35 AM,1312.8,8,10502.4,136811479.10000008
2025-08-01 10:56:39 AM,1313.2,586,769535.2000000001,137581014.30000007
2025-08-01 10:56:44 AM,1315.9,297,390822.30000000005,137971836.60000008
2025-08-01 10:56:47 AM,1315.2,0,0.0,137971836.60000008
2025-08-01 10:56:49 AM,1315.6,0,0.0,137971836.60000008
2025-08-01 10:56:49 AM,1315.3,183,240699.9,138212536.5000001
2025-08-01 10:56:54 AM,1315.6,2,2631.2,138215167.70000008
2025-08-01 10:56:57 AM,1315.3,0,0.0,138215167.70000008
2025-08-01 10:57:00 AM,1315.3,54,71026.2,138286193.90000007
2025-08-01 10:57:02 AM,1315.2,31,40771.200000000004,138326965.10000005
2025-08-01 10:57:12 AM,1315.1,1,1315.1,138328280.20000005
2025-08-01 10:57:17 AM,1315.6,0,0.0,138328280.20000005
2025-08-01 10:57:17 AM,1315.6,96,126297.59999999999,138454577.80000004
2025-08-01 10:57:20 AM,1315.4,100,131540.0,138586117.80000004
2025-08-01 10:57:21 AM,1315.4,25,32885.0,138619002.80000004
2025-08-01 10:57:26 AM,1315.4,10,13154.0,138632156.80000004
2025-08-01 10:57:28 AM,1315.9,0,0.0,138632156.80000004
2025-08-01 10:57:28 AM,1315.9,1,1315.9,138633472.70000005
2025-08-01 10:57:32 AM,1315.2,34,44716.8,138678189.50000006
2025-08-01 10:57:33 AM,1315.9,0,0.0,138678189.50000006
2025-08-01 10:57:33 AM,1315.9,1,1315.9,138679505.40000007
2025-08-01 10:57:40 AM,1315.9,1,1315.9,138680821.30000007
2025-08-01 10:57:41 AM,1316.5,0,0.0,138680821.30000007
2025-08-01 10:57:41 AM,1316.5,500,658250.0,139339071.30000007
2025-08-01 10:57:46 AM,1315.1,100,131510.0,139470581.30000007
2025-08-01 10:57:50 AM,1315.0,0,0.0,139470581.30000007
2025-08-01 10:57:50 AM,1315.0,350,460250.0,139930831.30000007
2025-08-01 10:57:53 AM,1315.4,87,114439.8,140045271.10000008
2025-08-01 10:57:55 AM,1315.9,0,0.0,140045271.10000008
2025-08-01 10:57:55 AM,1315.9,2,2631.8,140047902.9000001
2025-08-01 10:57:57 AM,1315.6,15,19734.0,140067636.9000001
2025-08-01 10:58:03 AM,1316.0,0,0.0,140067636.9000001
2025-08-01 10:58:03 AM,1316.0,135,177660.0,140245296.9000001
2025-08-01 10:58:14 AM,1316.0,55,72380.0,140317676.9000001
2025-08-01 10:58:19 AM,1316.0,4,5264.0,140322940.9000001
2025-08-01 10:58:25 AM,1316.0,1,1316.0,140324256.9000001
2025-08-01 10:58:28 AM,1315.8,0,0.0,140324256.9000001
