date,price,qty,trnvr,cum_trnvr
2025-08-01 09:15:00 AM,727.75,505,367513.75,367513.75
2025-08-01 09:15:09 AM,727.75,116,84419.0,451932.75
2025-08-01 09:15:12 AM,727.75,124,90241.0,542173.75
2025-08-01 09:15:22 AM,727.75,195,141911.25,684085.0
2025-08-01 09:15:25 AM,726.6,0,0.0,684085.0
2025-08-01 09:15:29 AM,727.75,57,41481.75,725566.75
2025-08-01 09:15:31 AM,727.75,1080,785970.0,1511536.75
2025-08-01 09:15:32 AM,728.0,0,0.0,1511536.75
2025-08-01 09:15:37 AM,730.45,0,0.0,1511536.75
2025-08-01 09:15:38 AM,730.45,186,135863.7,1647400.45
2025-08-01 09:15:50 AM,727.5,0,0.0,1647400.45
2025-08-01 09:15:54 AM,727.5,100,72750.0,1720150.45
2025-08-01 09:15:59 AM,728.0,0,0.0,1720150.45
2025-08-01 09:16:02 AM,728.0,107,77896.0,1798046.45
2025-08-01 09:16:04 AM,726.5,295,214317.5,2012363.95
2025-08-01 09:16:07 AM,725.45,0,0.0,2012363.95
2025-08-01 09:16:11 AM,725.45,75,54408.75,2066772.7
2025-08-01 09:16:15 AM,726.25,0,0.0,2066772.7
2025-08-01 09:16:19 AM,726.25,34,24692.5,2091465.2
2025-08-01 09:16:35 AM,728.5,0,0.0,2091465.2
2025-08-01 09:16:35 AM,728.5,376,273916.0,2365381.2
2025-08-01 09:16:37 AM,729.0,17,12393.0,2377774.2
2025-08-01 09:16:43 AM,729.5,0,0.0,2377774.2
2025-08-01 09:16:44 AM,729.5,17,12401.5,2390175.7
2025-08-01 09:16:52 AM,728.45,17,12383.650000000001,2402559.35
2025-08-01 09:17:02 AM,728.95,0,0.0,2402559.35
2025-08-01 09:17:08 AM,728.95,4,2915.8,2405475.15
2025-08-01 09:17:17 AM,729.0,5,3645.0,2409120.15
2025-08-01 09:17:18 AM,729.0,5,3645.0,2412765.15
2025-08-01 09:17:33 AM,729.0,6,4374.0,2417139.15
2025-08-01 09:17:38 AM,727.7,0,0.0,2417139.15
2025-08-01 09:17:41 AM,727.7,100,72770.0,2489909.15
2025-08-01 09:17:50 AM,728.0,1,728.0,2490637.15
2025-08-01 09:18:31 AM,728.55,18,13113.9,2503751.05
2025-08-01 09:18:39 AM,728.0,20,14560.0,2518311.05
2025-08-01 09:18:41 AM,729.0,25,18225.0,2536536.05
2025-08-01 09:18:47 AM,729.0,10,7290.0,2543826.05
2025-08-01 09:18:50 AM,728.8,0,0.0,2543826.05
2025-08-01 09:18:56 AM,729.95,29,21168.550000000003,2564994.5999999996
2025-08-01 09:19:46 AM,729.5,0,0.0,2564994.5999999996
2025-08-01 09:19:52 AM,729.5,2,1459.0,2566453.5999999996
2025-08-01 09:20:07 AM,730.0,0,0.0,2566453.5999999996
2025-08-01 09:20:08 AM,730.0,137,100010.0,2666463.5999999996
2025-08-01 09:21:20 AM,730.0,52,37960.0,2704423.5999999996
2025-08-01 09:21:35 AM,730.0,21,15330.0,2719753.5999999996
2025-08-01 09:21:58 AM,730.25,84,61341.0,2781094.5999999996
2025-08-01 09:22:06 AM,732.0,185,135420.0,2916514.5999999996
2025-08-01 09:22:07 AM,732.7,0,0.0,2916514.5999999996
2025-08-01 09:22:10 AM,734.0,0,0.0,2916514.5999999996
2025-08-01 09:22:12 AM,734.0,200,146800.0,3063314.5999999996
2025-08-01 09:22:27 AM,733.35,82,60134.700000000004,3123449.3
2025-08-01 09:23:04 AM,733.4,0,0.0,3123449.3
2025-08-01 09:23:05 AM,733.4,1,733.4,3124182.6999999997
2025-08-01 09:23:23 AM,731.5,0,0.0,3124182.6999999997
2025-08-01 09:23:29 AM,732.0,186,136152.0,3260334.6999999997
2025-08-01 09:23:55 AM,731.05,0,0.0,3260334.6999999997
2025-08-01 09:23:59 AM,731.05,1,731.05,3261065.7499999995
2025-08-01 09:24:39 AM,731.45,93,68024.85,3329090.5999999996
2025-08-01 09:25:06 AM,729.25,0,0.0,3329090.5999999996
2025-08-01 09:25:07 AM,729.25,81,59069.25,3388159.8499999996
2025-08-01 09:25:31 AM,729.5,0,0.0,3388159.8499999996
2025-08-01 09:25:32 AM,729.5,1,729.5,3388889.3499999996
2025-08-01 09:26:53 AM,729.75,3,2189.25,3391078.5999999996
2025-08-01 09:26:57 AM,729.05,0,0.0,3391078.5999999996
2025-08-01 09:27:01 AM,729.05,1,729.05,3391807.6499999994
2025-08-01 09:27:08 AM,729.05,26,18955.3,3410762.9499999993
2025-08-01 09:28:24 AM,729.75,1,729.75,3411492.6999999993
2025-08-01 09:29:25 AM,729.8,0,0.0,3411492.6999999993
2025-08-01 09:29:26 AM,729.8,2,1459.6,3412952.2999999993
2025-08-01 09:29:55 AM,730.95,25,18273.75,3431226.0499999993
2025-08-01 09:30:08 AM,731.6,0,0.0,3431226.0499999993
2025-08-01 09:30:10 AM,731.6,3,2194.8,3433420.849999999
2025-08-01 09:30:22 AM,731.95,0,0.0,3433420.849999999
2025-08-01 09:30:25 AM,731.95,1,731.95,3434152.7999999993
2025-08-01 09:31:01 AM,731.95,5,3659.75,3437812.5499999993
2025-08-01 09:31:16 AM,731.35,10,7313.5,3445126.0499999993
2025-08-01 09:31:45 AM,731.95,20,14639.0,3459765.0499999993
2025-08-01 09:32:13 AM,732.05,33,24157.649999999998,3483922.6999999993
2025-08-01 09:32:27 AM,734.0,0,0.0,3483922.6999999993
2025-08-01 09:32:27 AM,734.0,115,84410.0,3568332.6999999993
2025-08-01 09:32:33 AM,735.1,0,0.0,3568332.6999999993
2025-08-01 09:32:34 AM,735.1,195,143344.5,3711677.1999999993
2025-08-01 09:32:45 AM,737.3,0,0.0,3711677.1999999993
2025-08-01 09:32:48 AM,737.3,78,57509.399999999994,3769186.599999999
2025-08-01 09:32:51 AM,738.65,0,0.0,3769186.599999999
2025-08-01 09:32:55 AM,738.2,479,353597.80000000005,4122784.3999999994
2025-08-01 09:32:57 AM,735.75,0,0.0,4122784.3999999994
2025-08-01 09:33:02 AM,735.75,66,48559.5,4171343.8999999994
2025-08-01 09:33:09 AM,733.45,99,72611.55,4243955.449999999
2025-08-01 09:33:14 AM,733.15,0,0.0,4243955.449999999
2025-08-01 09:33:16 AM,733.15,1,733.15,4244688.6
2025-08-01 09:33:34 AM,733.8,0,0.0,4244688.6
2025-08-01 09:33:36 AM,733.8,1,733.8,4245422.399999999
2025-08-01 09:34:14 AM,732.55,0,0.0,4245422.399999999
2025-08-01 09:34:18 AM,732.55,56,41022.799999999996,4286445.199999999
2025-08-01 09:35:28 AM,732.15,21,15375.15,4301820.35
2025-08-01 09:36:39 AM,731.8,0,0.0,4301820.35
2025-08-01 09:36:41 AM,731.8,2,1463.6,4303283.949999999
2025-08-01 09:36:48 AM,731.75,2,1463.5,4304747.449999999
2025-08-01 09:36:59 AM,732.0,0,0.0,4304747.449999999
2025-08-01 09:37:01 AM,732.0,94,68808.0,4373555.449999999
2025-08-01 09:38:08 AM,730.25,0,0.0,4373555.449999999
2025-08-01 09:38:10 AM,730.25,115,83978.75,4457534.199999999
2025-08-01 09:39:50 AM,730.55,5,3652.75,4461186.949999999
2025-08-01 09:40:26 AM,730.2,0,0.0,4461186.949999999
2025-08-01 09:40:29 AM,730.2,2,1460.4,4462647.35
2025-08-01 09:40:36 AM,730.2,3,2190.6000000000004,4464837.949999999
2025-08-01 09:41:07 AM,730.25,0,0.0,4464837.949999999
2025-08-01 09:41:09 AM,730.25,8,5842.0,4470679.949999999
2025-08-01 09:42:03 AM,730.95,0,0.0,4470679.949999999
2025-08-01 09:42:08 AM,730.95,4,2923.8,4473603.749999999
2025-08-01 09:46:05 AM,730.3,0,0.0,4473603.749999999
2025-08-01 09:46:09 AM,730.05,0,0.0,4473603.749999999
2025-08-01 09:46:10 AM,730.05,40,29202.0,4502805.749999999
2025-08-01 09:47:19 AM,730.0,0,0.0,4502805.749999999
2025-08-01 09:47:19 AM,730.0,2,1460.0,4504265.749999999
2025-08-01 09:47:43 AM,729.75,0,0.0,4504265.749999999
2025-08-01 09:47:45 AM,729.75,8,5838.0,4510103.749999999
2025-08-01 09:48:01 AM,732.15,0,0.0,4510103.749999999
2025-08-01 09:48:01 AM,732.15,1348,986938.2,5497041.949999999
2025-08-01 09:49:09 AM,734.7,15,11020.5,5508062.449999999
2025-08-01 09:49:54 AM,735.0,0,0.0,5508062.449999999
2025-08-01 09:49:55 AM,735.0,353,259455.0,5767517.449999999
2025-08-01 09:49:58 AM,734.65,0,0.0,5767517.449999999
2025-08-01 09:49:59 AM,734.65,452,332061.8,6099579.249999999
2025-08-01 09:50:05 AM,733.9,1,733.9,6100313.149999999
2025-08-01 09:51:11 AM,734.15,64,46985.6,6147298.749999999
2025-08-01 09:51:12 AM,733.8,0,0.0,6147298.749999999
2025-08-01 09:51:15 AM,733.8,13,9539.4,6156838.149999999
2025-08-01 09:51:17 AM,734.55,1,734.55,6157572.699999999
2025-08-01 09:51:20 AM,733.9,0,0.0,6157572.699999999
2025-08-01 09:51:21 AM,733.9,1,733.9,6158306.6
2025-08-01 09:51:33 AM,733.85,0,0.0,6158306.6
2025-08-01 09:51:34 AM,733.85,2,1467.7,6159774.3
2025-08-01 09:51:42 AM,733.8,0,0.0,6159774.3
2025-08-01 09:51:43 AM,733.8,10,7338.0,6167112.3
2025-08-01 09:51:44 AM,733.7,0,0.0,6167112.3
2025-08-01 09:51:46 AM,733.7,10,7337.0,6174449.3
2025-08-01 09:51:48 AM,734.0,0,0.0,6174449.3
2025-08-01 09:51:49 AM,734.0,98,71932.0,6246381.3
2025-08-01 09:51:50 AM,733.5,0,0.0,6246381.3
2025-08-01 09:51:53 AM,733.5,100,73350.0,6319731.3
2025-08-01 09:51:57 AM,734.05,0,0.0,6319731.3
2025-08-01 09:51:59 AM,734.05,102,74873.09999999999,6394604.399999999
2025-08-01 09:53:26 AM,735.1,0,0.0,6394604.399999999
2025-08-01 09:53:27 AM,735.1,2,1470.2,6396074.6
2025-08-01 09:55:37 AM,735.4,0,0.0,6396074.6
2025-08-01 09:55:38 AM,735.4,11,8089.4,6404164.0
2025-08-01 09:56:09 AM,738.45,540,398763.0,6802927.0
2025-08-01 09:56:21 AM,737.0,0,0.0,6802927.0
2025-08-01 09:56:21 AM,737.0,138,101706.0,6904633.0
2025-08-01 09:56:43 AM,736.15,0,0.0,6904633.0
2025-08-01 09:56:44 AM,736.15,47,34599.049999999996,6939232.05
2025-08-01 09:58:04 AM,735.15,0,0.0,6939232.05
2025-08-01 09:58:04 AM,735.15,27,19849.05,6959081.1
2025-08-01 09:58:08 AM,735.8,9,6622.2,6965703.3
2025-08-01 09:58:16 AM,735.05,11,8085.549999999999,6973788.85
2025-08-01 09:58:25 AM,735.55,0,0.0,6973788.85
2025-08-01 09:58:26 AM,735.55,22,16182.099999999999,6989970.949999999
2025-08-01 10:00:12 AM,735.05,0,0.0,6989970.949999999
2025-08-01 10:00:14 AM,735.05,28,20581.399999999998,7010552.35
2025-08-01 10:00:24 AM,735.25,5,3676.25,7014228.6
2025-08-01 10:02:44 AM,737.0,0,0.0,7014228.6
2025-08-01 10:02:45 AM,737.0,12,8844.0,7023072.6
2025-08-01 10:03:49 AM,736.95,0,0.0,7023072.6
2025-08-01 10:03:49 AM,736.95,169,124544.55,7147617.149999999
2025-08-01 10:04:21 AM,736.85,0,0.0,7147617.149999999
2025-08-01 10:04:22 AM,736.85,6,4421.1,7152038.249999999
2025-08-01 10:05:14 AM,736.35,0,0.0,7152038.249999999
2025-08-01 10:05:16 AM,736.35,1,736.35,7152774.599999999
2025-08-01 10:06:40 AM,735.65,0,0.0,7152774.599999999
2025-08-01 10:06:40 AM,735.65,19,13977.35,7166751.949999998
2025-08-01 10:06:45 AM,735.25,0,0.0,7166751.949999998
2025-08-01 10:06:46 AM,735.25,4,2941.0,7169692.949999998
2025-08-01 10:07:47 AM,736.05,0,0.0,7169692.949999998
2025-08-01 10:07:48 AM,736.05,3,2208.1499999999996,7171901.099999999
2025-08-01 10:08:01 AM,735.0,0,0.0,7171901.099999999
2025-08-01 10:08:02 AM,735.0,194,142590.0,7314491.099999999
2025-08-01 10:10:10 AM,736.0,2,1472.0,7315963.099999999
2025-08-01 10:14:08 AM,736.05,0,0.0,7315963.099999999
2025-08-01 10:14:11 AM,736.05,10,7360.5,7323323.599999999
2025-08-01 10:14:46 AM,736.65,16,11786.4,7335109.999999999
2025-08-01 10:17:07 AM,736.0,0,0.0,7335109.999999999
2025-08-01 10:17:11 AM,736.0,1,736.0,7335845.999999999
2025-08-01 10:17:40 AM,735.7,0,0.0,7335845.999999999
2025-08-01 10:17:40 AM,735.7,2,1471.4,7337317.399999999
2025-08-01 10:19:58 AM,736.0,10,7360.0,7344677.399999999
2025-08-01 10:21:59 AM,735.3,0,0.0,7344677.399999999
2025-08-01 10:21:59 AM,735.3,6,4411.799999999999,7349089.199999999
2025-08-01 10:25:14 AM,735.3,15,11029.5,7360118.699999999
2025-08-01 10:26:24 AM,735.25,0,0.0,7360118.699999999
2025-08-01 10:26:24 AM,735.25,2,1470.5,7361589.199999999
2025-08-01 10:26:33 AM,734.7,0,0.0,7361589.199999999
2025-08-01 10:26:36 AM,734.7,20,14694.0,7376283.199999999
2025-08-01 10:30:01 AM,735.65,1,735.65,7377018.85
2025-08-01 10:31:32 AM,735.75,3,2207.25,7379226.1
2025-08-01 10:33:39 AM,735.5,2,1471.0,7380697.1
2025-08-01 10:34:22 AM,734.95,2,1469.9,7382167.0
2025-08-01 10:39:00 AM,735.9,0,0.0,7382167.0
2025-08-01 10:39:02 AM,735.9,12,8830.8,7390997.8
2025-08-01 10:39:03 AM,735.75,0,0.0,7390997.8
2025-08-01 10:39:04 AM,735.75,5,3678.75,7394676.55
2025-08-01 10:41:05 AM,735.7,0,0.0,7394676.55
2025-08-01 10:41:07 AM,735.7,10,7357.0,7402033.55
2025-08-01 10:46:03 AM,734.65,0,0.0,7402033.55
2025-08-01 10:46:03 AM,734.65,24,17631.6,7419665.149999999
2025-08-01 10:49:41 AM,734.7,0,0.0,7419665.149999999
2025-08-01 10:49:41 AM,734.7,21,15428.7,7435093.85
2025-08-01 10:50:32 AM,735.4,0,0.0,7435093.85
2025-08-01 10:50:35 AM,735.4,3,2206.2,7437300.05
2025-08-01 10:54:22 AM,734.6,0,0.0,7437300.05
2025-08-01 10:54:23 AM,734.6,1,734.6,7438034.649999999
2025-08-01 10:56:04 AM,734.6,1,734.6,7438769.249999999
2025-08-01 10:56:30 AM,735.3,0,0.0,7438769.249999999
2025-08-01 10:56:30 AM,735.3,1,735.3,7439504.549999999
2025-08-01 10:58:40 AM,735.55,0,0.0,7439504.549999999
2025-08-01 10:58:43 AM,735.55,10,7355.5,7446860.049999999
2025-08-01 11:09:30 AM,735.0,0,0.0,7446860.049999999
2025-08-01 11:09:30 AM,735.0,1,735.0,7447595.049999999
2025-08-01 11:10:43 AM,734.55,15,11018.25,7458613.299999999
2025-08-01 11:10:56 AM,733.45,0,0.0,7458613.299999999
2025-08-01 11:11:00 AM,733.45,2,1466.9,7460080.199999999
2025-08-01 11:11:16 AM,733.1,150,109965.0,7570045.199999999
2025-08-01 11:12:44 AM,734.15,0,0.0,7570045.199999999
2025-08-01 11:12:47 AM,734.15,10,7341.5,7577386.699999999
2025-08-01 11:14:33 AM,733.75,0,0.0,7577386.699999999
2025-08-01 11:14:35 AM,733.75,12,8805.0,7586191.699999999
2025-08-01 11:15:37 AM,734.55,0,0.0,7586191.699999999
2025-08-01 11:15:39 AM,734.55,4,2938.2,7589129.899999999
2025-08-01 11:16:11 AM,734.75,5,3673.75,7592803.649999999
2025-08-01 11:16:13 AM,733.85,0,0.0,7592803.649999999
2025-08-01 11:16:15 AM,733.85,39,28620.15,7621423.8
2025-08-01 11:18:37 AM,733.1,0,0.0,7621423.8
2025-08-01 11:18:40 AM,733.1,2,1466.2,7622890.0
2025-08-01 11:20:50 AM,733.9,0,0.0,7622890.0
2025-08-01 11:20:51 AM,733.9,3,2201.7,7625091.7
2025-08-01 11:21:26 AM,733.85,0,0.0,7625091.7
2025-08-01 11:21:28 AM,733.85,1,733.85,7625825.55
2025-08-01 11:24:23 AM,733.15,0,0.0,7625825.55
2025-08-01 11:24:24 AM,733.15,2,1466.3,7627291.85
2025-08-01 11:25:34 AM,733.85,0,0.0,7627291.85
2025-08-01 11:25:38 AM,733.85,1,733.85,7628025.699999999
2025-08-01 11:28:34 AM,732.9,0,0.0,7628025.699999999
2025-08-01 11:28:35 AM,732.9,10,7329.0,7635354.699999999
2025-08-01 11:30:11 AM,733.6,0,0.0,7635354.699999999
2025-08-01 11:30:11 AM,733.6,32,23475.2,7658829.899999999
2025-08-01 11:30:15 AM,735.95,0,0.0,7658829.899999999
2025-08-01 11:30:17 AM,735.95,190,139830.5,7798660.399999999
2025-08-01 11:30:19 AM,736.35,0,0.0,7798660.399999999
2025-08-01 11:30:21 AM,737.05,0,0.0,7798660.399999999
2025-08-01 11:30:22 AM,737.05,38,28007.899999999998,7826668.3
2025-08-01 11:30:31 AM,738.0,0,0.0,7826668.3
2025-08-01 11:30:32 AM,738.0,242,178596.0,8005264.3
2025-08-01 11:30:41 AM,735.25,0,0.0,8005264.3
2025-08-01 11:30:41 AM,735.25,539,396299.75,8401564.05
2025-08-01 11:30:51 AM,736.25,130,95712.5,8497276.55
2025-08-01 11:31:01 AM,737.55,19,14013.449999999999,8511290.0
2025-08-01 11:31:11 AM,737.65,0,0.0,8511290.0
2025-08-01 11:31:11 AM,737.65,20,14753.0,8526043.0
2025-08-01 11:31:21 AM,738.0,0,0.0,8526043.0
2025-08-01 11:31:21 AM,738.0,28,20664.0,8546707.0
2025-08-01 11:31:33 AM,733.75,0,0.0,8546707.0
2025-08-01 11:31:34 AM,733.15,0,0.0,8546707.0
2025-08-01 11:31:35 AM,733.15,337,247071.55,8793778.55
2025-08-01 11:31:59 AM,733.0,0,0.0,8793778.55
2025-08-01 11:32:00 AM,733.0,157,115081.0,8908859.55
2025-08-01 11:34:59 AM,732.55,0,0.0,8908859.55
2025-08-01 11:35:01 AM,732.55,23,16848.649999999998,8925708.200000001
2025-08-01 11:35:08 AM,732.05,0,0.0,8925708.200000001
2025-08-01 11:35:12 AM,732.05,19,13908.949999999999,8939617.15
2025-08-01 11:40:54 AM,730.6,0,0.0,8939617.15
2025-08-01 11:40:58 AM,730.6,1,730.6,8940347.75
2025-08-01 11:41:23 AM,730.6,1,730.6,8941078.35
2025-08-01 11:48:38 AM,730.3,0,0.0,8941078.35
2025-08-01 11:48:39 AM,730.3,5,3651.5,8944729.85
2025-08-01 11:54:04 AM,730.3,12,8763.599999999999,8953493.45
2025-08-01 11:54:27 AM,730.6,0,0.0,8953493.45
2025-08-01 11:54:30 AM,730.6,2,1461.2,8954954.649999999
2025-08-01 11:57:19 AM,730.55,0,0.0,8954954.649999999
2025-08-01 11:57:21 AM,730.55,2,1461.1,8956415.749999998
2025-08-01 12:00:41 PM,731.1,0,0.0,8956415.749999998
2025-08-01 12:00:43 PM,731.1,5,3655.5,8960071.249999998
2025-08-01 12:00:48 PM,730.45,3,2191.3500000000004,8962262.599999998
2025-08-01 12:00:49 PM,730.5,0,0.0,8962262.599999998
2025-08-01 12:00:50 PM,730.5,1,730.5,8962993.099999998
2025-08-01 12:00:54 PM,730.45,0,0.0,8962993.099999998
2025-08-01 12:00:55 PM,730.45,100,73045.0,9036038.099999998
2025-08-01 12:01:05 PM,730.05,1,730.05,9036768.149999999
2025-08-01 12:01:16 PM,730.0,0,0.0,9036768.149999999
2025-08-01 12:01:18 PM,730.0,7,5110.0,9041878.149999999
2025-08-01 12:04:49 PM,729.5,17,12401.5,9054279.649999999
2025-08-01 12:05:44 PM,729.0,0,0.0,9054279.649999999
2025-08-01 12:05:45 PM,729.0,2,1458.0,9055737.649999999
2025-08-01 12:06:00 PM,728.7,0,0.0,9055737.649999999
2025-08-01 12:06:01 PM,728.7,10,7287.0,9063024.649999999
2025-08-01 12:06:18 PM,728.5,0,0.0,9063024.649999999
2025-08-01 12:06:20 PM,728.5,1,728.5,9063753.149999999
2025-08-01 12:06:36 PM,728.4,10,7284.0,9071037.149999999
2025-08-01 12:12:18 PM,729.05,0,0.0,9071037.149999999
2025-08-01 12:12:18 PM,729.05,2,1458.1,9072495.249999998
2025-08-01 12:13:24 PM,729.65,0,0.0,9072495.249999998
2025-08-01 12:13:24 PM,729.65,100,72965.0,9145460.249999998
2025-08-01 12:13:28 PM,730.0,0,0.0,9145460.249999998
2025-08-01 12:13:29 PM,730.0,200,146000.0,9291460.249999998
2025-08-01 12:13:42 PM,730.95,0,0.0,9291460.249999998
2025-08-01 12:13:44 PM,730.95,100,73095.0,9364555.249999998
2025-08-01 12:13:52 PM,731.35,0,0.0,9364555.249999998
2025-08-01 12:13:54 PM,731.35,100,73135.0,9437690.249999998
2025-08-01 12:14:14 PM,730.8,0,0.0,9437690.249999998
2025-08-01 12:14:14 PM,730.8,20,14616.0,9452306.249999998
2025-08-01 12:14:15 PM,730.8,13,9500.4,9461806.649999999
2025-08-01 12:14:30 PM,731.3,0,0.0,9461806.649999999
2025-08-01 12:14:34 PM,731.3,4,2925.2,9464731.849999998
2025-08-01 12:14:36 PM,730.8,0,0.0,9464731.849999998
2025-08-01 12:14:39 PM,730.8,23,16808.399999999998,9481540.249999998
2025-08-01 12:16:45 PM,731.0,21,15351.0,9496891.249999998
2025-08-01 12:19:53 PM,730.2,0,0.0,9496891.249999998
2025-08-01 12:19:57 PM,730.2,23,16794.600000000002,9513685.849999998
2025-08-01 12:21:07 PM,730.6,0,0.0,9513685.849999998
2025-08-01 12:21:10 PM,730.6,31,22648.600000000002,9536334.449999997
2025-08-01 12:21:38 PM,730.15,0,0.0,9536334.449999997
2025-08-01 12:21:38 PM,730.15,2,1460.3,9537794.749999998
2025-08-01 12:24:17 PM,731.3,0,0.0,9537794.749999998
2025-08-01 12:24:19 PM,731.3,45,32908.5,9570703.249999998
2025-08-01 12:24:36 PM,729.95,0,0.0,9570703.249999998
2025-08-01 12:24:38 PM,729.95,3,2189.8500000000004,9572893.099999998
2025-08-01 12:28:50 PM,729.7,1,729.7,9573622.799999997
2025-08-01 12:30:44 PM,729.15,0,0.0,9573622.799999997
2025-08-01 12:30:44 PM,729.15,15,10937.25,9584560.049999997
2025-08-01 12:36:08 PM,729.2,0,0.0,9584560.049999997
2025-08-01 12:36:08 PM,729.2,2,1458.4,9586018.449999997
2025-08-01 12:36:39 PM,729.2,1,729.2,9586747.649999997
2025-08-01 12:37:27 PM,729.75,0,0.0,9586747.649999997
2025-08-01 12:37:29 PM,729.75,1,729.75,9587477.399999997
2025-08-01 12:38:15 PM,729.5,2,1459.0,9588936.399999997
2025-08-01 12:39:07 PM,729.5,8,5836.0,9594772.399999997
2025-08-01 12:40:48 PM,729.2,0,0.0,9594772.399999997
2025-08-01 12:40:49 PM,729.2,2,1458.4,9596230.799999997
2025-08-01 12:41:00 PM,729.2,1,729.2,9596959.999999996
2025-08-01 12:43:26 PM,729.2,30,21876.0,9618835.999999996
2025-08-01 12:43:30 PM,726.7,0,0.0,9618835.999999996
2025-08-01 12:43:32 PM,726.7,144,104644.8,9723480.799999997
2025-08-01 12:43:33 PM,725.0,0,0.0,9723480.799999997
2025-08-01 12:43:37 PM,725.0,98,71050.0,9794530.799999997
2025-08-01 12:43:38 PM,725.0,9,6525.0,9801055.799999997
2025-08-01 12:43:43 PM,725.0,20,14500.0,9815555.799999997
2025-08-01 12:43:54 PM,725.0,1,725.0,9816280.799999997
2025-08-01 12:44:05 PM,725.0,1,725.0,9817005.799999997
2025-08-01 12:44:37 PM,724.8,1,724.8,9817730.599999998
2025-08-01 12:45:34 PM,724.8,25,18120.0,9835850.599999998
2025-08-01 12:45:40 PM,724.5,0,0.0,9835850.599999998
2025-08-01 12:45:44 PM,724.5,1,724.5,9836575.099999998
2025-08-01 12:45:58 PM,724.0,0,0.0,9836575.099999998
2025-08-01 12:45:59 PM,724.0,1,724.0,9837299.099999998
2025-08-01 12:47:54 PM,724.75,0,0.0,9837299.099999998
2025-08-01 12:47:55 PM,724.75,9,6522.75,9843821.849999998
2025-08-01 12:49:08 PM,725.25,0,0.0,9843821.849999998
2025-08-01 12:49:10 PM,725.25,16,11604.0,9855425.849999998
2025-08-01 12:49:22 PM,725.2,0,0.0,9855425.849999998
2025-08-01 12:49:25 PM,725.2,2,1450.4,9856876.249999998
2025-08-01 12:50:34 PM,725.15,0,0.0,9856876.249999998
2025-08-01 12:50:36 PM,725.15,1,725.15,9857601.399999999
2025-08-01 12:50:38 PM,725.2,0,0.0,9857601.399999999
2025-08-01 12:50:42 PM,725.2,2,1450.4,9859051.799999999
2025-08-01 12:50:44 PM,725.8,0,0.0,9859051.799999999
2025-08-01 12:50:47 PM,725.8,80,58064.0,9917115.799999999
2025-08-01 12:50:48 PM,727.3,0,0.0,9917115.799999999
2025-08-01 12:50:52 PM,727.3,2,1454.6,9918570.399999999
2025-08-01 12:50:53 PM,727.2,1,727.2,9919297.599999998
2025-08-01 12:50:58 PM,728.3,0,0.0,9919297.599999998
2025-08-01 12:50:59 PM,728.3,37,26947.1,9946244.699999997
2025-08-01 12:51:04 PM,728.9,50,36445.0,9982689.699999997
2025-08-01 12:51:06 PM,725.2,0,0.0,9982689.699999997
2025-08-01 12:51:07 PM,725.2,117,84848.40000000001,10067538.099999998
2025-08-01 12:51:08 PM,726.0,0,0.0,10067538.099999998
2025-08-01 12:51:09 PM,726.0,3,2178.0,10069716.099999998
2025-08-01 12:51:14 PM,726.1,2,1452.2,10071168.299999997
2025-08-01 12:51:19 PM,726.1,2,1452.2,10072620.499999996
2025-08-01 12:51:25 PM,726.1,1,726.1,10073346.599999996
2025-08-01 12:51:29 PM,726.1,24,17426.4,10090772.999999996
2025-08-01 12:51:34 PM,726.35,0,0.0,10090772.999999996
2025-08-01 12:51:34 PM,726.35,1,726.35,10091499.349999996
2025-08-01 12:51:39 PM,726.35,2,1452.7,10092952.049999995
2025-08-01 12:51:44 PM,726.35,2,1452.7,10094404.749999994
2025-08-01 12:51:49 PM,726.35,3,2179.05,10096583.799999995
2025-08-01 12:51:54 PM,726.35,1,726.35,10097310.149999995
2025-08-01 12:51:59 PM,726.35,3,2179.05,10099489.199999996
2025-08-01 12:52:04 PM,726.35,1,726.35,10100215.549999995
2025-08-01 12:52:09 PM,726.35,2,1452.7,10101668.249999994
2025-08-01 12:52:14 PM,726.35,1,726.35,10102394.599999994
2025-08-01 12:52:14 PM,726.85,0,0.0,10102394.599999994
2025-08-01 12:52:18 PM,726.85,1,726.85,10103121.449999994
2025-08-01 12:52:18 PM,727.15,0,0.0,10103121.449999994
2025-08-01 12:52:19 PM,727.15,2,1454.3,10104575.749999994
2025-08-01 12:52:24 PM,727.15,1,727.15,10105302.899999995
2025-08-01 12:52:28 PM,727.7,4,2910.8,10108213.699999996
2025-08-01 12:52:34 PM,727.95,0,0.0,10108213.699999996
2025-08-01 12:52:37 PM,727.95,1,727.95,10108941.649999995
2025-08-01 12:52:38 PM,728.1,0,0.0,10108941.649999995
2025-08-01 12:52:38 PM,728.1,2,1456.2,10110397.849999994
2025-08-01 12:52:47 PM,728.1,2,1456.2,10111854.049999993
2025-08-01 12:52:48 PM,728.1,2,1456.2,10113310.249999993
2025-08-01 12:52:53 PM,728.15,1,728.15,10114038.399999993
2025-08-01 12:52:58 PM,728.4,0,0.0,10114038.399999993
2025-08-01 12:52:59 PM,728.4,3,2185.2,10116223.599999992
2025-08-01 12:53:04 PM,728.45,0,0.0,10116223.599999992
2025-08-01 12:53:06 PM,728.4,0,0.0,10116223.599999992
2025-08-01 12:53:07 PM,728.4,51,37148.4,10153371.999999993
2025-08-01 12:53:12 PM,728.4,3,2185.2,10155557.199999992
2025-08-01 12:53:17 PM,728.4,2,1456.8,10157013.999999993
2025-08-01 12:53:22 PM,728.4,2,1456.8,10158470.799999993
2025-08-01 12:53:27 PM,728.4,1,728.4,10159199.199999994
2025-08-01 12:53:28 PM,728.45,0,0.0,10159199.199999994
2025-08-01 12:53:32 PM,728.45,3,2185.3500000000004,10161384.549999993
2025-08-01 12:53:34 PM,728.6,0,0.0,10161384.549999993
2025-08-01 12:53:37 PM,728.6,1,728.6,10162113.149999993
2025-08-01 12:53:43 PM,728.6,2,1457.2,10163570.349999992
2025-08-01 12:53:44 PM,728.55,0,0.0,10163570.349999992
2025-08-01 12:53:48 PM,728.55,2,1457.1,10165027.449999992
2025-08-01 12:53:48 PM,728.8,0,0.0,10165027.449999992
2025-08-01 12:53:53 PM,728.8,3,2186.3999999999996,10167213.849999992
2025-08-01 12:53:58 PM,728.8,1,728.8,10167942.649999993
2025-08-01 12:54:03 PM,728.8,3,2186.3999999999996,10170129.049999993
2025-08-01 12:54:04 PM,728.95,0,0.0,10170129.049999993
2025-08-01 12:54:08 PM,728.95,1,728.95,10170857.999999993
2025-08-01 12:54:08 PM,729.25,0,0.0,10170857.999999993
2025-08-01 12:54:13 PM,729.25,2,1458.5,10172316.499999993
2025-08-01 12:54:18 PM,729.25,2,1458.5,10173774.999999993
2025-08-01 12:54:23 PM,729.25,2,1458.5,10175233.499999993
2025-08-01 12:54:28 PM,729.25,1,729.25,10175962.749999993
2025-08-01 12:54:28 PM,729.3,0,0.0,10175962.749999993
2025-08-01 12:54:33 PM,729.3,4,2917.2,10178879.949999992
2025-08-01 12:54:34 PM,729.4,0,0.0,10178879.949999992
2025-08-01 12:54:38 PM,729.4,1,729.4,10179609.349999992
2025-08-01 12:54:38 PM,729.55,0,0.0,10179609.349999992
2025-08-01 12:54:42 PM,729.55,2,1459.1,10181068.449999992
2025-08-01 12:54:48 PM,729.55,2,1459.1,10182527.549999991
2025-08-01 12:54:54 PM,729.6,3,2188.8,10184716.349999992
2025-08-01 12:54:59 PM,729.6,3,2188.8,10186905.149999993
2025-08-01 12:55:04 PM,729.8,0,0.0,10186905.149999993
2025-08-01 12:55:04 PM,729.8,1,729.8,10187634.949999994
2025-08-01 12:55:10 PM,729.8,3,2189.3999999999996,10189824.349999994
2025-08-01 12:55:14 PM,729.85,0,0.0,10189824.349999994
2025-08-01 12:55:15 PM,729.85,2,1459.7,10191284.049999993
2025-08-01 12:55:18 PM,729.9,0,0.0,10191284.049999993
2025-08-01 12:55:21 PM,729.9,2,1459.8,10192743.849999994
2025-08-01 12:55:24 PM,730.1,0,0.0,10192743.849999994
2025-08-01 12:55:26 PM,730.1,1,730.1,10193473.949999994
2025-08-01 12:55:28 PM,730.2,0,0.0,10193473.949999994
2025-08-01 12:55:31 PM,730.2,3,2190.6000000000004,10195664.549999993
2025-08-01 12:55:34 PM,730.5,0,0.0,10195664.549999993
2025-08-01 12:55:36 PM,730.5,1,730.5,10196395.049999993
2025-08-01 12:55:38 PM,730.6,0,0.0,10196395.049999993
2025-08-01 12:55:40 PM,730.6,2,1461.2,10197856.249999993
2025-08-01 12:55:44 PM,730.65,0,0.0,10197856.249999993
2025-08-01 12:55:45 PM,730.65,2,1461.3,10199317.549999993
2025-08-01 12:55:48 PM,730.85,0,0.0,10199317.549999993
2025-08-01 12:55:50 PM,730.85,3,2192.55,10201510.099999994
2025-08-01 12:55:54 PM,730.95,0,0.0,10201510.099999994
2025-08-01 12:55:55 PM,730.95,1,730.95,10202241.049999993
2025-08-01 12:55:58 PM,731.25,0,0.0,10202241.049999993
2025-08-01 12:56:00 PM,731.25,3,2193.75,10204434.799999993
2025-08-01 12:56:05 PM,731.25,1,731.25,10205166.049999993
2025-08-01 12:56:08 PM,729.65,0,0.0,10205166.049999993
2025-08-01 12:56:10 PM,730.35,92,67192.2,10272358.249999993
2025-08-01 12:56:14 PM,730.3,0,0.0,10272358.249999993
2025-08-01 12:56:16 PM,730.3,2,1460.6,10273818.849999992
2025-08-01 12:56:21 PM,730.3,2,1460.6,10275279.449999992
2025-08-01 12:56:24 PM,730.25,0,0.0,10275279.449999992
2025-08-01 12:56:25 PM,730.25,1,730.25,10276009.699999992
2025-08-01 12:56:30 PM,730.25,4,2921.0,10278930.699999992
2025-08-01 12:56:34 PM,728.85,0,0.0,10278930.699999992
2025-08-01 12:56:35 PM,728.85,10,7288.5,10286219.199999992
2025-08-01 12:56:38 PM,729.85,0,0.0,10286219.199999992
2025-08-01 12:56:40 PM,729.85,2,1459.7,10287678.899999991
2025-08-01 12:56:45 PM,729.85,2,1459.7,10289138.59999999
2025-08-01 12:56:48 PM,729.8,0,0.0,10289138.59999999
2025-08-01 12:56:50 PM,729.8,2,1459.6,10290598.19999999
2025-08-01 12:56:55 PM,729.8,1,729.8,10291327.99999999
2025-08-01 12:57:00 PM,729.8,3,2189.3999999999996,10293517.399999991
2025-08-01 12:57:05 PM,729.8,1,729.8,10294247.199999992
2025-08-01 12:57:10 PM,729.8,3,2189.3999999999996,10296436.599999992
2025-08-01 12:57:14 PM,729.7,0,0.0,10296436.599999992
2025-08-01 12:57:15 PM,729.7,2,1459.4,10297895.999999993
2025-08-01 12:57:20 PM,729.7,2,1459.4,10299355.399999993
2025-08-01 12:57:24 PM,729.65,0,0.0,10299355.399999993
2025-08-01 12:57:25 PM,729.65,1,729.65,10300085.049999993
2025-08-01 12:57:28 PM,729.7,0,0.0,10300085.049999993
2025-08-01 12:57:30 PM,729.7,3,2189.1000000000004,10302274.149999993
2025-08-01 12:57:34 PM,729.85,0,0.0,10302274.149999993
2025-08-01 12:57:35 PM,729.85,1,729.85,10303003.999999993
2025-08-01 12:57:38 PM,730.35,0,0.0,10303003.999999993
2025-08-01 12:57:40 PM,730.35,2,1460.7,10304464.699999992
2025-08-01 12:57:44 PM,730.3,0,0.0,10304464.699999992
2025-08-01 12:57:45 PM,730.3,2,1460.6,10305925.299999991
2025-08-01 12:57:48 PM,730.55,0,0.0,10305925.299999991
2025-08-01 12:57:50 PM,730.55,3,2191.6499999999996,10308116.949999992
2025-08-01 12:57:54 PM,730.75,0,0.0,10308116.949999992
2025-08-01 12:57:55 PM,730.75,1,730.75,10308847.699999992
2025-08-01 12:57:58 PM,730.7,0,0.0,10308847.699999992
2025-08-01 12:58:00 PM,728.8,0,0.0,10308847.699999992
2025-08-01 12:58:00 PM,728.8,56,40812.799999999996,10349660.499999993
2025-08-01 12:58:04 PM,729.8,0,0.0,10349660.499999993
2025-08-01 12:58:05 PM,729.8,1,729.8,10350390.299999993
2025-08-01 12:58:10 PM,729.8,2,1459.6,10351849.899999993
2025-08-01 12:58:15 PM,729.8,2,1459.6,10353309.499999993
2025-08-01 12:58:18 PM,729.75,0,0.0,10353309.499999993
2025-08-01 12:58:20 PM,729.75,2,1459.5,10354768.999999993
2025-08-01 12:58:24 PM,727.9,0,0.0,10354768.999999993
2025-08-01 12:58:26 PM,727.9,547,398161.3,10752930.299999993
2025-08-01 12:58:28 PM,727.8,0,0.0,10752930.299999993
2025-08-01 12:58:31 PM,727.8,4,2911.2,10755841.499999993
2025-08-01 12:58:36 PM,727.8,1,727.8,10756569.299999993
2025-08-01 12:58:38 PM,727.85,0,0.0,10756569.299999993
2025-08-01 12:58:41 PM,727.85,2,1455.7,10758024.999999993
2025-08-01 12:58:44 PM,727.8,0,0.0,10758024.999999993
2025-08-01 12:58:46 PM,727.8,2,1455.6,10759480.599999992
2025-08-01 12:58:51 PM,727.8,2,1455.6,10760936.199999992
2025-08-01 12:58:54 PM,728.2,0,0.0,10760936.199999992
2025-08-01 12:58:56 PM,728.2,75,54615.0,10815551.199999992
2025-08-01 12:58:58 PM,729.05,0,0.0,10815551.199999992
2025-08-01 12:59:01 PM,729.05,3,2187.1499999999996,10817738.349999992
2025-08-01 12:59:04 PM,728.95,0,0.0,10817738.349999992
2025-08-01 12:59:06 PM,728.95,1,728.95,10818467.299999991
2025-08-01 12:59:08 PM,729.05,0,0.0,10818467.299999991
2025-08-01 12:59:11 PM,729.05,3,2187.1499999999996,10820654.449999992
2025-08-01 12:59:16 PM,729.05,2,1458.1,10822112.549999991
2025-08-01 12:59:18 PM,729.1,0,0.0,10822112.549999991
2025-08-01 12:59:21 PM,729.1,2,1458.2,10823570.74999999
2025-08-01 12:59:24 PM,729.2,0,0.0,10823570.74999999
2025-08-01 12:59:26 PM,729.2,1,729.2,10824299.94999999
2025-08-01 12:59:31 PM,729.2,3,2187.6000000000004,10826487.54999999
2025-08-01 12:59:34 PM,729.35,0,0.0,10826487.54999999
2025-08-01 12:59:36 PM,729.35,1,729.35,10827216.89999999
2025-08-01 12:59:42 PM,729.35,2,1458.7,10828675.599999988
2025-08-01 12:59:44 PM,729.5,0,0.0,10828675.599999988
2025-08-01 12:59:47 PM,729.5,2,1459.0,10830134.599999988
2025-08-01 12:59:48 PM,729.6,0,0.0,10830134.599999988
2025-08-01 12:59:52 PM,729.6,3,2188.8,10832323.39999999
2025-08-01 12:59:58 PM,729.6,1,729.6,10833052.999999989
2025-08-01 01:00:03 PM,729.6,3,2188.8,10835241.79999999
2025-08-01 01:00:03 PM,729.6,1,729.6,10835971.39999999
2025-08-01 01:00:08 PM,729.55,2,1459.1,10837430.499999989
2025-08-01 01:00:14 PM,729.55,2,1459.1,10838889.599999988
2025-08-01 01:00:18 PM,729.35,2,1458.7,10840348.299999988
2025-08-01 01:00:24 PM,729.35,1,729.35,10841077.649999987
2025-08-01 01:00:24 PM,728.65,2,1457.3,10842534.949999988
2025-08-01 01:00:28 PM,729.4,0,0.0,10842534.949999988
2025-08-01 01:00:29 PM,729.4,4,2917.6,10845452.549999988
2025-08-01 01:00:34 PM,729.4,1,729.4,10846181.949999988
2025-08-01 01:00:39 PM,729.15,0,0.0,10846181.949999988
2025-08-01 01:00:40 PM,729.15,2,1458.3,10847640.249999989
2025-08-01 01:00:45 PM,729.2,0,0.0,10847640.249999989
2025-08-01 01:00:45 PM,729.2,2,1458.4,10849098.64999999
2025-08-01 01:00:50 PM,729.2,2,1458.4,10850557.04999999
2025-08-01 01:00:55 PM,729.15,0,0.0,10850557.04999999
2025-08-01 01:00:55 PM,729.15,1,729.15,10851286.19999999
2025-08-01 01:00:59 PM,729.2,0,0.0,10851286.19999999
2025-08-01 01:01:00 PM,729.2,3,2187.6000000000004,10853473.79999999
2025-08-01 01:01:05 PM,729.3,0,0.0,10853473.79999999
2025-08-01 01:01:05 PM,729.3,1,729.3,10854203.09999999
2025-08-01 01:01:09 PM,729.5,0,0.0,10854203.09999999
2025-08-01 01:01:11 PM,729.5,3,2188.5,10856391.59999999
2025-08-01 01:01:15 PM,729.55,0,0.0,10856391.59999999
2025-08-01 01:01:17 PM,729.55,2,1459.1,10857850.69999999
2025-08-01 01:01:22 PM,729.55,2,1459.1,10859309.79999999
2025-08-01 01:01:27 PM,729.55,1,729.55,10860039.34999999
2025-08-01 01:01:32 PM,729.55,3,2188.6499999999996,10862227.99999999
2025-08-01 01:01:35 PM,729.65,0,0.0,10862227.99999999
2025-08-01 01:01:37 PM,729.65,1,729.65,10862957.649999991
2025-08-01 01:01:39 PM,729.5,0,0.0,10862957.649999991
2025-08-01 01:01:42 PM,729.5,2,1459.0,10864416.649999991
2025-08-01 01:01:45 PM,729.45,0,0.0,10864416.649999991
2025-08-01 01:01:47 PM,729.45,2,1458.9,10865875.549999991
2025-08-01 01:01:49 PM,729.6,0,0.0,10865875.549999991
2025-08-01 01:01:52 PM,729.6,3,2188.8,10868064.349999992
2025-08-01 01:01:55 PM,729.65,0,0.0,10868064.349999992
2025-08-01 01:01:56 PM,729.65,1,729.65,10868793.999999993
2025-08-01 01:02:01 PM,729.65,3,2188.95,10870982.949999992
2025-08-01 01:02:06 PM,729.65,1,729.65,10871712.599999992
2025-08-01 01:02:09 PM,729.7,0,0.0,10871712.599999992
2025-08-01 01:02:11 PM,729.7,2,1459.4,10873171.999999993
2025-08-01 01:02:16 PM,729.7,2,1459.4,10874631.399999993
2025-08-01 01:02:21 PM,729.7,2,1459.4,10876090.799999993
2025-08-01 01:02:25 PM,729.85,0,0.0,10876090.799999993
2025-08-01 01:02:26 PM,729.85,1,729.85,10876820.649999993
2025-08-01 01:02:31 PM,729.85,4,2919.4,10879740.049999993
2025-08-01 01:02:35 PM,729.9,0,0.0,10879740.049999993
2025-08-01 01:02:37 PM,729.9,1,729.9,10880469.949999994
2025-08-01 01:02:39 PM,730.0,0,0.0,10880469.949999994
2025-08-01 01:02:42 PM,730.0,2,1460.0,10881929.949999994
2025-08-01 01:02:47 PM,730.0,2,1460.0,10883389.949999994
2025-08-01 01:02:49 PM,730.05,0,0.0,10883389.949999994
2025-08-01 01:02:52 PM,730.05,2,1460.1,10884850.049999993
2025-08-01 01:02:55 PM,729.95,0,0.0,10884850.049999993
2025-08-01 01:02:57 PM,729.95,1,729.95,10885579.999999993
2025-08-01 01:03:02 PM,729.95,3,2189.8500000000004,10887769.849999992
2025-08-01 01:03:05 PM,730.05,0,0.0,10887769.849999992
2025-08-01 01:03:07 PM,730.05,1,730.05,10888499.899999993
2025-08-01 01:03:12 PM,730.05,3,2190.1499999999996,10890690.049999993
2025-08-01 01:03:15 PM,728.85,0,0.0,10890690.049999993
2025-08-01 01:03:15 PM,728.55,0,0.0,10890690.049999993
2025-08-01 01:03:17 PM,728.6,0,0.0,10890690.049999993
2025-08-01 01:03:17 PM,728.6,24,17486.4,10908176.449999994
2025-08-01 01:03:19 PM,728.75,0,0.0,10908176.449999994
2025-08-01 01:03:22 PM,728.75,4,2915.0,10911091.449999994
2025-08-01 01:03:23 PM,728.9,0,0.0,10911091.449999994
2025-08-01 01:03:25 PM,728.95,0,0.0,10911091.449999994
2025-08-01 01:03:27 PM,728.95,5,3644.75,10914736.199999994
2025-08-01 01:03:31 PM,728.95,3,2186.8500000000004,10916923.049999993
2025-08-01 01:03:35 PM,729.0,0,0.0,10916923.049999993
2025-08-01 01:03:37 PM,729.0,1,729.0,10917652.049999993
2025-08-01 01:03:39 PM,729.05,0,0.0,10917652.049999993
2025-08-01 01:03:41 PM,729.05,2,1458.1,10919110.149999993
2025-08-01 01:03:46 PM,729.05,2,1458.1,10920568.249999993
2025-08-01 01:03:49 PM,729.15,0,0.0,10920568.249999993
2025-08-01 01:03:51 PM,729.15,3,2187.45,10922755.699999992
2025-08-01 01:03:56 PM,729.15,1,729.15,10923484.849999992
2025-08-01 01:03:59 PM,729.25,0,0.0,10923484.849999992
2025-08-01 01:04:01 PM,729.25,3,2187.75,10925672.599999992
2025-08-01 01:04:03 PM,728.5,0,0.0,10925672.599999992
2025-08-01 01:04:05 PM,728.8,0,0.0,10925672.599999992
2025-08-01 01:04:05 PM,728.8,6,4372.799999999999,10930045.399999993
2025-08-01 01:04:10 PM,728.8,2,1457.6,10931502.999999993
2025-08-01 01:04:15 PM,729.0,0,0.0,10931502.999999993
2025-08-01 01:04:15 PM,729.0,2,1458.0,10932960.999999993
2025-08-01 01:04:19 PM,728.9,0,0.0,10932960.999999993
2025-08-01 01:04:20 PM,728.9,2,1457.8,10934418.799999993
2025-08-01 01:04:25 PM,729.0,0,0.0,10934418.799999993
2025-08-01 01:04:25 PM,729.0,1,729.0,10935147.799999993
2025-08-01 01:04:30 PM,729.0,4,2916.0,10938063.799999993
2025-08-01 01:04:34 PM,729.05,1,729.05,10938792.849999994
2025-08-01 01:04:39 PM,729.1,0,0.0,10938792.849999994
2025-08-01 01:04:39 PM,729.1,2,1458.2,10940251.049999993
2025-08-01 01:04:44 PM,729.4,2,1458.8,10941709.849999994
2025-08-01 01:04:49 PM,729.4,2,1458.8,10943168.649999995
2025-08-01 01:04:54 PM,729.4,1,729.4,10943898.049999995
2025-08-01 01:04:59 PM,729.5,0,0.0,10943898.049999995
2025-08-01 01:04:59 PM,729.5,3,2188.5,10946086.549999995
2025-08-01 01:05:04 PM,729.5,1,729.5,10946816.049999995
2025-08-01 01:05:09 PM,729.5,3,2188.5,10949004.549999995
2025-08-01 01:05:14 PM,729.6,2,1459.2,10950463.749999994
2025-08-01 01:05:19 PM,729.6,2,1459.2,10951922.949999994
2025-08-01 01:05:24 PM,729.6,1,729.6,10952652.549999993
2025-08-01 01:05:29 PM,729.6,3,2188.8,10954841.349999994
2025-08-01 01:05:35 PM,729.75,0,0.0,10954841.349999994
2025-08-01 01:05:35 PM,729.75,1,729.75,10955571.099999994
2025-08-01 01:05:40 PM,729.75,2,1459.5,10957030.599999994
2025-08-01 01:05:45 PM,729.75,2,1459.5,10958490.099999994
2025-08-01 01:05:50 PM,729.75,3,2189.25,10960679.349999994
2025-08-01 01:05:55 PM,729.85,0,0.0,10960679.349999994
2025-08-01 01:05:55 PM,729.85,1,729.85,10961409.199999994
2025-08-01 01:06:00 PM,729.85,3,2189.55,10963598.749999994
2025-08-01 01:06:05 PM,729.85,1,729.85,10964328.599999994
2025-08-01 01:06:10 PM,729.85,2,1459.7,10965788.299999993
2025-08-01 01:06:15 PM,730.1,0,0.0,10965788.299999993
2025-08-01 01:06:16 PM,730.1,2,1460.2,10967248.499999993
2025-08-01 01:06:19 PM,730.15,0,0.0,10967248.499999993
2025-08-01 01:06:21 PM,730.15,2,1460.3,10968708.799999993
2025-08-01 01:06:26 PM,730.15,1,730.15,10969438.949999994
2025-08-01 01:06:31 PM,730.15,4,2920.6,10972359.549999993
2025-08-01 01:06:35 PM,730.2,0,0.0,10972359.549999993
2025-08-01 01:06:36 PM,730.2,1,730.2,10973089.749999993
2025-08-01 01:06:39 PM,730.6,0,0.0,10973089.749999993
2025-08-01 01:06:41 PM,730.6,2,1461.2,10974550.949999992
2025-08-01 01:06:45 PM,730.8,0,0.0,10974550.949999992
2025-08-01 01:06:47 PM,730.8,2,1461.6,10976012.549999991
2025-08-01 01:06:49 PM,731.2,0,0.0,10976012.549999991
2025-08-01 01:06:52 PM,731.2,2,1462.4,10977474.949999992
2025-08-01 01:06:57 PM,731.2,1,731.2,10978206.149999991
2025-08-01 01:07:02 PM,731.2,3,2193.6000000000004,10980399.74999999
2025-08-01 01:07:04 PM,731.35,0,0.0,10980399.74999999
2025-08-01 01:07:07 PM,731.35,1,731.35,10981131.09999999
2025-08-01 01:07:12 PM,731.35,3,2194.05,10983325.149999991
2025-08-01 01:07:14 PM,731.7,0,0.0,10983325.149999991
2025-08-01 01:07:17 PM,731.7,2,1463.4,10984788.549999991
2025-08-01 01:07:20 PM,730.25,0,0.0,10984788.549999991
2025-08-01 01:07:22 PM,730.25,70,51117.5,11035906.049999991
2025-08-01 01:07:24 PM,729.95,0,0.0,11035906.049999991
2025-08-01 01:07:24 PM,729.95,1,729.95,11036635.99999999
2025-08-01 01:07:29 PM,729.95,3,2189.8500000000004,11038825.84999999
2025-08-01 01:07:34 PM,729.9,0,0.0,11038825.84999999
2025-08-01 01:07:34 PM,729.9,1,729.9,11039555.74999999
2025-08-01 01:07:40 PM,729.95,0,0.0,11039555.74999999
2025-08-01 01:07:40 PM,729.95,2,1459.9,11041015.649999991
2025-08-01 01:07:44 PM,729.95,2,1459.9,11042475.549999991
2025-08-01 01:07:49 PM,729.95,3,2189.8500000000004,11044665.399999991
2025-08-01 01:07:53 PM,730.0,2,1460.0,11046125.399999991
2025-08-01 01:07:59 PM,730.05,3,2190.1499999999996,11048315.549999991
2025-08-01 01:08:02 PM,729.6,0,0.0,11048315.549999991
2025-08-01 01:08:03 PM,729.6,30,21888.0,11070203.549999991
2025-08-01 01:08:04 PM,729.7,0,0.0,11070203.549999991
2025-08-01 01:08:05 PM,729.7,1,729.7,11070933.24999999
2025-08-01 01:08:08 PM,729.7,2,1459.4,11072392.649999991
2025-08-01 01:08:14 PM,729.7,2,1459.4,11073852.049999991
2025-08-01 01:08:19 PM,729.85,2,1459.7,11075311.74999999
2025-08-01 01:08:24 PM,729.85,1,729.85,11076041.59999999
2025-08-01 01:08:29 PM,729.95,4,2919.8,11078961.399999991
2025-08-01 01:08:30 PM,730.05,0,0.0,11078961.399999991
2025-08-01 01:08:31 PM,730.05,3,2190.1499999999996,11081151.549999991
2025-08-01 01:08:34 PM,730.05,1,730.05,11081881.599999992
2025-08-01 01:08:39 PM,730.5,2,1461.0,11083342.599999992
2025-08-01 01:08:44 PM,730.95,2,1461.9,11084804.499999993
2025-08-01 01:08:48 PM,730.95,2,1461.9,11086266.399999993
2025-08-01 01:08:54 PM,730.9,0,0.0,11086266.399999993
2025-08-01 01:08:55 PM,730.9,1,730.9,11086997.299999993
2025-08-01 01:09:00 PM,730.9,3,2192.7,11089189.999999993
2025-08-01 01:09:05 PM,730.9,1,730.9,11089920.899999993
2025-08-01 01:09:09 PM,730.85,0,0.0,11089920.899999993
2025-08-01 01:09:10 PM,730.85,3,2192.55,11092113.449999994
2025-08-01 01:09:16 PM,730.85,2,1461.7,11093575.149999993
2025-08-01 01:09:18 PM,730.85,2,1461.7,11095036.849999992
2025-08-01 01:09:26 PM,730.85,1,730.85,11095767.699999992
2025-08-01 01:09:31 PM,730.85,3,2192.55,11097960.249999993
2025-08-01 01:09:33 PM,730.85,1,730.85,11098691.099999992
2025-08-01 01:09:38 PM,730.9,2,1461.8,11100152.899999993
2025-08-01 01:09:43 PM,730.9,2,1461.8,11101614.699999994
2025-08-01 01:09:49 PM,730.9,3,2192.7,11103807.399999993
2025-08-01 01:09:54 PM,730.9,1,730.9,11104538.299999993
2025-08-01 01:09:59 PM,730.9,3,2192.7,11106730.999999993
2025-08-01 01:10:04 PM,730.9,1,730.9,11107461.899999993
2025-08-01 01:10:09 PM,730.9,2,1461.8,11108923.699999994
2025-08-01 01:10:14 PM,730.9,2,1461.8,11110385.499999994
2025-08-01 01:10:19 PM,730.9,2,1461.8,11111847.299999995
2025-08-01 01:10:24 PM,730.9,1,730.9,11112578.199999996
2025-08-01 01:10:29 PM,730.9,4,2923.6,11115501.799999995
2025-08-01 01:10:34 PM,730.85,0,0.0,11115501.799999995
2025-08-01 01:10:34 PM,730.85,1,730.85,11116232.649999995
2025-08-01 01:10:39 PM,730.8,0,0.0,11116232.649999995
2025-08-01 01:10:40 PM,730.8,2,1461.6,11117694.249999994
2025-08-01 01:10:45 PM,730.8,2,1461.6,11119155.849999994
2025-08-01 01:10:50 PM,730.8,2,1461.6,11120617.449999994
2025-08-01 01:10:55 PM,730.8,1,730.8,11121348.249999994
2025-08-01 01:11:00 PM,730.8,3,2192.3999999999996,11123540.649999995
2025-08-01 01:11:04 PM,730.75,0,0.0,11123540.649999995
2025-08-01 01:11:04 PM,730.75,1,730.75,11124271.399999995
2025-08-01 01:11:10 PM,730.75,3,2192.25,11126463.649999995
2025-08-01 01:11:14 PM,730.7,0,0.0,11126463.649999995
2025-08-01 01:11:15 PM,730.7,2,1461.4,11127925.049999995
2025-08-01 01:11:19 PM,730.7,2,1461.4,11129386.449999996
2025-08-01 01:11:24 PM,730.7,1,730.7,11130117.149999995
2025-08-01 01:11:29 PM,730.7,3,2192.1000000000004,11132309.249999994
2025-08-01 01:11:34 PM,730.85,1,730.85,11133040.099999994
2025-08-01 01:11:39 PM,729.9,0,0.0,11133040.099999994
2025-08-01 01:11:39 PM,729.9,3,2189.7,11135229.799999993
2025-08-01 01:11:44 PM,730.85,0,0.0,11135229.799999993
2025-08-01 01:11:44 PM,730.85,2,1461.7,11136691.499999993
2025-08-01 01:11:49 PM,730.9,0,0.0,11136691.499999993
2025-08-01 01:11:49 PM,730.9,3,2192.7,11138884.199999992
2025-08-01 01:11:54 PM,730.9,1,730.9,11139615.099999992
2025-08-01 01:11:59 PM,730.0,0,0.0,11139615.099999992
2025-08-01 01:11:59 PM,730.0,4,2920.0,11142535.099999992
2025-08-01 01:12:04 PM,730.75,1,730.75,11143265.849999992
2025-08-01 01:12:09 PM,730.75,2,1461.5,11144727.349999992
2025-08-01 01:12:14 PM,730.75,2,1461.5,11146188.849999992
2025-08-01 01:12:19 PM,730.8,0,0.0,11146188.849999992
2025-08-01 01:12:19 PM,730.8,2,1461.6,11147650.449999992
2025-08-01 01:12:24 PM,730.9,1,730.9,11148381.349999992
2025-08-01 01:12:29 PM,730.9,4,2923.6,11151304.949999992
2025-08-01 01:12:34 PM,730.9,1,730.9,11152035.849999992
2025-08-01 01:12:39 PM,730.9,2,1461.8,11153497.649999993
2025-08-01 01:12:45 PM,730.9,2,1461.8,11154959.449999994
2025-08-01 01:12:50 PM,730.9,2,1461.8,11156421.249999994
2025-08-01 01:12:55 PM,730.9,1,730.9,11157152.149999995
2025-08-01 01:13:00 PM,730.9,3,2192.7,11159344.849999994
2025-08-01 01:13:05 PM,730.9,1,730.9,11160075.749999994
2025-08-01 01:13:09 PM,731.4,0,0.0,11160075.749999994
2025-08-01 01:13:10 PM,731.4,3,2194.2,11162269.949999994
2025-08-01 01:13:14 PM,731.8,0,0.0,11162269.949999994
2025-08-01 01:13:15 PM,731.8,2,1463.6,11163733.549999993
2025-08-01 01:13:20 PM,731.8,2,1463.6,11165197.149999993
2025-08-01 01:13:25 PM,731.8,1,731.8,11165928.949999994
2025-08-01 01:13:29 PM,731.9,0,0.0,11165928.949999994
2025-08-01 01:13:30 PM,731.9,3,2195.7,11168124.649999993
2025-08-01 01:13:34 PM,732.05,0,0.0,11168124.649999993
2025-08-01 01:13:35 PM,732.05,1,732.05,11168856.699999994
2025-08-01 01:13:41 PM,732.05,2,1464.1,11170320.799999993
2025-08-01 01:13:46 PM,732.05,2,1464.1,11171784.899999993
2025-08-01 01:13:49 PM,731.95,0,0.0,11171784.899999993
2025-08-01 01:13:51 PM,731.95,3,2195.8500000000004,11173980.749999993
2025-08-01 01:13:54 PM,731.9,0,0.0,11173980.749999993
2025-08-01 01:13:56 PM,731.9,1,731.9,11174712.649999993
2025-08-01 01:14:00 PM,731.1,0,0.0,11174712.649999993
2025-08-01 01:14:01 PM,731.1,7,5117.7,11179830.349999992
2025-08-01 01:14:04 PM,731.8,0,0.0,11179830.349999992
2025-08-01 01:14:06 PM,731.8,1,731.8,11180562.149999993
2025-08-01 01:14:08 PM,731.9,2,1463.8,11182025.949999994
2025-08-01 01:14:14 PM,731.9,2,1463.8,11183489.749999994
2025-08-01 01:14:19 PM,731.9,2,1463.8,11184953.549999995
2025-08-01 01:14:24 PM,731.95,0,0.0,11184953.549999995
2025-08-01 01:14:24 PM,731.95,1,731.95,11185685.499999994
2025-08-01 01:14:29 PM,732.05,4,2928.2,11188613.699999994
2025-08-01 01:14:34 PM,732.1,0,0.0,11188613.699999994
2025-08-01 01:14:34 PM,732.1,1,732.1,11189345.799999993
2025-08-01 01:14:38 PM,731.15,0,0.0,11189345.799999993
2025-08-01 01:14:39 PM,731.35,5,3656.75,11193002.549999993
2025-08-01 01:14:44 PM,730.6,0,0.0,11193002.549999993
2025-08-01 01:14:45 PM,730.6,3,2191.8,11195194.349999994
2025-08-01 01:14:50 PM,731.35,0,0.0,11195194.349999994
2025-08-01 01:14:50 PM,731.35,2,1462.7,11196657.049999993
2025-08-01 01:14:54 PM,731.3,0,0.0,11196657.049999993
2025-08-01 01:14:55 PM,731.3,1,731.3,11197388.349999994
2025-08-01 01:15:00 PM,731.3,3,2193.8999999999996,11199582.249999994
2025-08-01 01:15:04 PM,731.4,0,0.0,11199582.249999994
2025-08-01 01:15:05 PM,731.4,1,731.4,11200313.649999995
2025-08-01 01:15:11 PM,731.4,3,2194.2,11202507.849999994
2025-08-01 01:15:14 PM,731.5,0,0.0,11202507.849999994
2025-08-01 01:15:16 PM,731.5,2,1463.0,11203970.849999994
2025-08-01 01:15:18 PM,731.8,0,0.0,11203970.849999994
2025-08-01 01:15:20 PM,732.15,0,0.0,11203970.849999994
2025-08-01 01:15:20 PM,732.15,17,12446.55,11216417.399999995
2025-08-01 01:15:24 PM,732.05,0,0.0,11216417.399999995
2025-08-01 01:15:25 PM,732.05,1,732.05,11217149.449999996
2025-08-01 01:15:30 PM,730.3,0,0.0,11217149.449999996
2025-08-01 01:15:30 PM,730.3,6,4381.799999999999,11221531.249999996
2025-08-01 01:15:34 PM,731.55,0,0.0,11221531.249999996
2025-08-01 01:15:35 PM,731.55,1,731.55,11222262.799999997
2025-08-01 01:15:41 PM,731.55,2,1463.1,11223725.899999997
2025-08-01 01:15:46 PM,731.55,2,1463.1,11225188.999999996
2025-08-01 01:15:51 PM,731.55,3,2194.6499999999996,11227383.649999997
2025-08-01 01:15:56 PM,731.55,1,731.55,11228115.199999997
2025-08-01 01:16:00 PM,730.65,0,0.0,11228115.199999997
2025-08-01 01:16:01 PM,730.65,5,3653.25,11231768.449999997
2025-08-01 01:16:03 PM,730.6,2,1461.2,11233229.649999997
2025-08-01 01:16:04 PM,731.55,0,0.0,11233229.649999997
2025-08-01 01:16:06 PM,731.55,1,731.55,11233961.199999997
2025-08-01 01:16:10 PM,731.6,0,0.0,11233961.199999997
2025-08-01 01:16:11 PM,731.6,2,1463.2,11235424.399999997
2025-08-01 01:16:16 PM,731.6,2,1463.2,11236887.599999996
2025-08-01 01:16:20 PM,731.75,0,0.0,11236887.599999996
2025-08-01 01:16:21 PM,731.75,2,1463.5,11238351.099999996
2025-08-01 01:16:24 PM,731.85,0,0.0,11238351.099999996
2025-08-01 01:16:26 PM,731.85,1,731.85,11239082.949999996
2025-08-01 01:16:30 PM,731.9,0,0.0,11239082.949999996
2025-08-01 01:16:31 PM,731.9,4,2927.6,11242010.549999995
2025-08-01 01:16:34 PM,732.1,0,0.0,11242010.549999995
2025-08-01 01:16:36 PM,732.1,1,732.1,11242742.649999995
2025-08-01 01:16:40 PM,732.15,0,0.0,11242742.649999995
2025-08-01 01:16:41 PM,732.15,2,1464.3,11244206.949999996
2025-08-01 01:16:46 PM,732.15,2,1464.3,11245671.249999996
2025-08-01 01:16:50 PM,732.25,0,0.0,11245671.249999996
2025-08-01 01:16:51 PM,732.25,2,1464.5,11247135.749999996
2025-08-01 01:16:54 PM,732.3,0,0.0,11247135.749999996
2025-08-01 01:16:54 PM,730.6,0,0.0,11247135.749999996
2025-08-01 01:16:56 PM,730.6,25,18265.0,11265400.749999996
2025-08-01 01:17:00 PM,730.55,0,0.0,11265400.749999996
2025-08-01 01:17:01 PM,730.55,3,2191.6499999999996,11267592.399999997
2025-08-01 01:17:04 PM,730.5,0,0.0,11267592.399999997
2025-08-01 01:17:06 PM,730.5,1,730.5,11268322.899999997
2025-08-01 01:17:11 PM,730.5,3,2191.5,11270514.399999997
2025-08-01 01:17:16 PM,730.5,2,1461.0,11271975.399999997
2025-08-01 01:17:20 PM,730.45,0,0.0,11271975.399999997
2025-08-01 01:17:21 PM,730.45,2,1460.9,11273436.299999997
2025-08-01 01:17:25 PM,730.45,1,730.45,11274166.749999996
2025-08-01 01:17:30 PM,730.45,3,2191.3500000000004,11276358.099999996
2025-08-01 01:17:34 PM,730.5,0,0.0,11276358.099999996
2025-08-01 01:17:35 PM,730.5,1,730.5,11277088.599999996
2025-08-01 01:17:40 PM,730.5,2,1461.0,11278549.599999996
2025-08-01 01:17:44 PM,730.65,0,0.0,11278549.599999996
2025-08-01 01:17:45 PM,730.65,2,1461.3,11280010.899999997
2025-08-01 01:17:49 PM,730.65,3,2191.95,11282202.849999996
2025-08-01 01:17:54 PM,730.85,0,0.0,11282202.849999996
2025-08-01 01:17:54 PM,730.85,1,730.85,11282933.699999996
2025-08-01 01:17:59 PM,731.0,3,2193.0,11285126.699999996
2025-08-01 01:18:04 PM,731.0,1,731.0,11285857.699999996
2025-08-01 01:18:09 PM,731.0,2,1462.0,11287319.699999996
2025-08-01 01:18:14 PM,731.0,2,1462.0,11288781.699999996
2025-08-01 01:18:19 PM,731.0,2,1462.0,11290243.699999996
2025-08-01 01:18:24 PM,731.0,1,731.0,11290974.699999996
2025-08-01 01:18:29 PM,731.1,4,2924.4,11293899.099999996
2025-08-01 01:18:34 PM,731.3,1,731.3,11294630.399999997
2025-08-01 01:18:43 PM,731.3,2,1462.6,11296092.999999996
2025-08-01 01:18:44 PM,731.45,0,0.0,11296092.999999996
2025-08-01 01:18:46 PM,729.85,0,0.0,11296092.999999996
2025-08-01 01:18:48 PM,729.85,25,18246.25,11314339.249999996
2025-08-01 01:18:48 PM,730.05,2,1460.1,11315799.349999996
2025-08-01 01:18:53 PM,730.15,1,730.15,11316529.499999996
2025-08-01 01:18:58 PM,730.2,3,2190.6000000000004,11318720.099999996
2025-08-01 01:19:04 PM,730.25,1,730.25,11319450.349999996
2025-08-01 01:19:09 PM,730.4,3,2191.2,11321641.549999995
2025-08-01 01:19:14 PM,730.4,2,1460.8,11323102.349999996
2025-08-01 01:19:19 PM,730.4,2,1460.8,11324563.149999997
2025-08-01 01:19:24 PM,730.75,0,0.0,11324563.149999997
2025-08-01 01:19:24 PM,730.75,1,730.75,11325293.899999997
2025-08-01 01:19:29 PM,730.85,3,2192.55,11327486.449999997
2025-08-01 01:19:37 PM,730.85,1,730.85,11328217.299999997
2025-08-01 01:19:40 PM,729.7,0,0.0,11328217.299999997
2025-08-01 01:19:42 PM,729.7,155,113103.5,11441320.799999997
2025-08-01 01:19:47 PM,729.7,4,2918.8,11444239.599999998
2025-08-01 01:19:51 PM,729.7,3,2189.1000000000004,11446428.699999997
2025-08-01 01:19:54 PM,730.2,0,0.0,11446428.699999997
2025-08-01 01:19:56 PM,730.2,18,13143.6,11459572.299999997
2025-08-01 01:20:00 PM,730.4,0,0.0,11459572.299999997
2025-08-01 01:20:01 PM,730.4,3,2191.2,11461763.499999996
2025-08-01 01:20:04 PM,730.5,0,0.0,11461763.499999996
2025-08-01 01:20:07 PM,730.5,18,13149.0,11474912.499999996
2025-08-01 01:20:10 PM,730.7,0,0.0,11474912.499999996
2025-08-01 01:20:10 PM,730.05,0,0.0,11474912.499999996
2025-08-01 01:20:12 PM,730.05,47,34312.35,11509224.849999996
2025-08-01 01:20:14 PM,731.05,0,0.0,11509224.849999996
2025-08-01 01:20:14 PM,730.05,0,0.0,11509224.849999996
2025-08-01 01:20:16 PM,730.0,0,0.0,11509224.849999996
2025-08-01 01:20:17 PM,730.0,53,38690.0,11547914.849999996
2025-08-01 01:20:18 PM,729.25,0,0.0,11547914.849999996
2025-08-01 01:20:20 PM,729.05,0,0.0,11547914.849999996
2025-08-01 01:20:22 PM,729.05,112,81653.59999999999,11629568.449999996
2025-08-01 01:20:24 PM,729.2,0,0.0,11629568.449999996
2025-08-01 01:20:24 PM,729.15,0,0.0,11629568.449999996
2025-08-01 01:20:27 PM,729.15,27,19687.05,11649255.499999996
2025-08-01 01:20:30 PM,729.25,0,0.0,11649255.499999996
2025-08-01 01:20:32 PM,729.25,4,2917.0,11652172.499999996
2025-08-01 01:20:37 PM,729.25,18,13126.5,11665298.999999996
2025-08-01 01:20:42 PM,729.25,2,1458.5,11666757.499999996
2025-08-01 01:20:44 PM,729.45,0,0.0,11666757.499999996
2025-08-01 01:20:47 PM,729.45,19,13859.550000000001,11680617.049999997
2025-08-01 01:20:52 PM,729.45,2,1458.9,11682075.949999997
2025-08-01 01:20:57 PM,729.45,1,729.45,11682805.399999997
2025-08-01 01:21:02 PM,729.45,3,2188.3500000000004,11684993.749999996
2025-08-01 01:21:04 PM,729.1,0,0.0,11684993.749999996
2025-08-01 01:21:06 PM,729.1,1,729.1,11685722.849999996
2025-08-01 01:21:12 PM,729.1,3,2187.3,11687910.149999997
2025-08-01 01:21:14 PM,729.0,0,0.0,11687910.149999997
2025-08-01 01:21:17 PM,729.0,7,5103.0,11693013.149999997
2025-08-01 01:21:20 PM,728.95,0,0.0,11693013.149999997
2025-08-01 01:21:22 PM,728.95,2,1457.9,11694471.049999997
2025-08-01 01:21:27 PM,728.95,1,728.95,11695199.999999996
2025-08-01 01:21:30 PM,729.05,0,0.0,11695199.999999996
2025-08-01 01:21:32 PM,729.05,3,2187.1499999999996,11697387.149999997
2025-08-01 01:21:34 PM,728.9,0,0.0,11697387.149999997
2025-08-01 01:21:37 PM,728.9,1,728.9,11698116.049999997
2025-08-01 01:21:39 PM,729.0,0,0.0,11698116.049999997
2025-08-01 01:21:42 PM,727.95,0,0.0,11698116.049999997
2025-08-01 01:21:42 PM,727.95,17,12375.150000000001,11710491.199999997
2025-08-01 01:21:44 PM,728.85,0,0.0,11710491.199999997
2025-08-01 01:21:46 PM,728.85,2,1457.7,11711948.899999997
2025-08-01 01:21:49 PM,728.75,0,0.0,11711948.899999997
2025-08-01 01:21:51 PM,728.75,3,2186.25,11714135.149999997
2025-08-01 01:21:54 PM,728.6,0,0.0,11714135.149999997
2025-08-01 01:21:56 PM,728.6,1,728.6,11714863.749999996
2025-08-01 01:22:01 PM,728.6,3,2185.8,11717049.549999997
2025-08-01 01:22:04 PM,728.65,0,0.0,11717049.549999997
2025-08-01 01:22:06 PM,728.65,1,728.65,11717778.199999997
2025-08-01 01:22:09 PM,728.85,0,0.0,11717778.199999997
2025-08-01 01:22:10 PM,728.85,2,1457.7,11719235.899999997
2025-08-01 01:22:14 PM,728.95,0,0.0,11719235.899999997
2025-08-01 01:22:15 PM,728.95,2,1457.9,11720693.799999997
2025-08-01 01:22:19 PM,729.0,0,0.0,11720693.799999997
2025-08-01 01:22:20 PM,729.0,2,1458.0,11722151.799999997
2025-08-01 01:22:22 PM,728.85,0,0.0,11722151.799999997
2025-08-01 01:22:24 PM,729.15,2,1458.3,11723610.099999998
2025-08-01 01:22:29 PM,729.15,4,2916.6,11726526.699999997
2025-08-01 01:22:33 PM,729.2,1,729.2,11727255.899999997
2025-08-01 01:22:39 PM,729.35,0,0.0,11727255.899999997
2025-08-01 01:22:42 PM,729.35,2,1458.7,11728714.599999996
2025-08-01 01:22:44 PM,729.5,0,0.0,11728714.599999996
2025-08-01 01:22:47 PM,729.5,2,1459.0,11730173.599999996
2025-08-01 01:22:47 PM,728.3,12,8739.599999999999,11738913.199999996
2025-08-01 01:22:49 PM,729.2,0,0.0,11738913.199999996
2025-08-01 01:22:51 PM,729.2,2,1458.4,11740371.599999996
2025-08-01 01:22:54 PM,729.3,0,0.0,11740371.599999996
2025-08-01 01:22:56 PM,729.3,1,729.3,11741100.899999997
2025-08-01 01:23:01 PM,729.3,3,2187.8999999999996,11743288.799999997
2025-08-01 01:23:04 PM,729.1,0,0.0,11743288.799999997
2025-08-01 01:23:05 PM,729.1,1,729.1,11744017.899999997
2025-08-01 01:23:09 PM,729.05,0,0.0,11744017.899999997
2025-08-01 01:23:10 PM,729.05,3,2187.1499999999996,11746205.049999997
2025-08-01 01:23:14 PM,729.3,2,1458.6,11747663.649999997
2025-08-01 01:23:19 PM,729.6,0,0.0,11747663.649999997
2025-08-01 01:23:19 PM,729.6,2,1459.2,11749122.849999996
2025-08-01 01:23:24 PM,729.6,1,729.6,11749852.449999996
2025-08-01 01:23:29 PM,729.6,3,2188.8,11752041.249999996
2025-08-01 01:23:34 PM,729.7,1,729.7,11752770.949999996
2025-08-01 01:23:39 PM,729.65,2,1459.3,11754230.249999996
2025-08-01 01:23:44 PM,729.65,2,1459.3,11755689.549999997
2025-08-01 01:23:49 PM,729.7,3,2189.1000000000004,11757878.649999997
2025-08-01 01:23:53 PM,729.85,1,729.85,11758608.499999996
2025-08-01 01:23:56 PM,729.65,0,0.0,11758608.499999996
2025-08-01 01:23:58 PM,729.65,16,11674.4,11770282.899999997
2025-08-01 01:23:59 PM,729.6,0,0.0,11770282.899999997
2025-08-01 01:24:03 PM,729.6,3,2188.8,11772471.699999997
2025-08-01 01:24:04 PM,729.75,0,0.0,11772471.699999997
2025-08-01 01:24:08 PM,729.75,1,729.75,11773201.449999997
2025-08-01 01:24:12 PM,729.75,2,1459.5,11774660.949999997
2025-08-01 01:24:14 PM,729.9,0,0.0,11774660.949999997
2025-08-01 01:24:17 PM,729.9,2,1459.8,11776120.749999998
2025-08-01 01:24:22 PM,729.9,2,1459.8,11777580.549999999
2025-08-01 01:24:24 PM,730.0,0,0.0,11777580.549999999
2025-08-01 01:24:27 PM,730.0,1,730.0,11778310.549999999
2025-08-01 01:24:31 PM,730.0,4,2920.0,11781230.549999999
2025-08-01 01:24:36 PM,730.0,1,730.0,11781960.549999999
2025-08-01 01:24:41 PM,730.0,2,1460.0,11783420.549999999
2025-08-01 01:24:45 PM,730.0,2,1460.0,11784880.549999999
2025-08-01 01:24:50 PM,730.0,2,1460.0,11786340.549999999
2025-08-01 01:24:55 PM,730.0,1,730.0,11787070.549999999
2025-08-01 01:25:00 PM,730.0,3,2190.0,11789260.549999999
2025-08-01 01:25:05 PM,730.0,1,730.0,11789990.549999999
2025-08-01 01:25:09 PM,729.95,0,0.0,11789990.549999999
2025-08-01 01:25:10 PM,729.95,3,2189.8500000000004,11792180.399999999
2025-08-01 01:25:15 PM,729.9,0,0.0,11792180.399999999
2025-08-01 01:25:16 PM,729.9,3,2189.7,11794370.099999998
2025-08-01 01:25:19 PM,729.95,0,0.0,11794370.099999998
2025-08-01 01:25:21 PM,729.95,3,2189.8500000000004,11796559.949999997
2025-08-01 01:25:25 PM,730.0,0,0.0,11796559.949999997
2025-08-01 01:25:25 PM,730.0,1,730.0,11797289.949999997
2025-08-01 01:25:30 PM,730.0,3,2190.0,11799479.949999997
2025-08-01 01:25:35 PM,730.0,1,730.0,11800209.949999997
2025-08-01 01:25:40 PM,730.0,2,1460.0,11801669.949999997
2025-08-01 01:25:45 PM,730.0,2,1460.0,11803129.949999997
2025-08-01 01:25:50 PM,730.0,3,2190.0,11805319.949999997
2025-08-01 01:25:55 PM,730.0,1,730.0,11806049.949999997
2025-08-01 01:26:00 PM,730.0,3,2190.0,11808239.949999997
2025-08-01 01:26:04 PM,730.0,1,730.0,11808969.949999997
2025-08-01 01:26:09 PM,730.0,2,1460.0,11810429.949999997
2025-08-01 01:26:14 PM,730.0,2,1460.0,11811889.949999997
2025-08-01 01:26:19 PM,730.0,2,1460.0,11813349.949999997
2025-08-01 01:26:24 PM,729.95,0,0.0,11813349.949999997
2025-08-01 01:26:25 PM,729.95,1,729.95,11814079.899999997
2025-08-01 01:26:30 PM,729.95,4,2919.8,11816999.699999997
2025-08-01 01:26:34 PM,729.85,0,0.0,11816999.699999997
2025-08-01 01:26:34 PM,729.85,1,729.85,11817729.549999997
2025-08-01 01:26:39 PM,729.85,2,1459.7,11819189.249999996
2025-08-01 01:26:44 PM,730.0,0,0.0,11819189.249999996
2025-08-01 01:26:44 PM,730.0,2,1460.0,11820649.249999996
2025-08-01 01:26:49 PM,730.0,2,1460.0,11822109.249999996
2025-08-01 01:26:54 PM,730.0,1,730.0,11822839.249999996
2025-08-01 01:26:59 PM,730.0,3,2190.0,11825029.249999996
2025-08-01 01:27:04 PM,730.0,1,730.0,11825759.249999996
2025-08-01 01:27:09 PM,730.0,3,2190.0,11827949.249999996
2025-08-01 01:27:14 PM,730.0,2,1460.0,11829409.249999996
2025-08-01 01:27:19 PM,730.0,2,1460.0,11830869.249999996
2025-08-01 01:27:23 PM,730.0,1,730.0,11831599.249999996
2025-08-01 01:27:29 PM,729.95,0,0.0,11831599.249999996
2025-08-01 01:27:33 PM,729.95,3,2189.8500000000004,11833789.099999996
2025-08-01 01:27:35 PM,730.0,0,0.0,11833789.099999996
2025-08-01 01:27:38 PM,730.0,1,730.0,11834519.099999996
2025-08-01 01:27:39 PM,729.95,0,0.0,11834519.099999996
2025-08-01 01:27:43 PM,729.95,2,1459.9,11835978.999999996
2025-08-01 01:27:45 PM,729.9,0,0.0,11835978.999999996
2025-08-01 01:27:48 PM,729.9,2,1459.8,11837438.799999997
2025-08-01 01:27:49 PM,729.85,0,0.0,11837438.799999997
2025-08-01 01:27:53 PM,729.85,3,2189.55,11839628.349999998
2025-08-01 01:27:54 PM,729.8,0,0.0,11839628.349999998
2025-08-01 01:27:57 PM,729.8,1,729.8,11840358.149999999
2025-08-01 01:28:02 PM,729.8,3,2189.3999999999996,11842547.549999999
2025-08-01 01:28:04 PM,730.0,0,0.0,11842547.549999999
2025-08-01 01:28:07 PM,730.0,1,730.0,11843277.549999999
2025-08-01 01:28:12 PM,730.0,2,1460.0,11844737.549999999
2025-08-01 01:28:17 PM,730.0,20,14600.0,11859337.549999999
2025-08-01 01:28:22 PM,730.0,2,1460.0,11860797.549999999
2025-08-01 01:28:26 PM,730.0,1,730.0,11861527.549999999
2025-08-01 01:28:31 PM,730.0,4,2920.0,11864447.549999999
2025-08-01 01:28:36 PM,730.0,1,730.0,11865177.549999999
2025-08-01 01:28:41 PM,730.0,2,1460.0,11866637.549999999
2025-08-01 01:28:46 PM,730.0,2,1460.0,11868097.549999999
2025-08-01 01:28:50 PM,730.0,2,1460.0,11869557.549999999
2025-08-01 01:28:55 PM,730.0,1,730.0,11870287.549999999
2025-08-01 01:28:59 PM,730.0,3,2190.0,11872477.549999999
2025-08-01 01:29:04 PM,730.0,1,730.0,11873207.549999999
2025-08-01 01:29:09 PM,730.0,3,2190.0,11875397.549999999
2025-08-01 01:29:14 PM,730.0,2,1460.0,11876857.549999999
2025-08-01 01:29:19 PM,730.0,2,1460.0,11878317.549999999
2025-08-01 01:29:23 PM,730.0,1,730.0,11879047.549999999
2025-08-01 01:29:28 PM,730.0,3,2190.0,11881237.549999999
2025-08-01 01:29:38 PM,730.0,1,730.0,11881967.549999999
2025-08-01 01:29:43 PM,730.0,2,1460.0,11883427.549999999
2025-08-01 01:29:47 PM,730.0,2,1460.0,11884887.549999999
2025-08-01 01:29:52 PM,730.0,3,2190.0,11887077.549999999
2025-08-01 01:29:56 PM,730.0,1,730.0,11887807.549999999
2025-08-01 01:30:01 PM,730.0,3,2190.0,11889997.549999999
2025-08-01 01:30:07 PM,730.0,1,730.0,11890727.549999999
2025-08-01 01:30:09 PM,730.05,0,0.0,11890727.549999999
2025-08-01 01:30:12 PM,730.05,2,1460.1,11892187.649999999
2025-08-01 01:30:14 PM,730.15,0,0.0,11892187.649999999
2025-08-01 01:30:17 PM,730.15,2,1460.3,11893647.95
2025-08-01 01:30:22 PM,730.15,2,1460.3,11895108.25
2025-08-01 01:30:24 PM,730.2,0,0.0,11895108.25
2025-08-01 01:30:27 PM,730.2,1,730.2,11895838.45
2025-08-01 01:30:29 PM,730.3,0,0.0,11895838.45
2025-08-01 01:30:31 PM,730.3,4,2921.2,11898759.649999999
2025-08-01 01:30:36 PM,730.3,1,730.3,11899489.95
2025-08-01 01:30:39 PM,730.2,0,0.0,11899489.95
2025-08-01 01:30:40 PM,730.2,2,1460.4,11900950.35
2025-08-01 01:30:44 PM,730.15,0,0.0,11900950.35
2025-08-01 01:30:46 PM,730.15,2,1460.3,11902410.65
2025-08-01 01:30:48 PM,730.05,0,0.0,11902410.65
2025-08-01 01:30:50 PM,730.05,2,1460.1,11903870.75
2025-08-01 01:30:55 PM,730.05,1,730.05,11904600.8
2025-08-01 01:31:00 PM,730.05,3,2190.1499999999996,11906790.950000001
2025-08-01 01:31:04 PM,730.3,0,0.0,11906790.950000001
2025-08-01 01:31:05 PM,730.3,1,730.3,11907521.250000002
2025-08-01 01:31:11 PM,730.3,3,2190.8999999999996,11909712.150000002
2025-08-01 01:31:16 PM,730.3,2,1460.6,11911172.750000002
2025-08-01 01:31:22 PM,730.3,2,1460.6,11912633.350000001
2025-08-01 01:31:27 PM,730.3,1,730.3,11913363.650000002
2025-08-01 01:31:32 PM,730.3,3,2190.8999999999996,11915554.550000003
2025-08-01 01:31:36 PM,730.3,1,730.3,11916284.850000003
2025-08-01 01:31:41 PM,730.3,2,1460.6,11917745.450000003
2025-08-01 01:31:46 PM,730.3,2,1460.6,11919206.050000003
2025-08-01 01:31:51 PM,730.3,3,2190.8999999999996,11921396.950000003
2025-08-01 01:31:56 PM,730.3,1,730.3,11922127.250000004
2025-08-01 01:31:58 PM,730.2,0,0.0,11922127.250000004
2025-08-01 01:32:01 PM,730.2,3,2190.6000000000004,11924317.850000003
2025-08-01 01:32:04 PM,730.15,0,0.0,11924317.850000003
2025-08-01 01:32:06 PM,730.15,1,730.15,11925048.000000004
2025-08-01 01:32:11 PM,730.15,2,1460.3,11926508.300000004
2025-08-01 01:32:16 PM,730.15,2,1460.3,11927968.600000005
2025-08-01 01:32:18 PM,730.2,0,0.0,11927968.600000005
2025-08-01 01:32:21 PM,730.2,2,1460.4,11929429.000000006
2025-08-01 01:32:26 PM,730.2,1,730.2,11930159.200000005
2025-08-01 01:32:30 PM,730.2,4,2920.8,11933080.000000006
2025-08-01 01:32:35 PM,730.2,1,730.2,11933810.200000005
2025-08-01 01:32:40 PM,730.2,2,1460.4,11935270.600000005
2025-08-01 01:32:44 PM,730.25,0,0.0,11935270.600000005
2025-08-01 01:32:45 PM,730.25,2,1460.5,11936731.100000005
2025-08-01 01:32:48 PM,730.3,0,0.0,11936731.100000005
2025-08-01 01:32:50 PM,730.3,2,1460.6,11938191.700000005
2025-08-01 01:32:55 PM,730.3,1,730.3,11938922.000000006
2025-08-01 01:33:00 PM,730.3,3,2190.8999999999996,11941112.900000006
2025-08-01 01:33:04 PM,730.3,1,730.3,11941843.200000007
2025-08-01 01:33:09 PM,730.3,3,2190.8999999999996,11944034.100000007
2025-08-01 01:33:14 PM,730.3,2,1460.6,11945494.700000007
2025-08-01 01:33:19 PM,730.3,2,1460.6,11946955.300000006
2025-08-01 01:33:24 PM,730.3,1,730.3,11947685.600000007
2025-08-01 01:33:28 PM,730.1,0,0.0,11947685.600000007
2025-08-01 01:33:29 PM,730.1,3,2190.3,11949875.900000008
2025-08-01 01:33:33 PM,730.0,1,730.0,11950605.900000008
2025-08-01 01:33:38 PM,729.95,0,0.0,11950605.900000008
2025-08-01 01:33:39 PM,729.95,2,1459.9,11952065.800000008
2025-08-01 01:33:44 PM,729.9,2,1459.8,11953525.600000009
2025-08-01 01:33:49 PM,729.9,3,2189.7,11955715.300000008
2025-08-01 01:33:54 PM,730.0,1,730.0,11956445.300000008
2025-08-01 01:33:58 PM,730.05,0,0.0,11956445.300000008
2025-08-01 01:33:59 PM,730.05,3,2190.1499999999996,11958635.450000009
2025-08-01 01:34:04 PM,730.05,1,730.05,11959365.50000001
2025-08-01 01:34:09 PM,730.05,2,1460.1,11960825.600000009
2025-08-01 01:34:17 PM,730.05,2,1460.1,11962285.700000009
2025-08-01 01:34:22 PM,730.05,2,1460.1,11963745.800000008
2025-08-01 01:34:26 PM,730.05,1,730.05,11964475.850000009
2025-08-01 01:34:31 PM,730.05,4,2920.2,11967396.050000008
2025-08-01 01:34:36 PM,730.05,1,730.05,11968126.100000009
2025-08-01 01:34:40 PM,730.05,2,1460.1,11969586.200000009
2025-08-01 01:34:45 PM,730.05,2,1460.1,11971046.300000008
2025-08-01 01:34:48 PM,729.95,0,0.0,11971046.300000008
2025-08-01 01:34:50 PM,729.95,2,1459.9,11972506.200000009
2025-08-01 01:34:54 PM,729.85,0,0.0,11972506.200000009
2025-08-01 01:34:55 PM,729.85,1,729.85,11973236.050000008
2025-08-01 01:34:59 PM,729.85,3,2189.55,11975425.600000009
2025-08-01 01:35:04 PM,729.95,1,729.95,11976155.550000008
2025-08-01 01:35:08 PM,729.1,0,0.0,11976155.550000008
2025-08-01 01:35:09 PM,729.1,5,3645.5,11979801.050000008
2025-08-01 01:35:14 PM,730.0,2,1460.0,11981261.050000008
2025-08-01 01:35:18 PM,729.95,0,0.0,11981261.050000008
2025-08-01 01:35:19 PM,729.95,2,1459.9,11982720.950000009
2025-08-01 01:35:24 PM,729.8,0,0.0,11982720.950000009
2025-08-01 01:35:25 PM,729.8,1,729.8,11983450.75000001
2025-08-01 01:35:29 PM,729.8,3,2189.3999999999996,11985640.15000001
2025-08-01 01:35:34 PM,730.0,1,730.0,11986370.15000001
2025-08-01 01:35:39 PM,730.0,2,1460.0,11987830.15000001
2025-08-01 01:35:44 PM,730.1,0,0.0,11987830.15000001
2025-08-01 01:35:44 PM,730.1,2,1460.2,11989290.350000009
2025-08-01 01:35:49 PM,730.1,3,2190.3,11991480.65000001
2025-08-01 01:35:54 PM,730.1,1,730.1,11992210.75000001
2025-08-01 01:35:59 PM,730.1,3,2190.3,11994401.05000001
2025-08-01 01:36:07 PM,730.1,1,730.1,11995131.15000001
2025-08-01 01:36:12 PM,730.1,2,1460.2,11996591.350000009
2025-08-01 01:36:17 PM,730.1,2,1460.2,11998051.550000008
2025-08-01 01:36:22 PM,730.1,2,1460.2,11999511.750000007
2025-08-01 01:36:27 PM,730.1,1,730.1,12000241.850000007
2025-08-01 01:36:28 PM,730.05,0,0.0,12000241.850000007
2025-08-01 01:36:32 PM,730.05,4,2920.2,12003162.050000006
2025-08-01 01:36:36 PM,730.05,1,730.05,12003892.100000007
2025-08-01 01:36:41 PM,730.05,2,1460.1,12005352.200000007
2025-08-01 01:36:44 PM,730.15,0,0.0,12005352.200000007
2025-08-01 01:36:46 PM,730.15,2,1460.3,12006812.500000007
2025-08-01 01:36:51 PM,730.15,2,1460.3,12008272.800000008
2025-08-01 01:36:54 PM,730.05,0,0.0,12008272.800000008
2025-08-01 01:36:55 PM,730.05,1,730.05,12009002.850000009
2025-08-01 01:36:58 PM,730.0,0,0.0,12009002.850000009
2025-08-01 01:37:00 PM,730.0,3,2190.0,12011192.850000009
2025-08-01 01:37:04 PM,729.8,0,0.0,12011192.850000009
2025-08-01 01:37:05 PM,729.8,1,729.8,12011922.65000001
2025-08-01 01:37:11 PM,729.8,3,2189.3999999999996,12014112.05000001
2025-08-01 01:37:14 PM,729.95,0,0.0,12014112.05000001
2025-08-01 01:37:15 PM,729.95,2,1459.9,12015571.95000001
2025-08-01 01:37:18 PM,730.05,0,0.0,12015571.95000001
2025-08-01 01:37:20 PM,730.05,2,1460.1,12017032.05000001
2025-08-01 01:37:24 PM,730.0,0,0.0,12017032.05000001
2025-08-01 01:37:25 PM,730.0,1,730.0,12017762.05000001
2025-08-01 01:37:30 PM,730.0,3,2190.0,12019952.05000001
2025-08-01 01:37:35 PM,730.0,1,730.0,12020682.05000001
2025-08-01 01:37:38 PM,729.95,0,0.0,12020682.05000001
2025-08-01 01:37:39 PM,729.95,2,1459.9,12022141.95000001
2025-08-01 01:37:44 PM,730.0,0,0.0,12022141.95000001
2025-08-01 01:37:45 PM,730.0,2,1460.0,12023601.95000001
2025-08-01 01:37:48 PM,730.1,0,0.0,12023601.95000001
2025-08-01 01:37:49 PM,730.1,3,2190.3,12025792.250000011
2025-08-01 01:37:54 PM,730.15,0,0.0,12025792.250000011
2025-08-01 01:37:55 PM,730.15,1,730.15,12026522.400000012
2025-08-01 01:37:58 PM,730.3,0,0.0,12026522.400000012
2025-08-01 01:37:59 PM,730.3,3,2190.8999999999996,12028713.300000012
2025-08-01 01:38:04 PM,730.2,0,0.0,12028713.300000012
2025-08-01 01:38:05 PM,730.2,1,730.2,12029443.500000011
2025-08-01 01:38:10 PM,730.35,0,0.0,12029443.500000011
2025-08-01 01:38:11 PM,730.35,2,1460.7,12030904.20000001
2025-08-01 01:38:16 PM,730.35,2,1460.7,12032364.90000001
2025-08-01 01:38:22 PM,730.35,2,1460.7,12033825.600000009
2025-08-01 01:38:27 PM,730.35,1,730.35,12034555.950000009
2025-08-01 01:38:30 PM,728.8,0,0.0,12034555.950000009
2025-08-01 01:38:32 PM,728.8,48,34982.399999999994,12069538.350000009
2025-08-01 01:38:33 PM,728.55,0,0.0,12069538.350000009
2025-08-01 01:38:38 PM,728.55,1,728.55,12070266.90000001
2025-08-01 01:38:39 PM,728.5,2,1457.0,12071723.90000001
2025-08-01 01:38:44 PM,728.35,0,0.0,12071723.90000001
2025-08-01 01:38:44 PM,728.35,2,1456.7,12073180.600000009
2025-08-01 01:38:48 PM,728.3,0,0.0,12073180.600000009
2025-08-01 01:38:49 PM,728.3,1,728.3,12073908.90000001
2025-08-01 01:38:49 PM,728.3,1,728.3,12074637.20000001
2025-08-01 01:38:54 PM,728.3,1,728.3,12075365.500000011
2025-08-01 01:38:58 PM,728.25,0,0.0,12075365.500000011
2025-08-01 01:38:59 PM,728.25,3,2184.75,12077550.250000011
2025-08-01 01:39:04 PM,728.3,0,0.0,12077550.250000011
2025-08-01 01:39:05 PM,728.3,1,728.3,12078278.550000012
2025-08-01 01:39:10 PM,728.95,0,0.0,12078278.550000012
2025-08-01 01:39:11 PM,728.95,18,13121.1,12091399.650000012
2025-08-01 01:39:14 PM,728.9,0,0.0,12091399.650000012
2025-08-01 01:39:16 PM,728.9,2,1457.8,12092857.450000012
2025-08-01 01:39:18 PM,728.8,0,0.0,12092857.450000012
2025-08-01 01:39:21 PM,728.8,2,1457.6,12094315.050000012
2025-08-01 01:39:26 PM,728.8,1,728.8,12095043.850000013
2025-08-01 01:39:28 PM,728.95,0,0.0,12095043.850000013
2025-08-01 01:39:31 PM,728.95,3,2186.8500000000004,12097230.700000012
2025-08-01 01:39:34 PM,729.0,0,0.0,12097230.700000012
2025-08-01 01:39:36 PM,729.0,1,729.0,12097959.700000012
2025-08-01 01:39:38 PM,729.4,0,0.0,12097959.700000012
2025-08-01 01:39:41 PM,729.4,2,1458.8,12099418.500000013
2025-08-01 01:39:46 PM,729.4,2,1458.8,12100877.300000014
2025-08-01 01:39:51 PM,729.4,3,2188.2,12103065.500000013
2025-08-01 01:39:56 PM,729.4,1,729.4,12103794.900000013
2025-08-01 01:40:01 PM,729.4,3,2188.2,12105983.100000013
2025-08-01 01:40:07 PM,729.4,1,729.4,12106712.500000013
2025-08-01 01:40:12 PM,729.4,2,1458.8,12108171.300000014
2025-08-01 01:40:14 PM,729.5,0,0.0,12108171.300000014
2025-08-01 01:40:17 PM,729.5,2,1459.0,12109630.300000014
2025-08-01 01:40:22 PM,729.5,2,1459.0,12111089.300000014
2025-08-01 01:40:27 PM,729.5,1,729.5,12111818.800000014
2025-08-01 01:40:32 PM,729.5,4,2918.0,12114736.800000014
2025-08-01 01:40:34 PM,729.75,0,0.0,12114736.800000014
2025-08-01 01:40:37 PM,729.75,1,729.75,12115466.550000014
2025-08-01 01:40:38 PM,729.8,0,0.0,12115466.550000014
2025-08-01 01:40:42 PM,729.8,2,1459.6,12116926.150000013
2025-08-01 01:40:47 PM,729.8,2,1459.6,12118385.750000013
2025-08-01 01:40:48 PM,729.85,0,0.0,12118385.750000013
2025-08-01 01:40:52 PM,729.85,2,1459.7,12119845.450000012
2025-08-01 01:40:57 PM,729.85,1,729.85,12120575.300000012
2025-08-01 01:40:58 PM,729.8,0,0.0,12120575.300000012
2025-08-01 01:41:02 PM,729.8,3,2189.3999999999996,12122764.700000012
2025-08-01 01:41:04 PM,729.9,0,0.0,12122764.700000012
2025-08-01 01:41:07 PM,729.9,1,729.9,12123494.600000013
2025-08-01 01:41:08 PM,729.95,0,0.0,12123494.600000013
2025-08-01 01:41:12 PM,729.95,3,2189.8500000000004,12125684.450000012
2025-08-01 01:41:14 PM,730.0,0,0.0,12125684.450000012
2025-08-01 01:41:17 PM,730.0,2,1460.0,12127144.450000012
2025-08-01 01:41:18 PM,730.1,0,0.0,12127144.450000012
2025-08-01 01:41:22 PM,730.1,2,1460.2,12128604.650000012
2025-08-01 01:41:24 PM,730.0,0,0.0,12128604.650000012
2025-08-01 01:41:27 PM,730.0,1,730.0,12129334.650000012
2025-08-01 01:41:28 PM,730.2,0,0.0,12129334.650000012
2025-08-01 01:41:31 PM,730.2,3,2190.6000000000004,12131525.250000011
2025-08-01 01:41:36 PM,730.2,1,730.2,12132255.45000001
2025-08-01 01:41:41 PM,730.2,2,1460.4,12133715.85000001
2025-08-01 01:41:46 PM,730.2,2,1460.4,12135176.250000011
2025-08-01 01:41:51 PM,730.2,3,2190.6000000000004,12137366.85000001
2025-08-01 01:41:55 PM,728.85,44,32069.4,12169436.250000011
2025-08-01 01:41:58 PM,728.55,0,0.0,12169436.250000011
2025-08-01 01:42:00 PM,728.55,3,2185.6499999999996,12171621.900000012
2025-08-01 01:42:06 PM,728.55,1,728.55,12172350.450000012
2025-08-01 01:42:11 PM,728.55,2,1457.1,12173807.550000012
2025-08-01 01:42:14 PM,729.0,0,0.0,12173807.550000012
2025-08-01 01:42:15 PM,729.0,2,1458.0,12175265.550000012
2025-08-01 01:42:20 PM,729.0,2,1458.0,12176723.550000012
2025-08-01 01:42:24 PM,729.2,0,0.0,12176723.550000012
2025-08-01 01:42:25 PM,729.2,1,729.2,12177452.750000011
2025-08-01 01:42:28 PM,729.25,0,0.0,12177452.750000011
2025-08-01 01:42:30 PM,729.25,4,2917.0,12180369.750000011
2025-08-01 01:42:34 PM,729.4,0,0.0,12180369.750000011
2025-08-01 01:42:35 PM,729.4,1,729.4,12181099.150000012
2025-08-01 01:42:40 PM,729.4,2,1458.8,12182557.950000012
2025-08-01 01:42:45 PM,729.4,3,2188.2,12184746.150000012
2025-08-01 01:42:50 PM,729.4,2,1458.8,12186204.950000012
2025-08-01 01:42:54 PM,729.6,0,0.0,12186204.950000012
2025-08-01 01:42:55 PM,729.6,1,729.6,12186934.550000012
2025-08-01 01:42:58 PM,729.65,0,0.0,12186934.550000012
2025-08-01 01:43:00 PM,729.65,3,2188.95,12189123.500000011
2025-08-01 01:43:04 PM,729.75,0,0.0,12189123.500000011
2025-08-01 01:43:05 PM,729.75,1,729.75,12189853.250000011
2025-08-01 01:43:08 PM,729.9,0,0.0,12189853.250000011
2025-08-01 01:43:10 PM,729.9,3,2189.7,12192042.95000001
2025-08-01 01:43:14 PM,729.95,0,0.0,12192042.95000001
2025-08-01 01:43:15 PM,729.95,2,1459.9,12193502.85000001
2025-08-01 01:43:18 PM,730.15,0,0.0,12193502.85000001
2025-08-01 01:43:20 PM,730.15,2,1460.3,12194963.150000012
2025-08-01 01:43:24 PM,730.2,0,0.0,12194963.150000012
2025-08-01 01:43:25 PM,730.2,1,730.2,12195693.35000001
2025-08-01 01:43:28 PM,730.15,0,0.0,12195693.35000001
2025-08-01 01:43:30 PM,730.15,3,2190.45,12197883.80000001
2025-08-01 01:43:34 PM,730.25,0,0.0,12197883.80000001
2025-08-01 01:43:35 PM,730.25,1,730.25,12198614.05000001
2025-08-01 01:43:38 PM,730.3,0,0.0,12198614.05000001
2025-08-01 01:43:40 PM,730.3,2,1460.6,12200074.65000001
2025-08-01 01:43:45 PM,730.3,2,1460.6,12201535.25000001
2025-08-01 01:43:50 PM,730.3,3,2190.8999999999996,12203726.15000001
2025-08-01 01:43:55 PM,730.3,1,730.3,12204456.45000001
2025-08-01 01:43:59 PM,730.3,3,2190.8999999999996,12206647.35000001
2025-08-01 01:44:04 PM,730.0,0,0.0,12206647.35000001
2025-08-01 01:44:04 PM,730.0,1,730.0,12207377.35000001
2025-08-01 01:44:09 PM,730.0,2,1460.0,12208837.35000001
2025-08-01 01:44:14 PM,730.0,2,1460.0,12210297.35000001
2025-08-01 01:44:19 PM,730.0,2,1460.0,12211757.35000001
2025-08-01 01:44:24 PM,728.7,0,0.0,12211757.35000001
2025-08-01 01:44:24 PM,728.7,28,20403.600000000002,12232160.95000001
2025-08-01 01:44:28 PM,728.6,0,0.0,12232160.95000001
2025-08-01 01:44:29 PM,728.7,4,2914.8,12235075.750000011
2025-08-01 01:44:35 PM,728.7,1,728.7,12235804.45000001
2025-08-01 01:44:38 PM,728.95,0,0.0,12235804.45000001
2025-08-01 01:44:40 PM,728.95,2,1457.9,12237262.35000001
2025-08-01 01:44:45 PM,728.95,2,1457.9,12238720.250000011
2025-08-01 01:44:48 PM,729.15,0,0.0,12238720.250000011
2025-08-01 01:44:49 PM,729.15,2,1458.3,12240178.550000012
2025-08-01 01:44:54 PM,729.15,1,729.15,12240907.700000012
2025-08-01 01:44:58 PM,729.2,0,0.0,12240907.700000012
2025-08-01 01:44:59 PM,729.2,3,2187.6000000000004,12243095.300000012
2025-08-01 01:45:04 PM,729.2,1,729.2,12243824.500000011
2025-08-01 01:45:08 PM,729.35,0,0.0,12243824.500000011
2025-08-01 01:45:09 PM,729.35,3,2188.05,12246012.550000012
2025-08-01 01:45:14 PM,729.35,2,1458.7,12247471.250000011
2025-08-01 01:45:19 PM,729.35,2,1458.7,12248929.95000001
2025-08-01 01:45:24 PM,729.3,0,0.0,12248929.95000001
2025-08-01 01:45:24 PM,729.3,1,729.3,12249659.250000011
2025-08-01 01:45:28 PM,729.35,0,0.0,12249659.250000011
2025-08-01 01:45:29 PM,729.35,3,2188.05,12251847.300000012
2025-08-01 01:45:34 PM,729.45,0,0.0,12251847.300000012
2025-08-01 01:45:34 PM,729.45,1,729.45,12252576.750000011
2025-08-01 01:45:38 PM,729.5,0,0.0,12252576.750000011
2025-08-01 01:45:39 PM,729.5,2,1459.0,12254035.750000011
2025-08-01 01:45:44 PM,729.5,2,1459.0,12255494.750000011
2025-08-01 01:45:49 PM,729.5,3,2188.5,12257683.250000011
2025-08-01 01:45:54 PM,729.6,1,729.6,12258412.85000001
2025-08-01 01:45:58 PM,729.6,3,2188.8,12260601.650000012
2025-08-01 01:46:04 PM,729.7,0,0.0,12260601.650000012
2025-08-01 01:46:04 PM,729.7,1,729.7,12261331.35000001
2025-08-01 01:46:09 PM,729.7,2,1459.4,12262790.750000011
2025-08-01 01:46:14 PM,729.75,2,1459.5,12264250.250000011
2025-08-01 01:46:19 PM,729.75,2,1459.5,12265709.750000011
2025-08-01 01:46:24 PM,729.75,1,729.75,12266439.500000011
2025-08-01 01:46:29 PM,729.75,4,2919.0,12269358.500000011
2025-08-01 01:46:34 PM,729.8,0,0.0,12269358.500000011
2025-08-01 01:46:34 PM,729.8,1,729.8,12270088.300000012
2025-08-01 01:46:39 PM,729.8,2,1459.6,12271547.900000012
2025-08-01 01:46:43 PM,729.8,2,1459.6,12273007.500000011
2025-08-01 01:46:48 PM,730.0,0,0.0,12273007.500000011
2025-08-01 01:46:49 PM,730.0,2,1460.0,12274467.500000011
2025-08-01 01:46:53 PM,730.0,1,730.0,12275197.500000011
2025-08-01 01:46:59 PM,730.0,3,2190.0,12277387.500000011
2025-08-01 01:47:03 PM,730.0,1,730.0,12278117.500000011
2025-08-01 01:47:06 PM,728.8,0,0.0,12278117.500000011
2025-08-01 01:47:09 PM,728.8,17,12389.599999999999,12290507.10000001
2025-08-01 01:47:14 PM,728.8,2,1457.6,12291964.70000001
2025-08-01 01:47:19 PM,728.8,2,1457.6,12293422.30000001
2025-08-01 01:47:24 PM,728.8,1,728.8,12294151.10000001
2025-08-01 01:47:29 PM,728.8,3,2186.3999999999996,12296337.500000011
2025-08-01 01:47:33 PM,728.85,1,728.85,12297066.35000001
2025-08-01 01:47:38 PM,728.9,0,0.0,12297066.35000001
2025-08-01 01:47:39 PM,728.9,2,1457.8,12298524.150000012
2025-08-01 01:47:44 PM,728.95,0,0.0,12298524.150000012
2025-08-01 01:47:44 PM,728.95,2,1457.9,12299982.050000012
2025-08-01 01:47:49 PM,728.95,3,2186.8500000000004,12302168.900000012
2025-08-01 01:47:54 PM,728.95,4,2915.8,12305084.700000012
2025-08-01 01:47:59 PM,728.95,3,2186.8500000000004,12307271.550000012
2025-08-01 01:48:04 PM,729.1,1,729.1,12308000.650000012
2025-08-01 01:48:08 PM,729.2,0,0.0,12308000.650000012
2025-08-01 01:48:09 PM,729.2,2,1458.4,12309459.050000012
2025-08-01 01:48:13 PM,729.2,2,1458.4,12310917.450000012
2025-08-01 01:48:18 PM,729.25,0,0.0,12310917.450000012
2025-08-01 01:48:19 PM,729.25,2,1458.5,12312375.950000012
2025-08-01 01:48:24 PM,729.25,1,729.25,12313105.200000012
2025-08-01 01:48:29 PM,729.25,4,2917.0,12316022.200000012
2025-08-01 01:48:34 PM,729.3,1,729.3,12316751.500000013
2025-08-01 01:48:38 PM,729.5,0,0.0,12316751.500000013
2025-08-01 01:48:39 PM,729.5,2,1459.0,12318210.500000013
2025-08-01 01:48:44 PM,729.6,2,1459.2,12319669.700000012
2025-08-01 01:48:48 PM,729.75,0,0.0,12319669.700000012
2025-08-01 01:48:49 PM,729.75,2,1459.5,12321129.200000012
2025-08-01 01:48:53 PM,729.7,1,729.7,12321858.900000012
2025-08-01 01:48:58 PM,729.9,0,0.0,12321858.900000012
2025-08-01 01:49:02 PM,728.15,0,0.0,12321858.900000012
2025-08-01 01:49:03 PM,728.15,22,16019.3,12337878.200000012
2025-08-01 01:49:04 PM,728.0,0,0.0,12337878.200000012
2025-08-01 01:49:07 PM,728.0,1,728.0,12338606.200000012
2025-08-01 01:49:08 PM,727.95,0,0.0,12338606.200000012
2025-08-01 01:49:12 PM,727.95,3,2183.8500000000004,12340790.050000012
2025-08-01 01:49:17 PM,727.95,2,1455.9,12342245.950000012
2025-08-01 01:49:20 PM,728.15,0,0.0,12342245.950000012
2025-08-01 01:49:22 PM,728.15,2,1456.3,12343702.250000013
2025-08-01 01:49:24 PM,728.35,0,0.0,12343702.250000013
2025-08-01 01:49:27 PM,728.35,1,728.35,12344430.600000013
2025-08-01 01:49:28 PM,728.45,0,0.0,12344430.600000013
2025-08-01 01:49:31 PM,728.45,3,2185.3500000000004,12346615.950000012
2025-08-01 01:49:34 PM,728.75,0,0.0,12346615.950000012
2025-08-01 01:49:36 PM,728.75,1,728.75,12347344.700000012
2025-08-01 01:49:41 PM,728.75,2,1457.5,12348802.200000012
2025-08-01 01:49:44 PM,728.95,0,0.0,12348802.200000012
2025-08-01 01:49:46 PM,728.95,2,1457.9,12350260.100000013
2025-08-01 01:49:51 PM,728.95,3,2186.8500000000004,12352446.950000012
2025-08-01 01:49:56 PM,728.95,1,728.95,12353175.900000012
2025-08-01 01:50:00 PM,728.95,3,2186.8500000000004,12355362.750000011
2025-08-01 01:50:04 PM,729.0,0,0.0,12355362.750000011
2025-08-01 01:50:05 PM,729.0,1,729.0,12356091.750000011
2025-08-01 01:50:08 PM,729.05,0,0.0,12356091.750000011
2025-08-01 01:50:10 PM,729.05,2,1458.1,12357549.85000001
2025-08-01 01:50:14 PM,729.15,0,0.0,12357549.85000001
2025-08-01 01:50:15 PM,729.15,2,1458.3,12359008.150000012
2025-08-01 01:50:18 PM,729.2,0,0.0,12359008.150000012
2025-08-01 01:50:20 PM,729.2,2,1458.4,12360466.550000012
2025-08-01 01:50:24 PM,729.25,0,0.0,12360466.550000012
2025-08-01 01:50:25 PM,729.25,1,729.25,12361195.800000012
2025-08-01 01:50:28 PM,729.35,0,0.0,12361195.800000012
2025-08-01 01:50:30 PM,729.35,4,2917.4,12364113.200000012
2025-08-01 01:50:34 PM,729.4,0,0.0,12364113.200000012
2025-08-01 01:50:35 PM,729.4,1,729.4,12364842.600000013
2025-08-01 01:50:38 PM,729.45,0,0.0,12364842.600000013
2025-08-01 01:50:40 PM,729.45,2,1458.9,12366301.500000013
2025-08-01 01:50:44 PM,727.95,0,0.0,12366301.500000013
2025-08-01 01:50:44 PM,727.95,34,24750.300000000003,12391051.800000014
2025-08-01 01:50:48 PM,727.65,0,0.0,12391051.800000014
2025-08-01 01:50:49 PM,727.7,2,1455.4,12392507.200000014
2025-08-01 01:50:54 PM,727.65,0,0.0,12392507.200000014
2025-08-01 01:50:54 PM,727.65,1,727.65,12393234.850000015
2025-08-01 01:50:58 PM,727.6,0,0.0,12393234.850000015
2025-08-01 01:50:59 PM,727.6,3,2182.8,12395417.650000015
2025-08-01 01:51:04 PM,727.6,1,727.6,12396145.250000015
2025-08-01 01:51:10 PM,727.75,0,0.0,12396145.250000015
2025-08-01 01:51:10 PM,727.75,2,1455.5,12397600.750000015
2025-08-01 01:51:10 PM,728.45,0,0.0,12397600.750000015
2025-08-01 01:51:11 PM,728.45,1,728.45,12398329.200000014
2025-08-01 01:51:15 PM,728.45,2,1456.9,12399786.100000015
2025-08-01 01:51:18 PM,728.9,0,0.0,12399786.100000015
2025-08-01 01:51:20 PM,728.9,2,1457.8,12401243.900000015
2025-08-01 01:51:24 PM,728.9,1,728.9,12401972.800000016
2025-08-01 01:51:29 PM,728.9,3,2186.7,12404159.500000015
2025-08-01 01:51:33 PM,728.9,1,728.9,12404888.400000015
2025-08-01 01:51:39 PM,728.9,2,1457.8,12406346.200000016
2025-08-01 01:51:44 PM,728.9,2,1457.8,12407804.000000017
2025-08-01 01:51:49 PM,728.9,3,2186.7,12409990.700000016
2025-08-01 01:51:54 PM,728.9,1,728.9,12410719.600000016
2025-08-01 01:51:58 PM,728.9,3,2186.7,12412906.300000016
2025-08-01 01:52:04 PM,728.95,1,728.95,12413635.250000015
2025-08-01 01:52:08 PM,729.0,0,0.0,12413635.250000015
2025-08-01 01:52:09 PM,729.0,2,1458.0,12415093.250000015
2025-08-01 01:52:14 PM,729.35,2,1458.7,12416551.950000014
2025-08-01 01:52:19 PM,729.35,2,1458.7,12418010.650000013
2025-08-01 01:52:24 PM,729.35,1,729.35,12418740.000000013
2025-08-01 01:52:28 PM,727.75,0,0.0,12418740.000000013
2025-08-01 01:52:32 PM,727.75,41,29837.75,12448577.750000013
2025-08-01 01:52:37 PM,727.75,1,727.75,12449305.500000013
2025-08-01 01:52:42 PM,727.75,2,1455.5,12450761.000000013
2025-08-01 01:52:47 PM,727.75,2,1455.5,12452216.500000013
2025-08-01 01:52:48 PM,727.8,0,0.0,12452216.500000013
2025-08-01 01:52:52 PM,727.8,2,1455.6,12453672.100000013
2025-08-01 01:52:56 PM,727.8,1,727.8,12454399.900000013
2025-08-01 01:52:58 PM,727.9,0,0.0,12454399.900000013
2025-08-01 01:53:00 PM,729.45,0,0.0,12454399.900000013
2025-08-01 01:53:01 PM,729.45,3,2188.3500000000004,12456588.250000013
2025-08-01 01:53:06 PM,729.45,1,729.45,12457317.700000012
2025-08-01 01:53:08 PM,729.5,0,0.0,12457317.700000012
2025-08-01 01:53:11 PM,729.5,3,2188.5,12459506.200000012
2025-08-01 01:53:15 PM,729.5,2,1459.0,12460965.200000012
2025-08-01 01:53:18 PM,729.75,0,0.0,12460965.200000012
2025-08-01 01:53:20 PM,729.75,2,1459.5,12462424.700000012
2025-08-01 01:53:25 PM,729.75,1,729.75,12463154.450000012
2025-08-01 01:53:28 PM,729.8,0,0.0,12463154.450000012
2025-08-01 01:53:30 PM,729.8,3,2189.3999999999996,12465343.850000013
2025-08-01 01:53:34 PM,729.9,1,729.9,12466073.750000013
2025-08-01 01:53:38 PM,729.85,0,0.0,12466073.750000013
2025-08-01 01:53:39 PM,729.85,2,1459.7,12467533.450000012
2025-08-01 01:53:44 PM,729.95,0,0.0,12467533.450000012
2025-08-01 01:53:45 PM,729.95,2,1459.9,12468993.350000013
2025-08-01 01:53:49 PM,729.95,3,2189.8500000000004,12471183.200000012
2025-08-01 01:53:54 PM,730.0,1,730.0,12471913.200000012
2025-08-01 01:53:59 PM,730.0,3,2190.0,12474103.200000012
2025-08-01 01:54:04 PM,728.85,13,9475.050000000001,12483578.250000013
2025-08-01 01:54:08 PM,728.8,0,0.0,12483578.250000013
2025-08-01 01:54:09 PM,728.8,2,1457.6,12485035.850000013
2025-08-01 01:54:14 PM,728.9,2,1457.8,12486493.650000013
2025-08-01 01:54:18 PM,729.05,0,0.0,12486493.650000013
2025-08-01 01:54:19 PM,729.05,2,1458.1,12487951.750000013
2025-08-01 01:54:24 PM,729.15,1,729.15,12488680.900000013
2025-08-01 01:54:28 PM,729.25,0,0.0,12488680.900000013
2025-08-01 01:54:31 PM,729.25,4,2917.0,12491597.900000013
2025-08-01 01:54:34 PM,729.6,0,0.0,12491597.900000013
2025-08-01 01:54:36 PM,729.6,1,729.6,12492327.500000013
2025-08-01 01:54:38 PM,729.7,0,0.0,12492327.500000013
2025-08-01 01:54:41 PM,729.7,2,1459.4,12493786.900000013
2025-08-01 01:54:45 PM,729.7,2,1459.4,12495246.300000014
2025-08-01 01:54:48 PM,729.65,0,0.0,12495246.300000014
2025-08-01 01:54:50 PM,729.65,2,1459.3,12496705.600000015
2025-08-01 01:54:55 PM,729.65,1,729.65,12497435.250000015
2025-08-01 01:55:00 PM,729.65,3,2188.95,12499624.200000014
2025-08-01 01:55:05 PM,729.65,1,729.65,12500353.850000015
2025-08-01 01:55:10 PM,729.65,3,2188.95,12502542.800000014
2025-08-01 01:55:14 PM,730.0,0,0.0,12502542.800000014
2025-08-01 01:55:15 PM,730.0,2,1460.0,12504002.800000014
2025-08-01 01:55:21 PM,730.0,2,1460.0,12505462.800000014
2025-08-01 01:55:26 PM,730.0,1,730.0,12506192.800000014
2025-08-01 01:55:30 PM,730.0,3,2190.0,12508382.800000014
2025-08-01 01:55:35 PM,730.0,1,730.0,12509112.800000014
2025-08-01 01:55:40 PM,730.0,2,1460.0,12510572.800000014
2025-08-01 01:55:45 PM,730.0,2,1460.0,12512032.800000014
2025-08-01 01:55:50 PM,730.0,3,2190.0,12514222.800000014
2025-08-01 01:55:55 PM,730.0,1,730.0,12514952.800000014
2025-08-01 01:56:00 PM,730.0,3,2190.0,12517142.800000014
2025-08-01 01:56:05 PM,730.0,1,730.0,12517872.800000014
2025-08-01 01:56:10 PM,730.0,2,1460.0,12519332.800000014
2025-08-01 01:56:15 PM,730.0,2,1460.0,12520792.800000014
2025-08-01 01:56:18 PM,728.8,0,0.0,12520792.800000014
2025-08-01 01:56:20 PM,728.8,22,16033.599999999999,12536826.400000013
2025-08-01 01:56:24 PM,728.6,0,0.0,12536826.400000013
2025-08-01 01:56:25 PM,728.6,1,728.6,12537555.000000013
2025-08-01 01:56:30 PM,728.6,4,2914.4,12540469.400000013
2025-08-01 01:56:35 PM,728.6,1,728.6,12541198.000000013
2025-08-01 01:56:38 PM,728.65,0,0.0,12541198.000000013
2025-08-01 01:56:40 PM,729.35,0,0.0,12541198.000000013
2025-08-01 01:56:40 PM,729.35,2,1458.7,12542656.700000012
2025-08-01 01:56:44 PM,729.45,0,0.0,12542656.700000012
2025-08-01 01:56:45 PM,729.45,2,1458.9,12544115.600000013
2025-08-01 01:56:48 PM,729.6,0,0.0,12544115.600000013
2025-08-01 01:56:50 PM,729.6,2,1459.2,12545574.800000012
2025-08-01 01:56:54 PM,729.7,0,0.0,12545574.800000012
2025-08-01 01:56:55 PM,729.7,1,729.7,12546304.500000011
2025-08-01 01:57:00 PM,729.7,3,2189.1000000000004,12548493.60000001
2025-08-01 01:57:05 PM,729.7,1,729.7,12549223.30000001
2025-08-01 01:57:10 PM,729.7,3,2189.1000000000004,12551412.40000001
2025-08-01 01:57:14 PM,729.75,0,0.0,12551412.40000001
2025-08-01 01:57:15 PM,729.75,2,1459.5,12552871.90000001
2025-08-01 01:57:18 PM,729.95,0,0.0,12552871.90000001
2025-08-01 01:57:20 PM,729.95,2,1459.9,12554331.80000001
2025-08-01 01:57:24 PM,730.0,0,0.0,12554331.80000001
2025-08-01 01:57:25 PM,730.0,1,730.0,12555061.80000001
2025-08-01 01:57:29 PM,730.0,3,2190.0,12557251.80000001
2025-08-01 01:57:34 PM,730.0,1,730.0,12557981.80000001
2025-08-01 01:57:39 PM,730.0,2,1460.0,12559441.80000001
2025-08-01 01:57:44 PM,730.0,2,1460.0,12560901.80000001
2025-08-01 01:57:48 PM,730.0,3,2190.0,12563091.80000001
2025-08-01 01:57:54 PM,730.0,1,730.0,12563821.80000001
2025-08-01 01:57:59 PM,730.0,3,2190.0,12566011.80000001
2025-08-01 01:58:04 PM,730.0,1,730.0,12566741.80000001
2025-08-01 01:58:09 PM,730.0,2,1460.0,12568201.80000001
2025-08-01 01:58:14 PM,730.0,2,1460.0,12569661.80000001
2025-08-01 01:58:19 PM,730.0,2,1460.0,12571121.80000001
2025-08-01 01:58:23 PM,730.0,1,730.0,12571851.80000001
2025-08-01 01:58:29 PM,730.0,4,2920.0,12574771.80000001
2025-08-01 01:58:34 PM,730.0,1,730.0,12575501.80000001
2025-08-01 01:58:39 PM,730.0,2,1460.0,12576961.80000001
2025-08-01 01:58:44 PM,730.0,2,1460.0,12578421.80000001
2025-08-01 01:58:49 PM,730.0,2,1460.0,12579881.80000001
2025-08-01 01:58:54 PM,730.0,1,730.0,12580611.80000001
2025-08-01 01:58:59 PM,730.0,3,2190.0,12582801.80000001
2025-08-01 01:59:03 PM,730.0,7,5110.0,12587911.80000001
2025-08-01 01:59:04 PM,730.0,1,730.0,12588641.80000001
2025-08-01 01:59:08 PM,730.0,3,2190.0,12590831.80000001
2025-08-01 01:59:14 PM,730.0,2,1460.0,12592291.80000001
2025-08-01 01:59:19 PM,730.0,2,1460.0,12593751.80000001
2025-08-01 01:59:24 PM,730.0,1,730.0,12594481.80000001
2025-08-01 01:59:29 PM,730.0,3,2190.0,12596671.80000001
2025-08-01 01:59:34 PM,730.0,1,730.0,12597401.80000001
2025-08-01 01:59:39 PM,730.0,2,1460.0,12598861.80000001
2025-08-01 01:59:44 PM,730.0,2,1460.0,12600321.80000001
2025-08-01 01:59:49 PM,730.0,3,2190.0,12602511.80000001
2025-08-01 01:59:54 PM,730.0,1,730.0,12603241.80000001
2025-08-01 02:00:32 PM,727.75,0,0.0,12603241.80000001
2025-08-01 02:00:34 PM,727.75,517,376246.75,12979488.55000001
2025-08-01 02:00:46 PM,725.65,0,0.0,12979488.55000001
2025-08-01 02:00:48 PM,725.65,34,24672.1,13004160.65000001
2025-08-01 02:01:29 PM,725.0,0,0.0,13004160.65000001
2025-08-01 02:01:32 PM,725.0,7,5075.0,13009235.65000001
2025-08-01 02:02:55 PM,724.75,1,724.75,13009960.40000001
2025-08-01 02:04:10 PM,724.1,0,0.0,13009960.40000001
2025-08-01 02:04:11 PM,724.1,1,724.1,13010684.50000001
2025-08-01 02:04:52 PM,724.3,10,7243.0,13017927.50000001
2025-08-01 02:05:17 PM,724.1,0,0.0,13017927.50000001
2025-08-01 02:05:17 PM,724.1,1,724.1,13018651.600000009
2025-08-01 02:06:37 PM,724.25,0,0.0,13018651.600000009
2025-08-01 02:06:38 PM,724.25,56,40558.0,13059209.600000009
2025-08-01 02:06:39 PM,725.05,0,0.0,13059209.600000009
2025-08-01 02:06:42 PM,725.05,25,18126.25,13077335.850000009
2025-08-01 02:07:14 PM,724.7,125,90587.5,13167923.350000009
2025-08-01 02:10:41 PM,725.0,77,55825.0,13223748.350000009
2025-08-01 02:15:08 PM,724.0,0,0.0,13223748.350000009
2025-08-01 02:15:08 PM,724.0,46,33304.0,13257052.350000009
2025-08-01 02:15:16 PM,723.3,0,0.0,13257052.350000009
2025-08-01 02:15:16 PM,723.3,3,2169.8999999999996,13259222.25000001
2025-08-01 02:15:58 PM,723.0,0,0.0,13259222.25000001
2025-08-01 02:16:00 PM,723.0,102,73746.0,13332968.25000001
2025-08-01 02:18:13 PM,723.25,3,2169.75,13335138.00000001
2025-08-01 02:19:16 PM,723.15,0,0.0,13335138.00000001
2025-08-01 02:19:18 PM,723.15,13,9400.949999999999,13344538.950000009
2025-08-01 02:19:23 PM,722.95,0,0.0,13344538.950000009
2025-08-01 02:19:24 PM,722.95,17,12290.150000000001,13356829.100000009
2025-08-01 02:19:29 PM,722.9,1,722.9,13357552.00000001
2025-08-01 02:19:56 PM,722.4,0,0.0,13357552.00000001
2025-08-01 02:19:56 PM,722.4,3,2167.2,13359719.200000009
2025-08-01 02:21:08 PM,722.85,0,0.0,13359719.200000009
2025-08-01 02:21:12 PM,722.85,16,11565.6,13371284.800000008
2025-08-01 02:21:58 PM,723.1,0,0.0,13371284.800000008
2025-08-01 02:21:59 PM,723.1,5,3615.5,13374900.300000008
2025-08-01 02:22:15 PM,722.45,104,75134.8,13450035.100000009
2025-08-01 02:22:43 PM,722.35,11,7945.85,13457980.950000009
2025-08-01 02:22:46 PM,722.45,0,0.0,13457980.950000009
2025-08-01 02:22:48 PM,722.45,5,3612.25,13461593.200000009
2025-08-01 02:23:17 PM,722.0,0,0.0,13461593.200000009
2025-08-01 02:23:20 PM,722.0,35,25270.0,13486863.200000009
2025-08-01 02:23:32 PM,721.7,0,0.0,13486863.200000009
2025-08-01 02:23:36 PM,721.7,5,3608.5,13490471.700000009
2025-08-01 02:23:38 PM,722.15,0,0.0,13490471.700000009
2025-08-01 02:23:41 PM,723.05,0,0.0,13490471.700000009
2025-08-01 02:23:41 PM,723.05,151,109180.54999999999,13599652.25000001
2025-08-01 02:23:50 PM,723.35,0,0.0,13599652.25000001
2025-08-01 02:23:52 PM,723.35,2,1446.7,13601098.950000009
2025-08-01 02:25:17 PM,723.35,8,5786.8,13606885.75000001
2025-08-01 02:25:49 PM,723.35,1,723.35,13607609.100000009
2025-08-01 02:26:44 PM,723.45,0,0.0,13607609.100000009
2025-08-01 02:26:46 PM,723.45,1,723.45,13608332.550000008
2025-08-01 02:27:36 PM,723.15,0,0.0,13608332.550000008
2025-08-01 02:27:39 PM,723.1,0,0.0,13608332.550000008
2025-08-01 02:27:41 PM,723.1,139,100510.90000000001,13708843.450000009
2025-08-01 02:28:00 PM,722.05,0,0.0,13708843.450000009
2025-08-01 02:28:02 PM,722.05,1,722.05,13709565.50000001
2025-08-01 02:28:40 PM,722.6,0,0.0,13709565.50000001
2025-08-01 02:28:40 PM,722.6,21,15174.6,13724740.100000009
2025-08-01 02:30:09 PM,723.05,0,0.0,13724740.100000009
2025-08-01 02:30:10 PM,723.05,2,1446.1,13726186.200000009
2025-08-01 02:33:37 PM,722.6,0,0.0,13726186.200000009
2025-08-01 02:33:38 PM,722.6,100,72260.0,13798446.200000009
2025-08-01 02:33:58 PM,723.35,0,0.0,13798446.200000009
2025-08-01 02:34:00 PM,723.35,13,9403.550000000001,13807849.75000001
2025-08-01 02:34:37 PM,722.65,0,0.0,13807849.75000001
2025-08-01 02:34:39 PM,722.65,2,1445.3,13809295.05000001
2025-08-01 02:35:21 PM,723.2,0,0.0,13809295.05000001
2025-08-01 02:35:23 PM,723.2,12,8678.400000000001,13817973.45000001
2025-08-01 02:36:20 PM,723.2,4,2892.8,13820866.250000011
2025-08-01 02:37:14 PM,723.2,2,1446.4,13822312.650000012
2025-08-01 02:38:17 PM,722.95,0,0.0,13822312.650000012
2025-08-01 02:38:19 PM,722.95,3,2168.8500000000004,13824481.500000011
2025-08-01 02:40:46 PM,723.45,25,18086.25,13842567.750000011
2025-08-01 02:40:47 PM,722.55,49,35404.95,13877972.70000001
2025-08-01 02:40:51 PM,722.55,3,2167.6499999999996,13880140.35000001
2025-08-01 02:41:39 PM,722.7,0,0.0,13880140.35000001
2025-08-01 02:41:40 PM,722.7,17,12285.900000000001,13892426.250000011
2025-08-01 02:43:54 PM,722.7,21,15176.7,13907602.95000001
2025-08-01 02:45:07 PM,721.9,0,0.0,13907602.95000001
2025-08-01 02:45:08 PM,721.9,30,21657.0,13929259.95000001
2025-08-01 02:47:04 PM,721.9,2,1443.8,13930703.750000011
2025-08-01 02:47:18 PM,722.7,0,0.0,13930703.750000011
2025-08-01 02:47:22 PM,722.7,10,7227.0,13937930.750000011
2025-08-01 02:49:02 PM,723.05,0,0.0,13937930.750000011
2025-08-01 02:49:03 PM,723.05,2,1446.1,13939376.85000001
2025-08-01 02:49:30 PM,723.35,0,0.0,13939376.85000001
2025-08-01 02:49:31 PM,723.35,2,1446.7,13940823.55000001
2025-08-01 02:50:01 PM,723.7,0,0.0,13940823.55000001
2025-08-01 02:50:04 PM,723.7,2,1447.4,13942270.95000001
2025-08-01 02:50:13 PM,723.85,0,0.0,13942270.95000001
2025-08-01 02:50:15 PM,723.85,2,1447.7,13943718.65000001
2025-08-01 02:50:42 PM,723.95,2,1447.9,13945166.55000001
2025-08-01 02:54:35 PM,723.15,2,1446.3,13946612.85000001
2025-08-01 02:55:17 PM,722.5,0,0.0,13946612.85000001
2025-08-01 02:55:17 PM,722.5,2,1445.0,13948057.85000001
2025-08-01 02:57:56 PM,722.25,0,0.0,13948057.85000001
2025-08-01 02:57:56 PM,722.25,5,3611.25,13951669.10000001
2025-08-01 02:58:09 PM,722.3,6,4333.799999999999,13956002.900000012
2025-08-01 02:58:28 PM,721.4,0,0.0,13956002.900000012
2025-08-01 02:58:32 PM,721.1,0,0.0,13956002.900000012
2025-08-01 02:58:32 PM,721.1,4,2884.4,13958887.300000012
2025-08-01 02:58:38 PM,721.1,3,2163.3,13961050.600000013
2025-08-01 02:58:43 PM,721.1,6,4326.6,13965377.200000012
2025-08-01 02:58:54 PM,721.1,2,1442.2,13966819.400000012
2025-08-01 02:58:55 PM,721.0,44,31724.0,13998543.400000012
2025-08-01 02:59:11 PM,720.5,5,3602.5,14002145.900000012
2025-08-01 02:59:13 PM,720.5,4,2882.0,14005027.900000012
2025-08-01 02:59:34 PM,720.2,0,0.0,14005027.900000012
2025-08-01 02:59:35 PM,720.2,10,7202.0,14012229.900000012
2025-08-01 02:59:36 PM,719.7,0,0.0,14012229.900000012
2025-08-01 02:59:39 PM,720.15,24,17283.6,14029513.500000011
2025-08-01 02:59:47 PM,720.15,16,11522.4,14041035.900000012
2025-08-01 03:00:01 PM,720.9,21,15138.9,14056174.800000012
2025-08-01 03:00:04 PM,723.35,0,0.0,14056174.800000012
2025-08-01 03:00:08 PM,722.6,271,195824.6,14251999.400000012
2025-08-01 03:00:10 PM,723.3,1,723.3,14252722.700000012
2025-08-01 03:00:11 PM,722.3,0,0.0,14252722.700000012
2025-08-01 03:00:13 PM,722.55,0,0.0,14252722.700000012
2025-08-01 03:00:14 PM,722.55,24,17341.199999999997,14270063.900000012
2025-08-01 03:00:16 PM,721.7,10,7217.0,14277280.900000012
2025-08-01 03:00:23 PM,722.8,0,0.0,14277280.900000012
2025-08-01 03:00:25 PM,722.8,1,722.8,14278003.700000012
2025-08-01 03:00:29 PM,721.55,0,0.0,14278003.700000012
2025-08-01 03:00:31 PM,721.55,4,2886.2,14280889.900000012
2025-08-01 03:00:35 PM,721.8,0,0.0,14280889.900000012
2025-08-01 03:00:37 PM,721.8,15,10827.0,14291716.900000012
2025-08-01 03:00:40 PM,722.05,1,722.05,14292438.950000012
2025-08-01 03:01:02 PM,723.0,0,0.0,14292438.950000012
2025-08-01 03:01:03 PM,723.0,66,47718.0,14340156.950000012
2025-08-01 03:01:14 PM,723.5,4,2894.0,14343050.950000012
2025-08-01 03:01:20 PM,723.75,0,0.0,14343050.950000012
2025-08-01 03:01:23 PM,723.75,2,1447.5,14344498.450000012
2025-08-01 03:01:26 PM,724.45,33,23906.850000000002,14368405.300000012
2025-08-01 03:01:31 PM,724.5,0,0.0,14368405.300000012
2025-08-01 03:01:32 PM,724.5,3,2173.5,14370578.800000012
2025-08-01 03:01:43 PM,722.2,0,0.0,14370578.800000012
2025-08-01 03:01:44 PM,722.2,278,200771.6,14571350.400000012
2025-08-01 03:01:58 PM,723.3,0,0.0,14571350.400000012
2025-08-01 03:01:59 PM,723.3,1,723.3,14572073.700000012
2025-08-01 03:02:01 PM,723.65,1,723.65,14572797.350000013
2025-08-01 03:02:04 PM,724.0,0,0.0,14572797.350000013
2025-08-01 03:02:05 PM,724.0,1,724.0,14573521.350000013
2025-08-01 03:02:14 PM,723.8,1,723.8,14574245.150000013
2025-08-01 03:02:20 PM,723.8,2,1447.6,14575692.750000013
2025-08-01 03:02:22 PM,724.25,0,0.0,14575692.750000013
2025-08-01 03:02:24 PM,724.25,1,724.25,14576417.000000013
2025-08-01 03:02:28 PM,724.3,0,0.0,14576417.000000013
2025-08-01 03:02:30 PM,724.3,21,15210.3,14591627.300000014
2025-08-01 03:02:38 PM,723.55,1,723.55,14592350.850000015
2025-08-01 03:02:57 PM,723.1,1,723.1,14593073.950000014
2025-08-01 03:03:03 PM,723.9,2,1447.8,14594521.750000015
2025-08-01 03:03:13 PM,723.6,4,2894.4,14597416.150000015
2025-08-01 03:03:21 PM,723.7,1,723.7,14598139.850000015
2025-08-01 03:03:25 PM,722.65,2,1445.3,14599585.150000015
2025-08-01 03:03:54 PM,723.1,1,723.1,14600308.250000015
2025-08-01 03:04:01 PM,723.1,2,1446.2,14601754.450000014
2025-08-01 03:04:04 PM,723.1,1,723.1,14602477.550000014
2025-08-01 03:04:11 PM,722.95,1,722.95,14603200.500000013
2025-08-01 03:04:23 PM,723.1,3,2169.3,14605369.800000014
2025-08-01 03:04:41 PM,722.95,1,722.95,14606092.750000013
2025-08-01 03:05:01 PM,723.7,0,0.0,14606092.750000013
2025-08-01 03:05:02 PM,723.95,0,0.0,14606092.750000013
2025-08-01 03:05:02 PM,723.95,24,17374.800000000003,14623467.550000014
2025-08-01 03:05:12 PM,723.85,3,2171.55,14625639.100000015
2025-08-01 03:05:14 PM,723.8,0,0.0,14625639.100000015
2025-08-01 03:05:15 PM,723.8,1,723.8,14626362.900000015
2025-08-01 03:05:22 PM,724.4,8,5795.2,14632158.100000015
2025-08-01 03:05:25 PM,724.4,1,724.4,14632882.500000015
2025-08-01 03:05:37 PM,722.65,0,0.0,14632882.500000015
2025-08-01 03:05:37 PM,722.65,8,5781.2,14638663.700000014
2025-08-01 03:05:41 PM,723.7,1,723.7,14639387.400000013
2025-08-01 03:05:53 PM,722.4,2,1444.8,14640832.200000014
2025-08-01 03:06:02 PM,723.05,4,2892.2,14643724.400000013
2025-08-01 03:06:05 PM,724.05,0,0.0,14643724.400000013
2025-08-01 03:06:06 PM,724.05,51,36926.549999999996,14680650.950000014
2025-08-01 03:06:18 PM,722.2,4,2888.8,14683539.750000015
2025-08-01 03:06:33 PM,723.25,1,723.25,14684263.000000015
2025-08-01 03:06:39 PM,723.85,1,723.85,14684986.850000015
2025-08-01 03:07:10 PM,722.7,0,0.0,14684986.850000015
2025-08-01 03:07:10 PM,722.7,1,722.7,14685709.550000014
2025-08-01 03:07:14 PM,722.7,4,2890.8,14688600.350000015
2025-08-01 03:07:28 PM,722.95,0,0.0,14688600.350000015
2025-08-01 03:07:29 PM,722.95,1,722.95,14689323.300000014
2025-08-01 03:07:49 PM,722.3,0,0.0,14689323.300000014
2025-08-01 03:07:51 PM,722.3,1,722.3,14690045.600000015
2025-08-01 03:08:03 PM,722.35,4,2889.4,14692935.000000015
2025-08-01 03:08:03 PM,721.85,0,0.0,14692935.000000015
