date,price,qty,trnvr,cum_trnvr
2025-08-01 09:15:04 AM,1328.0,50,66400.0,66400.0
2025-08-01 09:15:06 AM,1345.5,100,134550.0,200950.0
2025-08-01 09:15:13 AM,1328.3,0,0.0,200950.0
2025-08-01 09:15:16 AM,1334.5,55,73397.5,274347.5
2025-08-01 09:15:17 AM,1334.9,150,200235.0,474582.5
2025-08-01 09:15:22 AM,1333.3,0,0.0,474582.5
2025-08-01 09:15:23 AM,1333.6,0,0.0,474582.5
2025-08-01 09:15:25 AM,1333.6,95,126691.99999999999,601274.5
2025-08-01 09:15:29 AM,1332.4,0,0.0,601274.5
2025-08-01 09:15:33 AM,1327.3,0,0.0,601274.5
2025-08-01 09:15:34 AM,1327.3,175,232277.5,833552.0
2025-08-01 09:15:42 AM,1324.1,233,308515.3,1142067.3
2025-08-01 09:15:55 AM,1322.7,0,0.0,1142067.3
2025-08-01 09:15:57 AM,1321.2,0,0.0,1142067.3
2025-08-01 09:15:59 AM,1323.8,192,254169.59999999998,1396236.9
2025-08-01 09:16:01 AM,1323.0,5,6615.0,1402851.9
2025-08-01 09:16:03 AM,1322.5,0,0.0,1402851.9
2025-08-01 09:16:07 AM,1321.2,357,471668.4,1874520.2999999998
2025-08-01 09:16:09 AM,1321.2,1,1321.2,1875841.4999999998
2025-08-01 09:16:11 AM,1318.0,0,0.0,1875841.4999999998
2025-08-01 09:16:15 AM,1318.0,531,699858.0,2575699.5
2025-08-01 09:16:17 AM,1318.1,21,27680.1,2603379.6
2025-08-01 09:16:23 AM,1316.5,1,1316.5,2604696.1
2025-08-01 09:16:30 AM,1315.9,0,0.0,2604696.1
2025-08-01 09:16:32 AM,1315.9,79,103956.1,2708652.2
2025-08-01 09:16:33 AM,1316.5,10,13165.0,2721817.2
2025-08-01 09:16:38 AM,1315.9,0,0.0,2721817.2
2025-08-01 09:16:40 AM,1315.9,122,160539.80000000002,2882357.0
2025-08-01 09:16:48 AM,1316.0,173,227668.0,3110025.0
2025-08-01 09:16:56 AM,1318.6,69,90983.4,3201008.4
2025-08-01 09:17:05 AM,1318.8,63,83084.4,3284092.8
2025-08-01 09:17:06 AM,1320.8,20,26416.0,3310508.8
2025-08-01 09:17:07 AM,1320.0,0,0.0,3310508.8
2025-08-01 09:17:13 AM,1321.0,42,55482.0,3365990.8
2025-08-01 09:17:16 AM,1321.1,0,0.0,3365990.8
2025-08-01 09:17:18 AM,1322.0,0,0.0,3365990.8
2025-08-01 09:17:21 AM,1322.0,28,37016.0,3403006.8
2025-08-01 09:17:22 AM,1322.1,1,1322.1,3404328.9
2025-08-01 09:17:29 AM,1324.1,76,100631.59999999999,3504960.5
2025-08-01 09:17:38 AM,1326.8,100,132680.0,3637640.5
2025-08-01 09:17:46 AM,1326.6,25,33165.0,3670805.5
2025-08-01 09:17:52 AM,1325.2,0,0.0,3670805.5
2025-08-01 09:17:54 AM,1325.2,135,178902.0,3849707.5
2025-08-01 09:17:55 AM,1326.9,15,19903.5,3869611.0
2025-08-01 09:18:04 AM,1327.5,248,329220.0,4198831.0
2025-08-01 09:18:06 AM,1326.8,0,0.0,4198831.0
2025-08-01 09:18:08 AM,1328.6,0,0.0,4198831.0
2025-08-01 09:18:11 AM,1328.6,5,6643.0,4205474.0
2025-08-01 09:18:14 AM,1327.0,0,0.0,4205474.0
2025-08-01 09:18:19 AM,1327.0,35,46445.0,4251919.0
2025-08-01 09:18:32 AM,1328.6,0,0.0,4251919.0
2025-08-01 09:18:35 AM,1328.6,9,11957.4,4263876.4
2025-08-01 09:18:40 AM,1329.1,0,0.0,4263876.4
2025-08-01 09:18:44 AM,1329.1,25,33227.5,4297103.9
2025-08-01 09:19:02 AM,1330.0,0,0.0,4297103.9
2025-08-01 09:19:08 AM,1330.0,1,1330.0,4298433.9
2025-08-01 09:19:20 AM,1330.5,0,0.0,4298433.9
2025-08-01 09:19:24 AM,1329.7,85,113024.5,4411458.4
2025-08-01 09:19:27 AM,1332.0,0,0.0,4411458.4
2025-08-01 09:19:32 AM,1331.6,66,87885.59999999999,4499344.0
2025-08-01 09:19:43 AM,1332.0,0,0.0,4499344.0
2025-08-01 09:19:48 AM,1332.0,50,66600.0,4565944.0
2025-08-01 09:19:49 AM,1332.4,0,0.0,4565944.0
2025-08-01 09:19:50 AM,1332.4,1,1332.4,4567276.4
2025-08-01 09:19:56 AM,1332.4,10,13324.0,4580600.4
2025-08-01 09:20:04 AM,1332.2,110,146542.0,4727142.4
2025-08-01 09:20:11 AM,1331.3,0,0.0,4727142.4
2025-08-01 09:20:12 AM,1331.3,264,351463.2,5078605.600000001
2025-08-01 09:20:14 AM,1333.0,5,6665.0,5085270.600000001
2025-08-01 09:20:18 AM,1331.0,0,0.0,5085270.600000001
2025-08-01 09:20:20 AM,1330.9,4,5323.6,5090594.2
2025-08-01 09:20:28 AM,1332.3,9,11990.699999999999,5102584.9
2025-08-01 09:20:30 AM,1330.9,1,1330.9,5103915.800000001
2025-08-01 09:20:32 AM,1332.9,0,0.0,5103915.800000001
2025-08-01 09:20:36 AM,1332.9,80,106632.0,5210547.800000001
2025-08-01 09:20:36 AM,1331.3,0,0.0,5210547.800000001
2025-08-01 09:20:37 AM,1331.3,1,1331.3,5211879.100000001
2025-08-01 09:20:44 AM,1331.1,2,2662.2,5214541.300000001
2025-08-01 09:20:45 AM,1332.2,9,11989.800000000001,5226531.100000001
2025-08-01 09:21:11 AM,1330.8,0,0.0,5226531.100000001
2025-08-01 09:21:15 AM,1330.8,6,7984.799999999999,5234515.9
2025-08-01 09:21:19 AM,1331.9,0,0.0,5234515.9
2025-08-01 09:21:23 AM,1331.9,20,26638.0,5261153.9
2025-08-01 09:22:28 AM,1331.3,0,0.0,5261153.9
2025-08-01 09:22:32 AM,1331.3,65,86534.5,5347688.4
2025-08-01 09:22:33 AM,1330.0,1,1330.0,5349018.4
2025-08-01 09:22:39 AM,1330.0,8,10640.0,5359658.4
2025-08-01 09:22:41 AM,1330.0,1,1330.0,5360988.4
2025-08-01 09:22:52 AM,1331.2,0,0.0,5360988.4
2025-08-01 09:22:54 AM,1332.0,500,666000.0,6026988.4
2025-08-01 09:22:56 AM,1331.0,3,3993.0,6030981.4
2025-08-01 09:22:58 AM,1329.6,0,0.0,6030981.4
2025-08-01 09:23:02 AM,1329.6,222,295171.19999999995,6326152.600000001
2025-08-01 09:23:04 AM,1330.5,3,3991.5,6330144.100000001
2025-08-01 09:23:10 AM,1330.5,3,3991.5,6334135.600000001
2025-08-01 09:23:20 AM,1332.6,0,0.0,6334135.600000001
2025-08-01 09:23:25 AM,1332.6,240,319824.0,6653959.600000001
2025-08-01 09:23:26 AM,1331.2,0,0.0,6653959.600000001
2025-08-01 09:23:27 AM,1331.2,2,2662.4,6656622.000000001
2025-08-01 09:23:33 AM,1331.2,2,2662.4,6659284.400000001
2025-08-01 09:23:34 AM,1330.8,0,0.0,6659284.400000001
2025-08-01 09:23:39 AM,1329.5,0,0.0,6659284.400000001
2025-08-01 09:23:40 AM,1329.5,102,135609.0,6794893.400000001
2025-08-01 09:23:42 AM,1328.8,2,2657.6,6797551.000000001
2025-08-01 09:23:46 AM,1328.5,0,0.0,6797551.000000001
2025-08-01 09:23:48 AM,1328.5,1,1328.5,6798879.500000001
2025-08-01 09:24:11 AM,1328.9,5,6644.5,6805524.000000001
2025-08-01 09:24:18 AM,1330.1,11,14631.099999999999,6820155.100000001
2025-08-01 09:24:41 AM,1328.9,40,53156.0,6873311.100000001
2025-08-01 09:24:49 AM,1330.1,8,10640.8,6883951.9
2025-08-01 09:25:29 AM,1329.1,0,0.0,6883951.9
2025-08-01 09:25:33 AM,1329.1,5,6645.5,6890597.4
2025-08-01 09:26:04 AM,1329.1,1,1329.1,6891926.5
2025-08-01 09:26:36 AM,1331.0,40,53240.0,6945166.5
2025-08-01 09:26:44 AM,1332.9,0,0.0,6945166.5
2025-08-01 09:26:50 AM,1332.9,313,417197.7,7362364.2
2025-08-01 09:26:50 AM,1334.4,0,0.0,7362364.2
2025-08-01 09:26:51 AM,1334.4,3,4003.2000000000003,7366367.4
2025-08-01 09:26:56 AM,1334.5,0,0.0,7366367.4
2025-08-01 09:26:57 AM,1334.5,4,5338.0,7371705.4
2025-08-01 09:27:12 AM,1334.8,1,1334.8,7373040.2
2025-08-01 09:27:37 AM,1336.4,0,0.0,7373040.2
2025-08-01 09:27:38 AM,1337.9,0,0.0,7373040.2
2025-08-01 09:27:42 AM,1337.9,93,124424.70000000001,7497464.9
2025-08-01 09:27:42 AM,1337.5,0,0.0,7497464.9
2025-08-01 09:27:43 AM,1337.5,2,2675.0,7500139.9
2025-08-01 09:27:49 AM,1337.5,3,4012.5,7504152.4
2025-08-01 09:27:57 AM,1337.5,1,1337.5,7505489.9
2025-08-01 09:28:05 AM,1337.5,10,13375.0,7518864.9
2025-08-01 09:28:10 AM,1337.1,0,0.0,7518864.9
2025-08-01 09:28:13 AM,1337.1,93,124350.29999999999,7643215.2
2025-08-01 09:28:22 AM,1336.7,40,53468.0,7696683.2
2025-08-01 09:28:29 AM,1336.3,2,2672.6,7699355.8
2025-08-01 09:28:33 AM,1337.7,0,0.0,7699355.8
2025-08-01 09:28:36 AM,1337.7,150,200655.0,7900010.8
2025-08-01 09:28:37 AM,1336.4,2,2672.8,7902683.6
2025-08-01 09:28:43 AM,1336.4,2,2672.8,7905356.399999999
2025-08-01 09:28:54 AM,1337.3,0,0.0,7905356.399999999
2025-08-01 09:28:58 AM,1337.3,1,1337.3,7906693.699999999
2025-08-01 09:29:21 AM,1335.5,47,62768.5,7969462.199999999
2025-08-01 09:29:45 AM,1336.9,100,133690.0,8103152.199999999
2025-08-01 09:29:51 AM,1339.7,277,371096.9,8474249.1
2025-08-01 09:29:52 AM,1340.1,4,5360.4,8479609.5
2025-08-01 09:29:58 AM,1339.9,0,0.0,8479609.5
2025-08-01 09:29:59 AM,1339.9,16,21438.4,8501047.9
2025-08-01 09:30:04 AM,1338.6,0,0.0,8501047.9
2025-08-01 09:30:06 AM,1338.6,193,258349.8,8759397.700000001
2025-08-01 09:30:07 AM,1338.2,3,4014.6000000000004,8763412.3
2025-08-01 09:30:19 AM,1337.6,0,0.0,8763412.3
2025-08-01 09:30:22 AM,1337.6,2,2675.2,8766087.5
2025-08-01 09:30:40 AM,1337.7,0,0.0,8766087.5
2025-08-01 09:30:44 AM,1337.7,106,141796.2,8907883.7
2025-08-01 09:30:58 AM,1338.0,20,26760.0,8934643.7
2025-08-01 09:31:06 AM,1338.0,2,2676.0,8937319.7
2025-08-01 09:31:32 AM,1337.9,0,0.0,8937319.7
2025-08-01 09:31:35 AM,1337.9,1,1337.9,8938657.6
2025-08-01 09:31:44 AM,1336.2,0,0.0,8938657.6
2025-08-01 09:31:49 AM,1336.2,85,113577.0,9052234.6
2025-08-01 09:31:50 AM,1336.0,0,0.0,9052234.6
2025-08-01 09:31:56 AM,1336.0,5,6680.0,9058914.6
2025-08-01 09:32:00 AM,1338.0,0,0.0,9058914.6
2025-08-01 09:32:03 AM,1338.0,50,66900.0,9125814.6
2025-08-01 09:32:24 AM,1338.0,589,788082.0,9913896.6
2025-08-01 09:32:30 AM,1337.8,0,0.0,9913896.6
2025-08-01 09:32:31 AM,1337.8,5,6689.0,9920585.6
2025-08-01 09:33:11 AM,1338.9,0,0.0,9920585.6
2025-08-01 09:33:13 AM,1338.9,23,30794.7,9951380.299999999
2025-08-01 09:33:40 AM,1338.9,10,13389.0,9964769.299999999
2025-08-01 09:33:42 AM,1339.2,0,0.0,9964769.299999999
2025-08-01 09:33:47 AM,1339.2,3,4017.6000000000004,9968786.899999999
2025-08-01 09:33:56 AM,1340.9,0,0.0,9968786.899999999
2025-08-01 09:34:01 AM,1340.9,21,28158.9,9996945.799999999
2025-08-01 09:34:02 AM,1341.4,0,0.0,9996945.799999999
2025-08-01 09:34:08 AM,1341.4,145,194503.0,10191448.799999999
2025-08-01 09:34:11 AM,1341.3,0,0.0,10191448.799999999
2025-08-01 09:34:15 AM,1341.3,3,4023.8999999999996,10195472.7
2025-08-01 09:34:24 AM,1341.4,0,0.0,10195472.7
2025-08-01 09:34:26 AM,1343.9,0,0.0,10195472.7
2025-08-01 09:34:29 AM,1343.9,207,278187.30000000005,10473660.0
2025-08-01 09:34:36 AM,1343.1,5,6715.5,10480375.5
2025-08-01 09:34:37 AM,1345.0,0,0.0,10480375.5
2025-08-01 09:34:40 AM,1343.1,0,0.0,10480375.5
2025-08-01 09:34:43 AM,1343.1,411,552014.1,11032389.6
2025-08-01 09:34:51 AM,1343.9,0,0.0,11032389.6
2025-08-01 09:34:57 AM,1343.9,1,1343.9,11033733.5
2025-08-01 09:35:11 AM,1343.9,209,280875.10000000003,11314608.6
2025-08-01 09:35:18 AM,1343.9,4,5375.6,11319984.2
2025-08-01 09:35:36 AM,1343.6,0,0.0,11319984.2
2025-08-01 09:35:39 AM,1343.6,1,1343.6,11321327.799999999
2025-08-01 09:36:01 AM,1345.0,0,0.0,11321327.799999999
2025-08-01 09:36:05 AM,1345.0,26,34970.0,11356297.799999999
2025-08-01 09:36:09 AM,1344.6,0,0.0,11356297.799999999
2025-08-01 09:36:12 AM,1344.6,4,5378.4,11361676.2
2025-08-01 09:36:25 AM,1344.6,2,2689.2,11364365.399999999
2025-08-01 09:37:05 AM,1345.7,0,0.0,11364365.399999999
2025-08-01 09:37:05 AM,1345.7,17,22876.9,11387242.299999999
2025-08-01 09:37:10 AM,1345.1,0,0.0,11387242.299999999
2025-08-01 09:37:12 AM,1342.3,110,147653.0,11534895.299999999
2025-08-01 09:38:16 AM,1342.1,0,0.0,11534895.299999999
2025-08-01 09:38:20 AM,1342.1,1,1342.1,11536237.399999999
2025-08-01 09:39:13 AM,1343.6,0,0.0,11536237.399999999
2025-08-01 09:39:14 AM,1343.6,34,45682.399999999994,11581919.799999999
2025-08-01 09:39:34 AM,1342.3,103,138256.9,11720176.7
2025-08-01 09:39:37 AM,1341.3,0,0.0,11720176.7
2025-08-01 09:39:40 AM,1341.3,12,16095.599999999999,11736272.299999999
2025-08-01 09:39:47 AM,1340.5,0,0.0,11736272.299999999
2025-08-01 09:39:47 AM,1340.5,35,46917.5,11783189.799999999
2025-08-01 09:39:50 AM,1340.7,0,0.0,11783189.799999999
2025-08-01 09:39:53 AM,1340.7,4,5362.8,11788552.6
2025-08-01 09:40:10 AM,1341.0,0,0.0,11788552.6
2025-08-01 09:40:13 AM,1341.0,10,13410.0,11801962.6
2025-08-01 09:40:27 AM,1341.0,50,67050.0,11869012.6
2025-08-01 09:40:47 AM,1340.6,2,2681.2,11871693.799999999
2025-08-01 09:40:59 AM,1341.0,143,191763.0,12063456.799999999
2025-08-01 09:41:00 AM,1341.2,10,13412.0,12076868.799999999
2025-08-01 09:41:04 AM,1341.8,0,0.0,12076868.799999999
2025-08-01 09:41:06 AM,1341.8,3,4025.3999999999996,12080894.2
2025-08-01 09:41:17 AM,1341.3,0,0.0,12080894.2
2025-08-01 09:41:19 AM,1341.3,20,26826.0,12107720.2
2025-08-01 09:42:05 AM,1341.6,22,29515.199999999997,12137235.399999999
2025-08-01 09:42:25 AM,1341.6,1,1341.6,12138576.999999998
2025-08-01 09:42:31 AM,1341.6,7,9391.199999999999,12147968.199999997
2025-08-01 09:42:38 AM,1342.3,1,1342.3,12149310.499999998
2025-08-01 09:43:17 AM,1342.3,5,6711.5,12156021.999999998
2025-08-01 09:43:55 AM,1343.4,0,0.0,12156021.999999998
2025-08-01 09:43:56 AM,1343.4,5,6717.0,12162738.999999998
2025-08-01 09:44:23 AM,1342.8,73,98024.4,12260763.399999999
2025-08-01 09:44:50 AM,1342.0,22,29524.0,12290287.399999999
2025-08-01 09:44:51 AM,1341.5,0,0.0,12290287.399999999
2025-08-01 09:44:53 AM,1341.9,0,0.0,12290287.399999999
2025-08-01 09:44:55 AM,1341.9,5,6709.5,12296996.899999999
2025-08-01 09:44:58 AM,1342.5,0,0.0,12296996.899999999
2025-08-01 09:45:02 AM,1342.5,26,34905.0,12331901.899999999
2025-08-01 09:45:22 AM,1341.4,10,13414.0,12345315.899999999
2025-08-01 09:46:07 AM,1341.4,44,59021.600000000006,12404337.499999998
2025-08-01 09:47:06 AM,1340.9,86,115317.40000000001,12519654.899999999
2025-08-01 09:47:35 AM,1341.4,102,136822.80000000002,12656477.7
2025-08-01 09:47:39 AM,1339.9,0,0.0,12656477.7
2025-08-01 09:47:42 AM,1339.9,5,6699.5,12663177.2
2025-08-01 09:49:19 AM,1339.6,0,0.0,12663177.2
2025-08-01 09:49:21 AM,1339.6,2,2679.2,12665856.399999999
2025-08-01 09:49:31 AM,1339.6,10,13396.0,12679252.399999999
2025-08-01 09:50:45 AM,1340.0,0,0.0,12679252.399999999
2025-08-01 09:50:47 AM,1340.0,3,4020.0,12683272.399999999
2025-08-01 09:51:15 AM,1334.6,0,0.0,12683272.399999999
2025-08-01 09:51:19 AM,1334.6,1044,1393322.4,14076594.799999999
2025-08-01 09:51:25 AM,1334.5,0,0.0,14076594.799999999
2025-08-01 09:51:25 AM,1334.5,97,129446.5,14206041.299999999
2025-08-01 09:51:29 AM,1333.4,0,0.0,14206041.299999999
2025-08-01 09:51:31 AM,1333.4,8,10667.2,14216708.499999998
2025-08-01 09:51:32 AM,1333.5,0,0.0,14216708.499999998
2025-08-01 09:51:33 AM,1333.5,1,1333.5,14218041.999999998
2025-08-01 09:51:34 AM,1336.3,0,0.0,14218041.999999998
2025-08-01 09:51:37 AM,1336.3,193,257905.9,14475947.899999999
2025-08-01 09:51:42 AM,1334.7,0,0.0,14475947.899999999
2025-08-01 09:51:44 AM,1334.7,72,96098.40000000001,14572046.299999999
2025-08-01 09:51:46 AM,1333.6,1,1333.6,14573379.899999999
2025-08-01 09:51:53 AM,1335.1,0,0.0,14573379.899999999
2025-08-01 09:51:56 AM,1335.1,2,2670.2,14576050.099999998
2025-08-01 09:51:59 AM,1335.5,22,29381.0,14605431.099999998
2025-08-01 09:52:03 AM,1338.5,0,0.0,14605431.099999998
2025-08-01 09:52:04 AM,1338.5,249,333286.5,14938717.599999998
2025-08-01 09:52:05 AM,1337.4,0,0.0,14938717.599999998
2025-08-01 09:52:08 AM,1339.5,134,179493.0,15118210.599999998
2025-08-01 09:52:11 AM,1341.0,20,26820.0,15145030.599999998
2025-08-01 09:52:11 AM,1339.5,0,0.0,15145030.599999998
2025-08-01 09:52:14 AM,1339.5,6,8037.0,15153067.599999998
2025-08-01 09:52:17 AM,1339.2,1,1339.2,15154406.799999997
2025-08-01 09:52:26 AM,1340.9,0,0.0,15154406.799999997
2025-08-01 09:52:26 AM,1340.9,10,13409.0,15167815.799999997
2025-08-01 09:52:47 AM,1339.5,0,0.0,15167815.799999997
2025-08-01 09:52:47 AM,1339.5,1,1339.5,15169155.299999997
2025-08-01 09:53:02 AM,1339.0,0,0.0,15169155.299999997
2025-08-01 09:53:03 AM,1339.0,230,307970.0,15477125.299999997
2025-08-01 09:53:08 AM,1340.5,0,0.0,15477125.299999997
2025-08-01 09:53:09 AM,1340.5,71,95175.5,15572300.799999997
2025-08-01 09:53:15 AM,1339.2,1,1339.2,15573639.999999996
2025-08-01 09:53:47 AM,1338.8,1,1338.8,15574978.799999997
2025-08-01 09:54:15 AM,1338.3,0,0.0,15574978.799999997
2025-08-01 09:54:18 AM,1338.3,1,1338.3,15576317.099999998
2025-08-01 09:54:18 AM,1339.0,0,0.0,15576317.099999998
2025-08-01 09:54:19 AM,1339.0,2,2678.0,15578995.099999998
2025-08-01 09:54:46 AM,1338.3,0,0.0,15578995.099999998
2025-08-01 09:54:48 AM,1338.3,1,1338.3,15580333.399999999
2025-08-01 09:55:17 AM,1338.3,1,1338.3,15581671.7
2025-08-01 09:55:23 AM,1337.7,71,94976.7,15676648.399999999
2025-08-01 09:55:29 AM,1336.1,85,113568.49999999999,15790216.899999999
2025-08-01 09:55:39 AM,1335.0,0,0.0,15790216.899999999
2025-08-01 09:55:41 AM,1335.0,900,1201500.0,16991716.9
2025-08-01 09:55:46 AM,1334.5,0,0.0,16991716.9
2025-08-01 09:55:47 AM,1334.5,12,16014.0,17007730.9
2025-08-01 09:55:54 AM,1334.5,9,12010.5,17019741.4
2025-08-01 09:56:00 AM,1332.6,0,0.0,17019741.4
2025-08-01 09:56:00 AM,1332.6,1033,1376575.7999999998,18396317.2
2025-08-01 09:56:03 AM,1331.3,0,0.0,18396317.2
2025-08-01 09:56:06 AM,1331.3,12,15975.599999999999,18412292.8
2025-08-01 09:56:09 AM,1331.0,0,0.0,18412292.8
2025-08-01 09:56:12 AM,1331.0,2,2662.0,18414954.8
2025-08-01 09:56:16 AM,1330.1,0,0.0,18414954.8
2025-08-01 09:56:18 AM,1330.1,1,1330.1,18416284.900000002
2025-08-01 09:56:22 AM,1330.0,0,0.0,18416284.900000002
2025-08-01 09:56:24 AM,1330.0,16,21280.0,18437564.900000002
2025-08-01 09:56:24 AM,1328.3,20,26566.0,18464130.900000002
2025-08-01 09:56:27 AM,1327.5,0,0.0,18464130.900000002
2025-08-01 09:56:29 AM,1327.5,8,10620.0,18474750.900000002
2025-08-01 09:56:30 AM,1326.1,1043,1383122.2999999998,19857873.200000003
2025-08-01 09:56:33 AM,1325.3,0,0.0,19857873.200000003
2025-08-01 09:56:35 AM,1325.2,20,26504.0,19884377.200000003
2025-08-01 09:56:42 AM,1325.2,15,19878.0,19904255.200000003
2025-08-01 09:56:55 AM,1324.0,6,7944.0,19912199.200000003
2025-08-01 09:57:01 AM,1325.3,54,71566.2,19983765.400000002
2025-08-01 09:57:06 AM,1325.7,0,0.0,19983765.400000002
2025-08-01 09:57:06 AM,1325.7,56,74239.2,20058004.6
2025-08-01 09:57:11 AM,1325.7,8,10605.6,20068610.200000003
2025-08-01 09:57:34 AM,1325.1,0,0.0,20068610.200000003
2025-08-01 09:57:34 AM,1325.1,2,2650.2,20071260.400000002
2025-08-01 09:57:49 AM,1324.5,0,0.0,20071260.400000002
2025-08-01 09:57:49 AM,1324.5,40,52980.0,20124240.400000002
2025-08-01 09:58:38 AM,1324.6,1,1324.6,20125565.000000004
2025-08-01 09:59:12 AM,1324.5,4,5298.0,20130863.000000004
2025-08-01 09:59:55 AM,1324.5,43,56953.5,20187816.500000004
2025-08-01 10:00:11 AM,1325.1,0,0.0,20187816.500000004
2025-08-01 10:00:11 AM,1325.1,2,2650.2,20190466.700000003
2025-08-01 10:00:21 AM,1325.2,55,72886.0,20263352.700000003
2025-08-01 10:00:27 AM,1324.5,24,31788.0,20295140.700000003
2025-08-01 10:00:29 AM,1325.0,0,0.0,20295140.700000003
2025-08-01 10:00:30 AM,1325.0,200,265000.0,20560140.700000003
2025-08-01 10:00:43 AM,1324.9,10,13249.0,20573389.700000003
2025-08-01 10:00:46 AM,1325.0,0,0.0,20573389.700000003
2025-08-01 10:00:46 AM,1325.0,2,2650.0,20576039.700000003
2025-08-01 10:01:10 AM,1325.3,0,0.0,20576039.700000003
2025-08-01 10:01:11 AM,1325.3,13,17228.899999999998,20593268.6
2025-08-01 10:01:17 AM,1325.7,7,9279.9,20602548.5
2025-08-01 10:01:27 AM,1326.4,2,2652.8,20605201.3
2025-08-01 10:01:32 AM,1326.7,0,0.0,20605201.3
2025-08-01 10:01:33 AM,1326.7,20,26534.0,20631735.3
2025-08-01 10:01:48 AM,1326.6,10,13266.0,20645001.3
2025-08-01 10:02:42 AM,1326.5,11,14591.5,20659592.8
2025-08-01 10:02:49 AM,1326.5,2,2653.0,20662245.8
2025-08-01 10:02:59 AM,1326.6,0,0.0,20662245.8
2025-08-01 10:03:01 AM,1326.6,3,3979.7999999999997,20666225.6
2025-08-01 10:03:07 AM,1326.5,0,0.0,20666225.6
2025-08-01 10:03:07 AM,1326.5,10,13265.0,20679490.6
2025-08-01 10:04:11 AM,1326.8,0,0.0,20679490.6
2025-08-01 10:04:11 AM,1326.8,5,6634.0,20686124.6
2025-08-01 10:04:23 AM,1327.3,0,0.0,20686124.6
2025-08-01 10:04:23 AM,1327.3,3,3981.8999999999996,20690106.5
2025-08-01 10:04:32 AM,1326.6,3,3979.7999999999997,20694086.3
2025-08-01 10:04:44 AM,1326.6,20,26532.0,20720618.3
2025-08-01 10:05:32 AM,1326.5,12,15918.0,20736536.3
2025-08-01 10:05:38 AM,1326.5,1,1326.5,20737862.8
2025-08-01 10:05:40 AM,1327.3,6,7963.799999999999,20745826.6
2025-08-01 10:06:10 AM,1326.5,2,2653.0,20748479.6
2025-08-01 10:06:12 AM,1327.4,0,0.0,20748479.6
2025-08-01 10:06:13 AM,1327.4,40,53096.0,20801575.6
2025-08-01 10:06:18 AM,1326.5,0,0.0,20801575.6
2025-08-01 10:06:19 AM,1326.5,13,17244.5,20818820.1
2025-08-01 10:06:22 AM,1326.5,137,181730.5,21000550.6
2025-08-01 10:06:49 AM,1325.8,4,5303.2,21005853.8
2025-08-01 10:06:56 AM,1325.8,9,11932.199999999999,21017786.0
2025-08-01 10:08:03 AM,1326.9,32,42460.8,21060246.8
2025-08-01 10:08:36 AM,1326.0,2,2652.0,21062898.8
2025-08-01 10:09:09 AM,1325.5,0,0.0,21062898.8
2025-08-01 10:09:10 AM,1325.5,65,86157.5,21149056.3
2025-08-01 10:09:13 AM,1326.9,0,0.0,21149056.3
2025-08-01 10:09:16 AM,1326.9,2,2653.8,21151710.1
2025-08-01 10:09:45 AM,1327.3,0,0.0,21151710.1
2025-08-01 10:09:45 AM,1327.3,8,10618.4,21162328.5
2025-08-01 10:10:08 AM,1326.0,1,1326.0,21163654.5
2025-08-01 10:11:20 AM,1326.1,12,15913.199999999999,21179567.7
2025-08-01 10:12:06 AM,1327.2,0,0.0,21179567.7
2025-08-01 10:12:06 AM,1327.2,3,3981.6000000000004,21183549.3
2025-08-01 10:12:40 AM,1327.3,2,2654.6,21186203.900000002
2025-08-01 10:12:42 AM,1327.0,0,0.0,21186203.900000002
2025-08-01 10:12:46 AM,1327.0,12,15924.0,21202127.900000002
2025-08-01 10:12:52 AM,1327.8,8,10622.4,21212750.3
2025-08-01 10:13:03 AM,1326.8,0,0.0,21212750.3
2025-08-01 10:13:03 AM,1326.8,25,33170.0,21245920.3
2025-08-01 10:14:14 AM,1326.8,6,7960.799999999999,21253881.1
2025-08-01 10:14:31 AM,1326.8,5,6634.0,21260515.1
2025-08-01 10:15:25 AM,1327.6,1,1327.6,21261842.700000003
2025-08-01 10:15:48 AM,1327.0,0,0.0,21261842.700000003
2025-08-01 10:15:48 AM,1327.0,2,2654.0,21264496.700000003
2025-08-01 10:15:51 AM,1327.6,0,0.0,21264496.700000003
2025-08-01 10:15:54 AM,1327.6,2,2655.2,21267151.900000002
2025-08-01 10:17:47 AM,1328.0,0,0.0,21267151.900000002
2025-08-01 10:17:49 AM,1328.0,48,63744.0,21330895.900000002
2025-08-01 10:18:12 AM,1328.0,76,100928.0,21431823.900000002
2025-08-01 10:18:41 AM,1326.3,6,7957.799999999999,21439781.700000003
2025-08-01 10:19:16 AM,1327.5,0,0.0,21439781.700000003
2025-08-01 10:19:16 AM,1327.5,1,1327.5,21441109.200000003
2025-08-01 10:20:16 AM,1326.6,0,0.0,21441109.200000003
2025-08-01 10:20:18 AM,1326.6,15,19899.0,21461008.200000003
2025-08-01 10:20:50 AM,1326.6,5,6633.0,21467641.200000003
2025-08-01 10:22:30 AM,1327.5,0,0.0,21467641.200000003
2025-08-01 10:22:30 AM,1327.5,1,1327.5,21468968.700000003
2025-08-01 10:22:41 AM,1327.6,1,1327.6,21470296.300000004
2025-08-01 10:26:07 AM,1327.6,1,1327.6,21471623.900000006
2025-08-01 10:26:10 AM,1327.6,1,1327.6,21472951.500000007
2025-08-01 10:26:37 AM,1327.7,0,0.0,21472951.500000007
2025-08-01 10:26:39 AM,1328.0,0,0.0,21472951.500000007
2025-08-01 10:26:39 AM,1328.0,11,14608.0,21487559.500000007
2025-08-01 10:26:56 AM,1328.0,25,33200.0,21520759.500000007
2025-08-01 10:26:59 AM,1328.0,4,5312.0,21526071.500000007
2025-08-01 10:28:07 AM,1328.0,10,13280.0,21539351.500000007
2025-08-01 10:28:10 AM,1328.0,3,3984.0,21543335.500000007
2025-08-01 10:28:14 AM,1327.1,0,0.0,21543335.500000007
2025-08-01 10:28:16 AM,1327.1,42,55738.2,21599073.700000007
2025-08-01 10:28:20 AM,1327.5,0,0.0,21599073.700000007
2025-08-01 10:28:21 AM,1327.5,1,1327.5,21600401.200000007
2025-08-01 10:28:31 AM,1327.0,0,0.0,21600401.200000007
2025-08-01 10:28:32 AM,1327.0,6,7962.0,21608363.200000007
2025-08-01 10:29:33 AM,1327.0,1,1327.0,21609690.200000007
2025-08-01 10:30:03 AM,1327.1,0,0.0,21609690.200000007
2025-08-01 10:30:04 AM,1327.1,1,1327.1,21611017.30000001
2025-08-01 10:30:07 AM,1322.7,377,498657.9,22109675.200000007
2025-08-01 10:30:23 AM,1322.2,0,0.0,22109675.200000007
2025-08-01 10:30:24 AM,1322.2,20,26444.0,22136119.200000007
2025-08-01 10:30:30 AM,1322.4,1,1322.4,22137441.600000005
2025-08-01 10:31:26 AM,1323.0,0,0.0,22137441.600000005
2025-08-01 10:31:27 AM,1323.0,35,46305.0,22183746.600000005
2025-08-01 10:32:10 AM,1324.0,0,0.0,22183746.600000005
2025-08-01 10:32:12 AM,1324.0,2,2648.0,22186394.600000005
2025-08-01 10:32:41 AM,1324.2,1,1324.2,22187718.800000004
2025-08-01 10:32:58 AM,1324.4,1,1324.4,22189043.200000003
2025-08-01 10:33:42 AM,1324.4,10,13244.0,22202287.200000003
2025-08-01 10:33:43 AM,1323.3,0,0.0,22202287.200000003
2025-08-01 10:33:45 AM,1323.3,20,26466.0,22228753.200000003
2025-08-01 10:34:36 AM,1323.3,2,2646.6,22231399.800000004
2025-08-01 10:34:56 AM,1325.3,0,0.0,22231399.800000004
2025-08-01 10:34:56 AM,1325.3,23,30481.899999999998,22261881.700000003
2025-08-01 10:35:24 AM,1325.6,0,0.0,22261881.700000003
2025-08-01 10:35:24 AM,1325.6,4,5302.4,22267184.1
2025-08-01 10:35:36 AM,1325.3,20,26506.0,22293690.1
2025-08-01 10:35:39 AM,1325.4,5,6627.0,22300317.1
2025-08-01 10:35:56 AM,1323.9,3,3971.7000000000003,22304288.8
2025-08-01 10:36:06 AM,1325.0,3,3975.0,22308263.8
2025-08-01 10:36:14 AM,1323.9,0,0.0,22308263.8
2025-08-01 10:36:15 AM,1323.9,3,3971.7000000000003,22312235.5
2025-08-01 10:36:24 AM,1324.9,0,0.0,22312235.5
2025-08-01 10:36:26 AM,1324.9,1,1324.9,22313560.4
2025-08-01 10:36:31 AM,1324.9,10,13249.0,22326809.4
2025-08-01 10:37:29 AM,1325.2,0,0.0,22326809.4
2025-08-01 10:37:29 AM,1325.2,113,149747.6,22476557.0
2025-08-01 10:38:14 AM,1323.4,0,0.0,22476557.0
2025-08-01 10:38:16 AM,1323.4,50,66170.0,22542727.0
2025-08-01 10:38:17 AM,1323.5,0,0.0,22542727.0
2025-08-01 10:38:18 AM,1323.5,5,6617.5,22549344.5
2025-08-01 10:38:25 AM,1325.0,0,0.0,22549344.5
2025-08-01 10:38:28 AM,1325.0,60,79500.0,22628844.5
2025-08-01 10:39:27 AM,1325.0,21,27825.0,22656669.5
2025-08-01 10:39:52 AM,1325.0,1,1325.0,22657994.5
2025-08-01 10:40:19 AM,1325.2,0,0.0,22657994.5
2025-08-01 10:40:20 AM,1325.2,24,31804.800000000003,22689799.3
2025-08-01 10:41:33 AM,1324.1,0,0.0,22689799.3
2025-08-01 10:41:33 AM,1324.1,171,226421.09999999998,22916220.400000002
2025-08-01 10:42:52 AM,1324.1,10,13241.0,22929461.400000002
2025-08-01 10:43:06 AM,1324.4,0,0.0,22929461.400000002
2025-08-01 10:43:07 AM,1324.4,35,46354.0,22975815.400000002
2025-08-01 10:43:17 AM,1324.4,1,1324.4,22977139.8
2025-08-01 10:44:29 AM,1325.6,36,47721.6,23024861.400000002
2025-08-01 10:45:20 AM,1326.2,0,0.0,23024861.400000002
2025-08-01 10:45:21 AM,1326.2,3,3978.6000000000004,23028840.000000004
2025-08-01 10:46:03 AM,1325.2,0,0.0,23028840.000000004
2025-08-01 10:46:04 AM,1325.2,23,30479.600000000002,23059319.600000005
2025-08-01 10:46:33 AM,1325.2,12,15902.400000000001,23075222.000000004
2025-08-01 10:46:42 AM,1325.6,0,0.0,23075222.000000004
2025-08-01 10:46:45 AM,1325.6,1,1325.6,23076547.600000005
2025-08-01 10:47:16 AM,1325.2,0,0.0,23076547.600000005
2025-08-01 10:47:17 AM,1325.2,31,41081.200000000004,23117628.800000004
2025-08-01 10:48:00 AM,1325.2,10,13252.0,23130880.800000004
2025-08-01 10:48:05 AM,1325.2,20,26504.0,23157384.800000004
2025-08-01 10:48:26 AM,1324.3,0,0.0,23157384.800000004
2025-08-01 10:48:27 AM,1324.3,1,1324.3,23158709.100000005
2025-08-01 10:48:36 AM,1324.1,0,0.0,23158709.100000005
2025-08-01 10:48:38 AM,1324.1,45,59584.49999999999,23218293.600000005
2025-08-01 10:49:28 AM,1325.0,0,0.0,23218293.600000005
2025-08-01 10:49:28 AM,1325.0,5,6625.0,23224918.600000005
2025-08-01 10:50:10 AM,1324.9,0,0.0,23224918.600000005
2025-08-01 10:50:10 AM,1324.9,1,1324.9,23226243.500000004
2025-08-01 10:50:44 AM,1324.9,10,13249.0,23239492.500000004
2025-08-01 10:52:06 AM,1324.9,19,25173.100000000002,23264665.600000005
2025-08-01 10:53:16 AM,1324.2,1,1324.2,23265989.800000004
2025-08-01 10:53:21 AM,1324.2,1,1324.2,23267314.000000004
2025-08-01 10:53:28 AM,1323.0,69,91287.0,23358601.000000004
2025-08-01 10:53:37 AM,1323.0,2,2646.0,23361247.000000004
2025-08-01 10:53:53 AM,1323.0,3,3969.0,23365216.000000004
2025-08-01 10:54:36 AM,1323.0,111,146853.0,23512069.000000004
2025-08-01 10:54:41 AM,1323.1,0,0.0,23512069.000000004
2025-08-01 10:54:41 AM,1323.1,29,38369.899999999994,23550438.900000002
2025-08-01 10:54:50 AM,1323.9,0,0.0,23550438.900000002
2025-08-01 10:54:52 AM,1323.9,1,1323.9,23551762.8
2025-08-01 10:55:04 AM,1324.1,0,0.0,23551762.8
2025-08-01 10:55:07 AM,1324.1,1,1324.1,23553086.900000002
2025-08-01 10:55:38 AM,1323.0,0,0.0,23553086.900000002
2025-08-01 10:55:41 AM,1323.0,145,191835.0,23744921.900000002
2025-08-01 10:55:50 AM,1322.1,0,0.0,23744921.900000002
2025-08-01 10:55:51 AM,1322.1,14,18509.399999999998,23763431.3
2025-08-01 10:55:52 AM,1322.9,0,0.0,23763431.3
2025-08-01 10:55:52 AM,1322.9,1,1322.9,23764754.2
2025-08-01 10:56:02 AM,1322.9,10,13229.0,23777983.2
2025-08-01 10:56:04 AM,1323.0,0,0.0,23777983.2
2025-08-01 10:56:06 AM,1323.0,1,1323.0,23779306.2
2025-08-01 10:56:38 AM,1322.9,0,0.0,23779306.2
2025-08-01 10:56:38 AM,1322.9,2,2645.8,23781952.0
2025-08-01 10:57:00 AM,1322.8,0,0.0,23781952.0
2025-08-01 10:57:00 AM,1322.8,1,1322.8,23783274.8
2025-08-01 10:58:18 AM,1322.9,0,0.0,23783274.8
2025-08-01 10:58:19 AM,1322.9,2,2645.8,23785920.6
2025-08-01 10:59:00 AM,1323.0,0,0.0,23785920.6
2025-08-01 10:59:02 AM,1323.0,18,23814.0,23809734.6
2025-08-01 10:59:38 AM,1323.0,2,2646.0,23812380.6
2025-08-01 11:00:04 AM,1322.4,0,0.0,23812380.6
2025-08-01 11:00:06 AM,1322.4,2,2644.8,23815025.400000002
2025-08-01 11:00:11 AM,1323.0,0,0.0,23815025.400000002
2025-08-01 11:00:12 AM,1323.0,2,2646.0,23817671.400000002
2025-08-01 11:00:18 AM,1323.0,19,25137.0,23842808.400000002
2025-08-01 11:00:29 AM,1323.0,1,1323.0,23844131.400000002
2025-08-01 11:01:47 AM,1323.1,0,0.0,23844131.400000002
2025-08-01 11:01:48 AM,1323.1,220,291082.0,24135213.400000002
2025-08-01 11:01:52 AM,1323.8,0,0.0,24135213.400000002
2025-08-01 11:01:53 AM,1323.8,1,1323.8,24136537.200000003
2025-08-01 11:02:27 AM,1324.7,0,0.0,24136537.200000003
2025-08-01 11:02:31 AM,1324.7,9,11922.300000000001,24148459.500000004
2025-08-01 11:02:45 AM,1323.6,0,0.0,24148459.500000004
2025-08-01 11:02:47 AM,1323.6,2,2647.2,24151106.700000003
2025-08-01 11:03:07 AM,1323.6,5,6618.0,24157724.700000003
2025-08-01 11:03:53 AM,1324.9,0,0.0,24157724.700000003
2025-08-01 11:03:53 AM,1325.4,0,0.0,24157724.700000003
2025-08-01 11:03:54 AM,1325.4,51,67595.40000000001,24225320.1
2025-08-01 11:03:59 AM,1323.9,0,0.0,24225320.1
2025-08-01 11:04:00 AM,1323.9,1,1323.9,24226644.0
2025-08-01 11:04:21 AM,1324.9,10,13249.0,24239893.0
2025-08-01 11:04:33 AM,1325.7,20,26514.0,24266407.0
2025-08-01 11:04:36 AM,1325.7,2,2651.4,24269058.4
2025-08-01 11:04:48 AM,1323.9,0,0.0,24269058.4
2025-08-01 11:04:48 AM,1323.9,1,1323.9,24270382.299999997
2025-08-01 11:05:02 AM,1323.9,1,1323.9,24271706.199999996
2025-08-01 11:06:12 AM,1325.7,0,0.0,24271706.199999996
2025-08-01 11:06:13 AM,1325.7,13,17234.100000000002,24288940.299999997
2025-08-01 11:07:07 AM,1326.2,0,0.0,24288940.299999997
2025-08-01 11:07:10 AM,1326.2,20,26524.0,24315464.299999997
2025-08-01 11:07:19 AM,1326.3,0,0.0,24315464.299999997
2025-08-01 11:07:21 AM,1326.3,1,1326.3,24316790.599999998
2025-08-01 11:07:25 AM,1326.4,0,0.0,24316790.599999998
2025-08-01 11:07:26 AM,1326.4,1,1326.4,24318116.999999996
2025-08-01 11:07:31 AM,1326.3,0,0.0,24318116.999999996
2025-08-01 11:07:32 AM,1326.3,2,2652.6,24320769.599999998
2025-08-01 11:07:43 AM,1325.3,42,55662.6,24376432.2
2025-08-01 11:07:47 AM,1323.7,0,0.0,24376432.2
2025-08-01 11:07:48 AM,1323.7,1,1323.7,24377755.9
2025-08-01 11:08:15 AM,1325.3,76,100722.8,24478478.7
2025-08-01 11:08:17 AM,1323.9,0,0.0,24478478.7
2025-08-01 11:08:20 AM,1323.9,1,1323.9,24479802.599999998
2025-08-01 11:08:40 AM,1323.3,30,39699.0,24519501.599999998
2025-08-01 11:09:22 AM,1323.4,8,10587.2,24530088.799999997
2025-08-01 11:09:31 AM,1323.4,1,1323.4,24531412.199999996
2025-08-01 11:10:44 AM,1324.4,0,0.0,24531412.199999996
2025-08-01 11:10:46 AM,1324.4,1,1324.4,24532736.599999994
2025-08-01 11:11:03 AM,1323.4,41,54259.4,24586995.999999993
2025-08-01 11:11:06 AM,1323.0,0,0.0,24586995.999999993
2025-08-01 11:11:08 AM,1323.0,1,1323.0,24588318.999999993
2025-08-01 11:12:07 AM,1323.0,20,26460.0,24614778.999999993
2025-08-01 11:12:20 AM,1324.0,0,0.0,24614778.999999993
2025-08-01 11:12:23 AM,1324.0,15,19860.0,24634638.999999993
2025-08-01 11:14:11 AM,1323.7,0,0.0,24634638.999999993
2025-08-01 11:14:11 AM,1323.7,1,1323.7,24635962.69999999
2025-08-01 11:14:18 AM,1323.0,1,1323.0,24637285.69999999
2025-08-01 11:14:19 AM,1323.9,0,0.0,24637285.69999999
2025-08-01 11:14:22 AM,1323.9,5,6619.5,24643905.19999999
2025-08-01 11:14:48 AM,1323.9,2,2647.8,24646552.999999993
2025-08-01 11:15:05 AM,1323.8,0,0.0,24646552.999999993
2025-08-01 11:15:05 AM,1323.8,2,2647.6,24649200.599999994
2025-08-01 11:15:09 AM,1323.1,0,0.0,24649200.599999994
2025-08-01 11:15:10 AM,1323.1,13,17200.3,24666400.899999995
2025-08-01 11:17:37 AM,1323.0,0,0.0,24666400.899999995
2025-08-01 11:17:38 AM,1323.0,1,1323.0,24667723.899999995
2025-08-01 11:17:41 AM,1322.7,0,0.0,24667723.899999995
2025-08-01 11:17:43 AM,1322.7,1,1322.7,24669046.599999994
2025-08-01 11:19:03 AM,1322.6,0,0.0,24669046.599999994
2025-08-01 11:19:07 AM,1322.6,1,1322.6,24670369.199999996
2025-08-01 11:19:56 AM,1322.6,35,46291.0,24716660.199999996
2025-08-01 11:20:22 AM,1323.0,0,0.0,24716660.199999996
2025-08-01 11:20:22 AM,1323.0,100,132300.0,24848960.199999996
2025-08-01 11:20:49 AM,1322.6,0,0.0,24848960.199999996
2025-08-01 11:20:53 AM,1322.6,5,6613.0,24855573.199999996
2025-08-01 11:20:58 AM,1324.7,0,0.0,24855573.199999996
2025-08-01 11:20:58 AM,1324.7,296,392111.2,25247684.399999995
2025-08-01 11:21:00 AM,1325.4,0,0.0,25247684.399999995
2025-08-01 11:21:02 AM,1325.5,0,0.0,25247684.399999995
2025-08-01 11:21:03 AM,1326.3,0,0.0,25247684.399999995
2025-08-01 11:21:04 AM,1325.4,4,5301.6,25252985.999999996
2025-08-01 11:21:05 AM,1325.2,0,0.0,25252985.999999996
2025-08-01 11:21:09 AM,1325.2,1,1325.2,25254311.199999996
2025-08-01 11:21:32 AM,1325.8,0,0.0,25254311.199999996
2025-08-01 11:21:36 AM,1325.8,1,1325.8,25255636.999999996
2025-08-01 11:21:54 AM,1325.0,0,0.0,25255636.999999996
2025-08-01 11:21:56 AM,1325.0,6,7950.0,25263586.999999996
2025-08-01 11:22:42 AM,1326.0,0,0.0,25263586.999999996
2025-08-01 11:22:44 AM,1326.0,38,50388.0,25313974.999999996
2025-08-01 11:23:48 AM,1324.9,0,0.0,25313974.999999996
2025-08-01 11:23:51 AM,1324.9,1,1324.9,25315299.899999995
2025-08-01 11:24:26 AM,1325.9,0,0.0,25315299.899999995
2025-08-01 11:24:28 AM,1325.7,11,14582.7,25329882.599999994
2025-08-01 11:24:33 AM,1325.7,18,23862.600000000002,25353745.199999996
2025-08-01 11:24:43 AM,1325.7,1,1325.7,25355070.899999995
2025-08-01 11:25:02 AM,1325.8,0,0.0,25355070.899999995
2025-08-01 11:25:05 AM,1325.8,4,5303.2,25360374.099999994
2025-08-01 11:27:54 AM,1325.9,1,1325.9,25361699.999999993
2025-08-01 11:28:16 AM,1326.0,0,0.0,25361699.999999993
2025-08-01 11:28:16 AM,1326.0,1,1326.0,25363025.999999993
2025-08-01 11:28:33 AM,1325.1,0,0.0,25363025.999999993
2025-08-01 11:28:36 AM,1325.1,1,1325.1,25364351.099999994
2025-08-01 11:29:57 AM,1326.4,0,0.0,25364351.099999994
2025-08-01 11:29:58 AM,1326.4,18,23875.2,25388226.299999993
2025-08-01 11:30:31 AM,1325.2,0,0.0,25388226.299999993
2025-08-01 11:30:31 AM,1325.2,75,99390.0,25487616.299999993
2025-08-01 11:30:33 AM,1324.0,0,0.0,25487616.299999993
2025-08-01 11:30:34 AM,1324.0,1,1324.0,25488940.299999993
2025-08-01 11:31:20 AM,1324.7,0,0.0,25488940.299999993
2025-08-01 11:31:22 AM,1324.7,1,1324.7,25490264.999999993
2025-08-01 11:32:29 AM,1324.0,30,39720.0,25529984.999999993
2025-08-01 11:33:16 AM,1324.0,1,1324.0,25531308.999999993
2025-08-01 11:33:52 AM,1324.0,50,66200.0,25597508.999999993
2025-08-01 11:34:46 AM,1324.8,0,0.0,25597508.999999993
2025-08-01 11:34:48 AM,1324.8,1,1324.8,25598833.799999993
2025-08-01 11:35:40 AM,1325.8,0,0.0,25598833.799999993
2025-08-01 11:35:42 AM,1325.8,14,18561.2,25617394.999999993
2025-08-01 11:36:59 AM,1326.0,0,0.0,25617394.999999993
2025-08-01 11:36:59 AM,1326.0,1,1326.0,25618720.999999993
2025-08-01 11:37:25 AM,1324.7,0,0.0,25618720.999999993
2025-08-01 11:37:26 AM,1324.7,64,84780.8,25703501.799999993
2025-08-01 11:37:45 AM,1324.2,0,0.0,25703501.799999993
2025-08-01 11:37:47 AM,1324.2,10,13242.0,25716743.799999993
2025-08-01 11:38:03 AM,1323.1,0,0.0,25716743.799999993
2025-08-01 11:38:06 AM,1323.1,1,1323.1,25718066.899999995
2025-08-01 11:38:12 AM,1324.5,1,1324.5,25719391.399999995
2025-08-01 11:38:21 AM,1323.1,0,0.0,25719391.399999995
2025-08-01 11:38:22 AM,1323.1,4,5292.4,25724683.799999993
2025-08-01 11:40:55 AM,1323.3,37,48962.1,25773645.899999995
2025-08-01 11:41:06 AM,1323.0,37,48951.0,25822596.899999995
2025-08-01 11:41:06 AM,1325.0,0,0.0,25822596.899999995
2025-08-01 11:41:07 AM,1325.0,200,265000.0,26087596.899999995
2025-08-01 11:41:12 AM,1323.6,2,2647.2,26090244.099999994
2025-08-01 11:41:25 AM,1323.4,0,0.0,26090244.099999994
2025-08-01 11:41:26 AM,1323.4,1,1323.4,26091567.499999993
2025-08-01 11:41:31 AM,1324.6,5,6623.0,26098190.499999993
2025-08-01 11:41:41 AM,1324.6,1,1324.6,26099515.099999994
2025-08-01 11:41:43 AM,1323.6,0,0.0,26099515.099999994
2025-08-01 11:41:46 AM,1323.6,2,2647.2,26102162.299999993
2025-08-01 11:42:38 AM,1324.7,127,168236.9,26270399.19999999
2025-08-01 11:42:43 AM,1324.7,2,2649.4,26273048.59999999
2025-08-01 11:42:47 AM,1324.5,0,0.0,26273048.59999999
2025-08-01 11:42:48 AM,1324.5,2,2649.0,26275697.59999999
2025-08-01 11:42:49 AM,1324.1,1,1324.1,26277021.69999999
2025-08-01 11:42:53 AM,1324.1,1,1324.1,26278345.799999993
2025-08-01 11:42:56 AM,1323.7,0,0.0,26278345.799999993
2025-08-01 11:42:58 AM,1323.7,1,1323.7,26279669.499999993
2025-08-01 11:43:00 AM,1322.8,0,0.0,26279669.499999993
2025-08-01 11:43:03 AM,1322.8,125,165350.0,26445019.499999993
2025-08-01 11:43:07 AM,1323.0,0,0.0,26445019.499999993
2025-08-01 11:43:09 AM,1323.0,4,5292.0,26450311.499999993
2025-08-01 11:43:51 AM,1324.1,5,6620.5,26456931.999999993
2025-08-01 11:44:19 AM,1323.0,0,0.0,26456931.999999993
2025-08-01 11:44:20 AM,1323.0,55,72765.0,26529696.999999993
2025-08-01 11:44:26 AM,1323.0,3,3969.0,26533665.999999993
2025-08-01 11:44:58 AM,1322.6,0,0.0,26533665.999999993
2025-08-01 11:44:59 AM,1322.6,290,383554.0,26917219.999999993
2025-08-01 11:45:01 AM,1320.3,0,0.0,26917219.999999993
2025-08-01 11:45:01 AM,1322.2,0,0.0,26917219.999999993
2025-08-01 11:45:04 AM,1323.0,3651,4830273.0,31747492.999999993
2025-08-01 11:45:04 AM,1323.5,0,0.0,31747492.999999993
2025-08-01 11:45:07 AM,1322.5,0,0.0,31747492.999999993
2025-08-01 11:45:09 AM,1322.5,14,18515.0,31766007.999999993
2025-08-01 11:45:10 AM,1322.2,0,0.0,31766007.999999993
2025-08-01 11:45:15 AM,1322.2,8,10577.6,31776585.599999994
2025-08-01 11:45:16 AM,1322.0,0,0.0,31776585.599999994
2025-08-01 11:45:20 AM,1322.0,6,7932.0,31784517.599999994
2025-08-01 11:45:22 AM,1323.0,0,0.0,31784517.599999994
2025-08-01 11:45:23 AM,1321.6,0,0.0,31784517.599999994
2025-08-01 11:45:24 AM,1321.2,0,0.0,31784517.599999994
2025-08-01 11:45:25 AM,1321.2,82,108338.40000000001,31892855.999999993
2025-08-01 11:45:25 AM,1321.3,1,1321.3,31894177.299999993
2025-08-01 11:45:26 AM,1321.1,0,0.0,31894177.299999993
2025-08-01 11:45:28 AM,1320.9,0,0.0,31894177.299999993
2025-08-01 11:45:31 AM,1322.8,97,128311.59999999999,32022488.899999995
2025-08-01 11:45:34 AM,1322.6,0,0.0,32022488.899999995
2025-08-01 11:45:36 AM,1322.6,6,7935.599999999999,32030424.499999996
2025-08-01 11:45:59 AM,1323.1,0,0.0,32030424.499999996
2025-08-01 11:46:03 AM,1323.1,39,51600.899999999994,32082025.399999995
2025-08-01 11:46:37 AM,1323.2,0,0.0,32082025.399999995
2025-08-01 11:46:40 AM,1323.2,113,149521.6,32231546.999999996
2025-08-01 11:47:26 AM,1323.2,5,6616.0,32238162.999999996
2025-08-01 11:47:33 AM,1323.4,0,0.0,32238162.999999996
2025-08-01 11:47:34 AM,1323.2,0,0.0,32238162.999999996
2025-08-01 11:47:36 AM,1323.2,101,133643.2,32371806.199999996
2025-08-01 11:47:44 AM,1323.6,0,0.0,32371806.199999996
2025-08-01 11:47:46 AM,1323.6,36,47649.6,32419455.799999997
2025-08-01 11:47:57 AM,1323.6,1,1323.6,32420779.4
2025-08-01 11:48:30 AM,1324.8,0,0.0,32420779.4
2025-08-01 11:48:32 AM,1324.8,1,1324.8,32422104.2
2025-08-01 11:48:53 AM,1324.8,1,1324.8,32423429.0
2025-08-01 11:49:13 AM,1324.8,4,5299.2,32428728.2
2025-08-01 11:49:30 AM,1326.5,0,0.0,32428728.2
2025-08-01 11:49:34 AM,1326.5,51,67651.5,32496379.7
2025-08-01 11:49:40 AM,1326.5,6,7959.0,32504338.7
2025-08-01 11:49:45 AM,1326.5,9,11938.5,32516277.2
2025-08-01 11:50:02 AM,1326.6,0,0.0,32516277.2
2025-08-01 11:50:05 AM,1326.6,3,3979.7999999999997,32520257.0
2025-08-01 11:50:28 AM,1327.8,0,0.0,32520257.0
2025-08-01 11:50:31 AM,1327.8,35,46473.0,32566730.0
2025-08-01 11:50:34 AM,1328.6,0,0.0,32566730.0
2025-08-01 11:50:36 AM,1328.6,1,1328.6,32568058.6
2025-08-01 11:51:27 AM,1327.5,0,0.0,32568058.6
2025-08-01 11:51:30 AM,1327.5,120,159300.0,32727358.6
2025-08-01 11:51:31 AM,1327.6,0,0.0,32727358.6
2025-08-01 11:51:35 AM,1327.6,4,5310.4,32732669.0
2025-08-01 11:51:40 AM,1327.6,1,1327.6,32733996.6
2025-08-01 11:51:42 AM,1328.5,0,0.0,32733996.6
2025-08-01 11:51:44 AM,1328.4,0,0.0,32733996.6
2025-08-01 11:51:45 AM,1328.4,2,2656.8,32736653.400000002
2025-08-01 11:51:56 AM,1328.8,0,0.0,32736653.400000002
2025-08-01 11:51:56 AM,1328.8,1,1328.8,32737982.200000003
2025-08-01 11:51:58 AM,1327.9,0,0.0,32737982.200000003
2025-08-01 11:52:00 AM,1327.9,1,1327.9,32739310.1
2025-08-01 11:52:16 AM,1328.4,1,1328.4,32740638.5
2025-08-01 11:52:32 AM,1329.1,25,33227.5,32773866.0
2025-08-01 11:52:35 AM,1329.1,1,1329.1,32775195.1
2025-08-01 11:54:02 AM,1329.2,5,6646.0,32781841.1
2025-08-01 11:55:03 AM,1329.4,18,23929.2,32805770.3
2025-08-01 11:55:07 AM,1329.5,0,0.0,32805770.3
2025-08-01 11:55:08 AM,1329.5,1,1329.5,32807099.8
2025-08-01 11:55:22 AM,1329.6,0,0.0,32807099.8
2025-08-01 11:55:23 AM,1330.4,0,0.0,32807099.8
2025-08-01 11:55:23 AM,1330.4,152,202220.80000000002,33009320.6
2025-08-01 11:55:29 AM,1330.5,0,0.0,33009320.6
2025-08-01 11:55:30 AM,1330.5,1,1330.5,33010651.1
2025-08-01 11:55:31 AM,1330.9,0,0.0,33010651.1
2025-08-01 11:55:33 AM,1330.9,2,2661.8,33013312.900000002
2025-08-01 11:55:34 AM,1330.9,1,1330.9,33014643.8
2025-08-01 11:55:47 AM,1330.3,0,0.0,33014643.8
2025-08-01 11:55:48 AM,1330.3,2,2660.6,33017304.400000002
2025-08-01 11:56:19 AM,1332.6,47,62632.2,33079936.6
2025-08-01 11:56:23 AM,1332.9,0,0.0,33079936.6
2025-08-01 11:56:24 AM,1332.9,1,1332.9,33081269.5
2025-08-01 11:56:28 AM,1333.6,0,0.0,33081269.5
2025-08-01 11:56:29 AM,1333.6,1,1333.6,33082603.1
2025-08-01 11:56:33 AM,1332.6,0,0.0,33082603.1
2025-08-01 11:56:34 AM,1332.6,80,106608.0,33189211.1
2025-08-01 11:57:03 AM,1332.1,0,0.0,33189211.1
2025-08-01 11:57:04 AM,1332.1,69,91914.9,33281126.0
2025-08-01 11:57:06 AM,1331.8,0,0.0,33281126.0
2025-08-01 11:57:09 AM,1331.8,2,2663.6,33283789.6
2025-08-01 11:58:37 AM,1330.5,10,13305.0,33297094.6
2025-08-01 11:58:39 AM,1331.7,0,0.0,33297094.6
2025-08-01 11:58:42 AM,1331.7,1,1331.7,33298426.3
2025-08-01 11:58:49 AM,1331.7,1,1331.7,33299758.0
2025-08-01 11:58:58 AM,1331.7,10,13317.0,33313075.0
2025-08-01 11:59:03 AM,1330.6,0,0.0,33313075.0
2025-08-01 11:59:03 AM,1330.6,10,13306.0,33326381.0
2025-08-01 11:59:12 AM,1330.8,0,0.0,33326381.0
2025-08-01 11:59:14 AM,1330.8,2,2661.6,33329042.6
2025-08-01 11:59:25 AM,1331.0,50,66550.0,33395592.6
2025-08-01 11:59:28 AM,1331.8,0,0.0,33395592.6
2025-08-01 11:59:28 AM,1331.8,13,17313.399999999998,33412906.0
2025-08-01 11:59:34 AM,1331.8,1,1331.8,33414237.8
2025-08-01 12:00:31 PM,1333.1,0,0.0,33414237.8
2025-08-01 12:00:31 PM,1333.1,27,35993.7,33450231.5
2025-08-01 12:00:36 PM,1333.1,2,2666.2,33452897.7
2025-08-01 12:01:36 PM,1332.7,9,11994.300000000001,33464892.0
2025-08-01 12:01:37 PM,1333.0,0,0.0,33464892.0
2025-08-01 12:01:39 PM,1333.0,40,53320.0,33518212.0
2025-08-01 12:01:48 PM,1331.6,0,0.0,33518212.0
2025-08-01 12:01:48 PM,1331.6,1,1331.6,33519543.6
2025-08-01 12:02:14 PM,1332.5,0,0.0,33519543.6
2025-08-01 12:02:15 PM,1332.5,1,1332.5,33520876.1
2025-08-01 12:02:22 PM,1332.5,1,1332.5,33522208.6
2025-08-01 12:03:03 PM,1332.5,4,5330.0,33527538.6
2025-08-01 12:03:58 PM,1332.5,25,33312.5,33560851.1
2025-08-01 12:04:03 PM,1332.5,2,2665.0,33563516.1
2025-08-01 12:04:12 PM,1332.4,0,0.0,33563516.1
2025-08-01 12:04:14 PM,1332.4,6,7994.400000000001,33571510.5
2025-08-01 12:05:20 PM,1332.4,6,7994.400000000001,33579504.9
2025-08-01 12:05:40 PM,1333.7,0,0.0,33579504.9
2025-08-01 12:05:43 PM,1333.7,1,1333.7,33580838.6
2025-08-01 12:06:12 PM,1332.1,0,0.0,33580838.6
2025-08-01 12:06:14 PM,1332.1,46,61276.6,33642115.2
2025-08-01 12:06:14 PM,1332.2,0,0.0,33642115.2
2025-08-01 12:06:18 PM,1332.2,1,1332.2,33643447.400000006
2025-08-01 12:06:33 PM,1332.4,27,35974.8,33679422.2
2025-08-01 12:08:40 PM,1333.0,0,0.0,33679422.2
2025-08-01 12:08:43 PM,1333.0,200,266600.0,33946022.2
2025-08-01 12:08:50 PM,1332.4,0,0.0,33946022.2
2025-08-01 12:08:53 PM,1332.4,396,527630.4,34473652.6
2025-08-01 12:08:54 PM,1331.8,0,0.0,34473652.6
2025-08-01 12:08:56 PM,1331.9,0,0.0,34473652.6
2025-08-01 12:08:58 PM,1331.9,6,7991.400000000001,34481644.0
2025-08-01 12:09:02 PM,1332.1,0,0.0,34481644.0
2025-08-01 12:09:03 PM,1332.1,4,5328.4,34486972.4
2025-08-01 12:09:06 PM,1332.6,0,0.0,34486972.4
2025-08-01 12:09:08 PM,1332.6,3,3997.7999999999997,34490970.199999996
2025-08-01 12:09:10 PM,1333.8,0,0.0,34490970.199999996
2025-08-01 12:09:13 PM,1333.8,3,4001.3999999999996,34494971.599999994
2025-08-01 12:09:16 PM,1334.3,0,0.0,34494971.599999994
2025-08-01 12:09:18 PM,1334.3,2,2668.6,34497640.199999996
2025-08-01 12:09:22 PM,1335.0,0,0.0,34497640.199999996
2025-08-01 12:09:23 PM,1335.0,53,70755.0,34568395.199999996
2025-08-01 12:09:28 PM,1335.0,84,112140.0,34680535.199999996
2025-08-01 12:09:30 PM,1337.0,0,0.0,34680535.199999996
2025-08-01 12:09:32 PM,1337.1,0,0.0,34680535.199999996
2025-08-01 12:09:33 PM,1337.1,114,152429.4,34832964.599999994
2025-08-01 12:09:34 PM,1337.8,0,0.0,34832964.599999994
2025-08-01 12:09:38 PM,1337.8,3,4013.3999999999996,34836977.99999999
2025-08-01 12:09:40 PM,1338.0,0,0.0,34836977.99999999
2025-08-01 12:09:43 PM,1338.0,1,1338.0,34838315.99999999
2025-08-01 12:09:46 PM,1339.5,0,0.0,34838315.99999999
2025-08-01 12:09:48 PM,1339.5,47,62956.5,34901272.49999999
2025-08-01 12:09:48 PM,1339.4,0,0.0,34901272.49999999
2025-08-01 12:09:53 PM,1339.4,2,2678.8,34903951.29999999
2025-08-01 12:09:54 PM,1338.1,0,0.0,34903951.29999999
2025-08-01 12:09:57 PM,1338.1,3,4014.2999999999997,34907965.59999999
2025-08-01 12:10:26 PM,1339.8,0,0.0,34907965.59999999
2025-08-01 12:10:28 PM,1339.8,32,42873.6,34950839.19999999
2025-08-01 12:10:46 PM,1339.0,0,0.0,34950839.19999999
2025-08-01 12:10:48 PM,1339.0,1,1339.0,34952178.19999999
2025-08-01 12:10:50 PM,1339.8,0,0.0,34952178.19999999
2025-08-01 12:10:53 PM,1339.8,50,66990.0,35019168.19999999
2025-08-01 12:10:54 PM,1340.4,0,0.0,35019168.19999999
2025-08-01 12:10:58 PM,1340.4,3,4021.2000000000003,35023189.39999999
2025-08-01 12:11:10 PM,1335.9,0,0.0,35023189.39999999
2025-08-01 12:11:13 PM,1335.9,61,81489.90000000001,35104679.29999999
2025-08-01 12:11:18 PM,1335.9,1,1335.9,35106015.19999999
2025-08-01 12:11:52 PM,1335.9,7,9351.300000000001,35115366.499999985
2025-08-01 12:11:57 PM,1335.9,11,14694.900000000001,35130061.39999998
2025-08-01 12:12:13 PM,1336.7,0,0.0,35130061.39999998
2025-08-01 12:12:16 PM,1336.7,1,1336.7,35131398.09999999
2025-08-01 12:12:32 PM,1336.8,0,0.0,35131398.09999999
2025-08-01 12:12:37 PM,1336.8,2,2673.6,35134071.69999999
2025-08-01 12:13:03 PM,1336.8,8,10694.4,35144766.09999999
2025-08-01 12:13:38 PM,1336.4,122,163040.80000000002,35307806.89999998
2025-08-01 12:13:38 PM,1336.8,0,0.0,35307806.89999998
2025-08-01 12:13:42 PM,1336.8,11,14704.8,35322511.69999998
2025-08-01 12:14:08 PM,1337.1,25,33427.5,35355939.19999998
2025-08-01 12:15:06 PM,1337.8,0,0.0,35355939.19999998
2025-08-01 12:15:07 PM,1337.8,32,42809.6,35398748.79999998
2025-08-01 12:15:24 PM,1336.9,0,0.0,35398748.79999998
2025-08-01 12:15:28 PM,1336.9,65,86898.5,35485647.29999998
2025-08-01 12:15:36 PM,1336.0,0,0.0,35485647.29999998
2025-08-01 12:15:38 PM,1336.0,7,9352.0,35494999.29999998
2025-08-01 12:15:54 PM,1337.4,0,0.0,35494999.29999998
2025-08-01 12:15:59 PM,1337.4,62,82918.8,35577918.09999998
2025-08-01 12:16:03 PM,1335.7,130,173641.0,35751559.09999998
2025-08-01 12:16:33 PM,1335.7,2,2671.4,35754230.49999998
2025-08-01 12:17:56 PM,1335.2,0,0.0,35754230.49999998
2025-08-01 12:18:00 PM,1335.2,60,80112.0,35834342.49999998
2025-08-01 12:19:02 PM,1337.1,0,0.0,35834342.49999998
2025-08-01 12:19:05 PM,1337.1,13,17382.3,35851724.799999975
2025-08-01 12:19:25 PM,1337.1,1,1337.1,35853061.899999976
2025-08-01 12:19:30 PM,1337.1,29,38775.899999999994,35891837.799999975
2025-08-01 12:19:35 PM,1337.1,1,1337.1,35893174.899999976
2025-08-01 12:20:30 PM,1338.3,0,0.0,35893174.899999976
2025-08-01 12:20:32 PM,1338.3,89,119108.7,36012283.59999998
2025-08-01 12:20:48 PM,1336.7,1,1336.7,36013620.29999998
2025-08-01 12:21:56 PM,1336.6,58,77522.79999999999,36091143.09999998
2025-08-01 12:22:11 PM,1335.3,10,13353.0,36104496.09999998
2025-08-01 12:22:50 PM,1336.4,0,0.0,36104496.09999998
2025-08-01 12:22:53 PM,1336.4,1,1336.4,36105832.49999998
2025-08-01 12:23:02 PM,1336.8,4,5347.2,36111179.69999998
2025-08-01 12:24:31 PM,1336.0,0,0.0,36111179.69999998
2025-08-01 12:24:31 PM,1336.0,87,116232.0,36227411.69999998
2025-08-01 12:24:36 PM,1336.0,13,17368.0,36244779.69999998
2025-08-01 12:25:15 PM,1336.3,0,0.0,36244779.69999998
2025-08-01 12:25:16 PM,1336.3,2,2672.6,36247452.29999998
2025-08-01 12:25:31 PM,1336.3,1,1336.3,36248788.59999998
2025-08-01 12:26:12 PM,1336.3,2,2672.6,36251461.19999998
2025-08-01 12:26:16 PM,1337.0,0,0.0,36251461.19999998
2025-08-01 12:26:17 PM,1337.0,1,1337.0,36252798.19999998
2025-08-01 12:26:34 PM,1337.4,0,0.0,36252798.19999998
2025-08-01 12:26:37 PM,1337.4,21,28085.4,36280883.59999998
2025-08-01 12:27:43 PM,1338.4,0,0.0,36280883.59999998
2025-08-01 12:27:47 PM,1338.4,18,24091.2,36304974.79999998
2025-08-01 12:28:07 PM,1338.3,6,8029.799999999999,36313004.59999998
2025-08-01 12:28:39 PM,1338.6,0,0.0,36313004.59999998
2025-08-01 12:28:41 PM,1338.6,21,28110.6,36341115.19999998
2025-08-01 12:28:43 PM,1336.7,0,0.0,36341115.19999998
2025-08-01 12:28:46 PM,1336.7,70,93569.0,36434684.19999998
2025-08-01 12:29:42 PM,1336.5,0,0.0,36434684.19999998
2025-08-01 12:29:44 PM,1336.5,1,1336.5,36436020.69999998
2025-08-01 12:30:03 PM,1335.5,3,4006.5,36440027.19999998
2025-08-01 12:30:18 PM,1335.5,1,1335.5,36441362.69999998
2025-08-01 12:30:36 PM,1335.2,0,0.0,36441362.69999998
2025-08-01 12:30:37 PM,1335.2,45,60084.0,36501446.69999998
2025-08-01 12:31:12 PM,1336.1,0,0.0,36501446.69999998
2025-08-01 12:31:12 PM,1336.1,41,54780.1,36556226.79999998
2025-08-01 12:31:17 PM,1335.6,0,0.0,36556226.79999998
2025-08-01 12:31:18 PM,1335.6,5,6678.0,36562904.79999998
2025-08-01 12:31:38 PM,1337.4,0,0.0,36562904.79999998
2025-08-01 12:31:39 PM,1337.4,100,133740.0,36696644.79999998
2025-08-01 12:32:52 PM,1335.9,6,8015.400000000001,36704660.19999998
2025-08-01 12:33:08 PM,1337.3,0,0.0,36704660.19999998
2025-08-01 12:33:12 PM,1337.3,1,1337.3,36705997.49999998
2025-08-01 12:33:31 PM,1337.3,65,86924.5,36792921.99999998
2025-08-01 12:34:43 PM,1337.3,24,32095.199999999997,36825017.19999998
2025-08-01 12:34:50 PM,1336.4,0,0.0,36825017.19999998
2025-08-01 12:34:53 PM,1336.4,4,5345.6,36830362.79999998
2025-08-01 12:35:03 PM,1336.4,1,1336.4,36831699.19999998
2025-08-01 12:35:07 PM,1336.0,0,0.0,36831699.19999998
2025-08-01 12:35:08 PM,1336.0,87,116232.0,36947931.19999998
2025-08-01 12:35:24 PM,1335.8,50,66790.0,37014721.19999998
2025-08-01 12:36:06 PM,1333.9,18,24010.2,37038731.39999998
2025-08-01 12:36:18 PM,1335.7,0,0.0,37038731.39999998
2025-08-01 12:36:21 PM,1335.7,6,8014.200000000001,37046745.59999999
2025-08-01 12:36:34 PM,1335.9,0,0.0,37046745.59999999
2025-08-01 12:36:37 PM,1335.9,3,4007.7000000000003,37050753.29999999
2025-08-01 12:37:07 PM,1335.9,35,46756.5,37097509.79999999
2025-08-01 12:38:12 PM,1336.3,0,0.0,37097509.79999999
2025-08-01 12:38:12 PM,1336.3,17,22717.1,37120226.89999999
2025-08-01 12:39:32 PM,1337.1,0,0.0,37120226.89999999
2025-08-01 12:39:35 PM,1337.1,19,25404.899999999998,37145631.79999999
2025-08-01 12:39:48 PM,1336.0,0,0.0,37145631.79999999
2025-08-01 12:39:50 PM,1336.0,1,1336.0,37146967.79999999
2025-08-01 12:40:00 PM,1337.2,1,1337.2,37148304.99999999
2025-08-01 12:42:16 PM,1335.3,0,0.0,37148304.99999999
2025-08-01 12:42:17 PM,1335.3,61,81453.3,37229758.29999999
2025-08-01 12:43:28 PM,1335.2,0,0.0,37229758.29999999
2025-08-01 12:43:29 PM,1335.2,1,1335.2,37231093.49999999
2025-08-01 12:43:37 PM,1333.8,0,0.0,37231093.49999999
2025-08-01 12:43:41 PM,1333.8,70,93366.0,37324459.49999999
2025-08-01 12:43:46 PM,1333.8,5,6669.0,37331128.49999999
2025-08-01 12:44:02 PM,1333.8,50,66690.0,37397818.49999999
2025-08-01 12:44:13 PM,1334.0,0,0.0,37397818.49999999
2025-08-01 12:44:13 PM,1334.0,3,4002.0,37401820.49999999
2025-08-01 12:44:35 PM,1334.0,1,1334.0,37403154.49999999
2025-08-01 12:46:02 PM,1335.2,0,0.0,37403154.49999999
2025-08-01 12:46:03 PM,1335.2,5,6676.0,37409830.49999999
2025-08-01 12:46:52 PM,1335.8,0,0.0,37409830.49999999
2025-08-01 12:46:52 PM,1335.8,1,1335.8,37411166.29999999
2025-08-01 12:47:42 PM,1335.7,0,0.0,37411166.29999999
2025-08-01 12:47:43 PM,1335.7,21,28049.7,37439215.99999999
2025-08-01 12:49:14 PM,1336.6,0,0.0,37439215.99999999
2025-08-01 12:49:18 PM,1335.9,16,21374.4,37460590.39999999
2025-08-01 12:49:20 PM,1337.0,0,0.0,37460590.39999999
2025-08-01 12:49:22 PM,1335.0,0,0.0,37460590.39999999
2025-08-01 12:49:23 PM,1335.0,109,145515.0,37606105.39999999
2025-08-01 12:49:50 PM,1334.3,0,0.0,37606105.39999999
2025-08-01 12:49:52 PM,1334.3,35,46700.5,37652805.89999999
2025-08-01 12:50:18 PM,1334.9,0,0.0,37652805.89999999
2025-08-01 12:50:18 PM,1334.9,1,1334.9,37654140.79999999
2025-08-01 12:50:20 PM,1333.5,2,2667.0,37656807.79999999
2025-08-01 12:50:39 PM,1335.5,100,133550.0,37790357.79999999
2025-08-01 12:51:15 PM,1334.1,0,0.0,37790357.79999999
2025-08-01 12:51:16 PM,1334.1,42,56032.2,37846389.99999999
2025-08-01 12:51:36 PM,1333.9,0,0.0,37846389.99999999
2025-08-01 12:51:37 PM,1333.9,5,6669.5,37853059.49999999
2025-08-01 12:51:42 PM,1335.5,75,100162.5,37953221.99999999
2025-08-01 12:52:10 PM,1335.6,0,0.0,37953221.99999999
2025-08-01 12:52:10 PM,1335.6,1,1335.6,37954557.599999994
2025-08-01 12:53:44 PM,1335.9,0,0.0,37954557.599999994
2025-08-01 12:53:45 PM,1335.9,1,1335.9,37955893.49999999
2025-08-01 12:54:04 PM,1335.2,0,0.0,37955893.49999999
2025-08-01 12:54:05 PM,1335.2,1,1335.2,37957228.699999996
2025-08-01 12:54:30 PM,1336.3,0,0.0,37957228.699999996
2025-08-01 12:54:30 PM,1336.3,23,30734.899999999998,37987963.599999994
2025-08-01 12:55:04 PM,1337.2,0,0.0,37987963.599999994
2025-08-01 12:55:08 PM,1337.2,4,5348.8,37993312.39999999
2025-08-01 12:55:28 PM,1335.5,0,0.0,37993312.39999999
2025-08-01 12:55:28 PM,1335.5,89,118859.5,38112171.89999999
2025-08-01 12:56:16 PM,1335.0,0,0.0,38112171.89999999
2025-08-01 12:56:18 PM,1335.0,25,33375.0,38145546.89999999
2025-08-01 12:57:10 PM,1335.4,0,0.0,38145546.89999999
2025-08-01 12:57:12 PM,1335.4,2,2670.8,38148217.69999999
2025-08-01 12:58:46 PM,1335.0,0,0.0,38148217.69999999
2025-08-01 12:58:48 PM,1333.7,0,0.0,38148217.69999999
2025-08-01 12:58:48 PM,1333.7,65,86690.5,38234908.19999999
2025-08-01 12:58:56 PM,1333.8,0,0.0,38234908.19999999
2025-08-01 12:58:59 PM,1333.8,3,4001.3999999999996,38238909.59999999
2025-08-01 12:59:02 PM,1333.7,0,0.0,38238909.59999999
2025-08-01 12:59:04 PM,1333.7,5,6668.5,38245578.09999999
2025-08-01 01:00:37 PM,1334.7,1,1334.7,38246912.79999999
2025-08-01 01:01:13 PM,1333.8,0,0.0,38246912.79999999
2025-08-01 01:01:14 PM,1333.8,6,8002.799999999999,38254915.59999999
2025-08-01 01:02:24 PM,1334.0,0,0.0,38254915.59999999
2025-08-01 01:02:25 PM,1334.0,1,1334.0,38256249.59999999
2025-08-01 01:03:34 PM,1334.0,1,1334.0,38257583.59999999
2025-08-01 01:04:03 PM,1334.7,0,0.0,38257583.59999999
2025-08-01 01:04:03 PM,1334.7,1,1334.7,38258918.29999999
2025-08-01 01:05:09 PM,1332.3,0,0.0,38258918.29999999
2025-08-01 01:05:12 PM,1332.3,130,173199.0,38432117.29999999
2025-08-01 01:05:16 PM,1332.0,0,0.0,38432117.29999999
2025-08-01 01:05:17 PM,1332.0,5,6660.0,38438777.29999999
2025-08-01 01:05:18 PM,1331.4,101,134471.40000000002,38573248.69999999
2025-08-01 01:05:33 PM,1333.9,0,0.0,38573248.69999999
2025-08-01 01:05:34 PM,1333.9,68,90705.20000000001,38663953.89999999
2025-08-01 01:05:55 PM,1335.3,0,0.0,38663953.89999999
2025-08-01 01:05:58 PM,1335.3,57,76112.09999999999,38740065.99999999
2025-08-01 01:06:19 PM,1336.9,0,0.0,38740065.99999999
2025-08-01 01:06:19 PM,1336.9,22,29411.800000000003,38769477.79999999
2025-08-01 01:06:23 PM,1335.3,0,0.0,38769477.79999999
2025-08-01 01:06:24 PM,1335.3,70,93471.0,38862948.79999999
2025-08-01 01:07:30 PM,1335.3,1,1335.3,38864284.09999999
2025-08-01 01:08:18 PM,1334.0,1,1334.0,38865618.09999999
2025-08-01 01:09:08 PM,1335.0,10,13350.0,38878968.09999999
2025-08-01 01:10:55 PM,1335.0,1,1335.0,38880303.09999999
2025-08-01 01:10:59 PM,1335.0,13,17355.0,38897658.09999999
2025-08-01 01:13:03 PM,1334.3,0,0.0,38897658.09999999
2025-08-01 01:13:05 PM,1334.3,1,1334.3,38898992.39999998
2025-08-01 01:13:13 PM,1334.3,30,40029.0,38939021.39999998
2025-08-01 01:13:33 PM,1335.9,0,0.0,38939021.39999998
2025-08-01 01:13:35 PM,1335.9,386,515657.4,39454678.79999998
2025-08-01 01:13:37 PM,1338.0,0,0.0,39454678.79999998
2025-08-01 01:13:38 PM,1338.0,151,202038.0,39656716.79999998
2025-08-01 01:13:51 PM,1338.9,0,0.0,39656716.79999998
2025-08-01 01:13:54 PM,1338.9,10,13389.0,39670105.79999998
2025-08-01 01:14:02 PM,1339.9,0,0.0,39670105.79999998
2025-08-01 01:14:03 PM,1339.9,5,6699.5,39676805.29999998
2025-08-01 01:14:21 PM,1339.9,1,1339.9,39678145.19999998
2025-08-01 01:14:34 PM,1340.0,0,0.0,39678145.19999998
2025-08-01 01:14:34 PM,1340.0,110,147400.0,39825545.19999998
2025-08-01 01:15:54 PM,1343.5,12,16122.0,39841667.19999998
2025-08-01 01:16:08 PM,1343.4,0,0.0,39841667.19999998
2025-08-01 01:16:08 PM,1343.4,20,26868.0,39868535.19999998
2025-08-01 01:16:10 PM,1339.1,0,0.0,39868535.19999998
2025-08-01 01:16:10 PM,1339.9,0,0.0,39868535.19999998
2025-08-01 01:16:11 PM,1339.9,158,211704.2,40080239.39999998
2025-08-01 01:16:15 PM,1339.9,11,14738.900000000001,40094978.29999998
2025-08-01 01:16:32 PM,1339.0,0,0.0,40094978.29999998
2025-08-01 01:16:33 PM,1339.0,433,579787.0,40674765.29999998
2025-08-01 01:17:00 PM,1338.4,0,0.0,40674765.29999998
2025-08-01 01:17:00 PM,1338.4,16,21414.4,40696179.69999998
2025-08-01 01:17:30 PM,1338.0,0,0.0,40696179.69999998
2025-08-01 01:17:30 PM,1338.0,92,123096.0,40819275.69999998
2025-08-01 01:17:42 PM,1338.3,0,0.0,40819275.69999998
2025-08-01 01:17:42 PM,1338.3,22,29442.6,40848718.29999998
2025-08-01 01:17:46 PM,1339.8,0,0.0,40848718.29999998
2025-08-01 01:17:47 PM,1339.8,1,1339.8,40850058.09999998
2025-08-01 01:17:48 PM,1338.4,0,0.0,40850058.09999998
2025-08-01 01:17:50 PM,1338.4,1,1338.4,40851396.49999998
2025-08-01 01:20:09 PM,1338.4,32,42828.8,40894225.299999975
2025-08-01 01:21:12 PM,1338.3,0,0.0,40894225.299999975
2025-08-01 01:21:14 PM,1338.3,1,1338.3,40895563.59999997
2025-08-01 01:22:34 PM,1337.5,0,0.0,40895563.59999997
2025-08-01 01:22:35 PM,1337.5,1,1337.5,40896901.09999997
2025-08-01 01:24:04 PM,1338.3,0,0.0,40896901.09999997
2025-08-01 01:24:05 PM,1338.3,4,5353.2,40902254.299999975
2025-08-01 01:24:38 PM,1338.5,0,0.0,40902254.299999975
2025-08-01 01:24:39 PM,1338.5,1,1338.5,40903592.799999975
2025-08-01 01:26:43 PM,1337.4,0,0.0,40903592.799999975
2025-08-01 01:26:47 PM,1337.4,103,137752.2,41041344.99999998
2025-08-01 01:27:16 PM,1337.4,1,1337.4,41042682.399999976
2025-08-01 01:28:04 PM,1338.5,0,0.0,41042682.399999976
2025-08-01 01:28:05 PM,1338.5,1,1338.5,41044020.899999976
2025-08-01 01:28:43 PM,1338.5,20,26770.0,41070790.899999976
2025-08-01 01:29:49 PM,1338.5,23,30785.5,41101576.399999976
2025-08-01 01:31:03 PM,1338.5,12,16062.0,41117638.399999976
2025-08-01 01:31:29 PM,1338.5,2,2677.0,41120315.399999976
2025-08-01 01:31:34 PM,1338.5,1,1338.5,41121653.899999976
2025-08-01 01:31:54 PM,1337.6,100,133760.0,41255413.899999976
2025-08-01 01:32:04 PM,1337.5,1,1337.5,41256751.399999976
2025-08-01 01:33:27 PM,1338.5,24,32124.0,41288875.399999976
2025-08-01 01:33:42 PM,1337.7,0,0.0,41288875.399999976
2025-08-01 01:33:46 PM,1337.7,12,16052.400000000001,41304927.799999975
2025-08-01 01:34:29 PM,1338.5,0,0.0,41304927.799999975
2025-08-01 01:34:29 PM,1338.5,16,21416.0,41326343.799999975
2025-08-01 01:34:57 PM,1338.5,1,1338.5,41327682.299999975
2025-08-01 01:36:09 PM,1338.9,11,14727.900000000001,41342410.19999997
2025-08-01 01:36:18 PM,1337.0,0,0.0,41342410.19999997
2025-08-01 01:36:19 PM,1337.0,227,303499.0,41645909.19999997
2025-08-01 01:36:29 PM,1337.0,171,228627.0,41874536.19999997
2025-08-01 01:36:46 PM,1337.5,0,0.0,41874536.19999997
2025-08-01 01:36:49 PM,1337.5,1,1337.5,41875873.69999997
2025-08-01 01:38:01 PM,1338.9,0,0.0,41875873.69999997
2025-08-01 01:38:02 PM,1338.9,14,18744.600000000002,41894618.299999975
2025-08-01 01:38:03 PM,1338.4,18,24091.2,41918709.49999998
2025-08-01 01:38:22 PM,1339.6,0,0.0,41918709.49999998
2025-08-01 01:38:25 PM,1339.6,1,1339.6,41920049.09999998
2025-08-01 01:38:34 PM,1338.4,0,0.0,41920049.09999998
2025-08-01 01:38:35 PM,1338.4,5,6692.0,41926741.09999998
2025-08-01 01:38:43 PM,1337.1,0,0.0,41926741.09999998
2025-08-01 01:38:46 PM,1337.1,112,149755.19999999998,42076496.29999998
2025-08-01 01:41:15 PM,1335.4,37,49409.8,42125906.09999998
2025-08-01 01:41:34 PM,1334.5,0,0.0,42125906.09999998
2025-08-01 01:41:34 PM,1334.5,1,1334.5,42127240.59999998
2025-08-01 01:41:48 PM,1335.4,0,0.0,42127240.59999998
2025-08-01 01:41:48 PM,1335.4,9,12018.6,42139259.19999998
2025-08-01 01:42:08 PM,1334.0,0,0.0,42139259.19999998
2025-08-01 01:42:08 PM,1334.0,64,85376.0,42224635.19999998
2025-08-01 01:44:30 PM,1335.5,0,0.0,42224635.19999998
2025-08-01 01:44:32 PM,1335.5,6,8013.0,42232648.19999998
2025-08-01 01:45:15 PM,1335.6,0,0.0,42232648.19999998
2025-08-01 01:45:17 PM,1335.6,1,1335.6,42233983.79999998
2025-08-01 01:46:18 PM,1334.3,0,0.0,42233983.79999998
2025-08-01 01:46:20 PM,1334.3,1,1334.3,42235318.09999998
2025-08-01 01:47:04 PM,1335.7,0,0.0,42235318.09999998
2025-08-01 01:47:06 PM,1335.7,11,14692.7,42250010.79999998
2025-08-01 01:48:03 PM,1336.6,0,0.0,42250010.79999998
2025-08-01 01:48:06 PM,1336.6,2,2673.2,42252683.999999985
2025-08-01 01:48:21 PM,1336.6,5,6683.0,42259366.999999985
2025-08-01 01:48:40 PM,1337.0,0,0.0,42259366.999999985
2025-08-01 01:48:42 PM,1337.0,1,1337.0,42260703.999999985
2025-08-01 01:50:01 PM,1335.7,0,0.0,42260703.999999985
2025-08-01 01:50:03 PM,1335.7,10,13357.0,42274060.999999985
2025-08-01 01:51:02 PM,1335.8,0,0.0,42274060.999999985
2025-08-01 01:51:02 PM,1335.8,1,1335.8,42275396.79999998
2025-08-01 01:52:02 PM,1336.7,0,0.0,42275396.79999998
2025-08-01 01:52:05 PM,1336.7,9,12030.300000000001,42287427.09999998
2025-08-01 01:52:06 PM,1336.8,1,1336.8,42288763.899999976
2025-08-01 01:53:26 PM,1337.0,0,0.0,42288763.899999976
2025-08-01 01:53:28 PM,1337.0,50,66850.0,42355613.899999976
2025-08-01 01:53:34 PM,1335.7,0,0.0,42355613.899999976
2025-08-01 01:53:37 PM,1335.7,21,28049.7,42383663.59999998
2025-08-01 01:54:18 PM,1334.9,0,0.0,42383663.59999998
2025-08-01 01:54:20 PM,1334.9,6,8009.400000000001,42391672.99999998
2025-08-01 01:55:01 PM,1335.8,0,0.0,42391672.99999998
2025-08-01 01:55:03 PM,1335.8,10,13358.0,42405030.99999998
2025-08-01 01:55:32 PM,1336.4,0,0.0,42405030.99999998
2025-08-01 01:55:33 PM,1336.4,1,1336.4,42406367.399999976
2025-08-01 01:55:34 PM,1335.8,0,0.0,42406367.399999976
2025-08-01 01:55:38 PM,1335.8,2,2671.6,42409038.99999998
2025-08-01 01:55:48 PM,1335.3,1,1335.3,42410374.299999975
2025-08-01 01:57:03 PM,1336.6,4,5346.4,42415720.69999997
2025-08-01 01:57:54 PM,1336.7,0,0.0,42415720.69999997
2025-08-01 01:57:56 PM,1336.7,11,14703.7,42430424.399999976
2025-08-01 01:58:10 PM,1334.0,0,0.0,42430424.399999976
2025-08-01 01:58:11 PM,1334.0,105,140070.0,42570494.399999976
2025-08-01 01:58:28 PM,1334.8,0,0.0,42570494.399999976
2025-08-01 01:58:31 PM,1334.8,2,2669.6,42573163.99999998
2025-08-01 01:59:22 PM,1335.0,0,0.0,42573163.99999998
2025-08-01 01:59:27 PM,1335.0,9,12015.0,42585178.99999998
2025-08-01 01:59:37 PM,1335.4,0,0.0,42585178.99999998
2025-08-01 01:59:37 PM,1335.4,11,14689.400000000001,42599868.399999976
2025-08-01 02:00:05 PM,1335.9,0,0.0,42599868.399999976
2025-08-01 02:00:07 PM,1335.9,1,1335.9,42601204.299999975
2025-08-01 02:01:11 PM,1335.9,10,13359.0,42614563.299999975
2025-08-01 02:01:48 PM,1334.5,0,0.0,42614563.299999975
2025-08-01 02:01:49 PM,1334.5,6,8007.0,42622570.299999975
2025-08-01 02:02:51 PM,1334.0,0,0.0,42622570.299999975
2025-08-01 02:02:53 PM,1334.0,6,8004.0,42630574.299999975
2025-08-01 02:03:54 PM,1334.0,1,1334.0,42631908.299999975
2025-08-01 02:04:05 PM,1335.1,0,0.0,42631908.299999975
2025-08-01 02:04:09 PM,1335.1,7,9345.699999999999,42641253.99999998
2025-08-01 02:04:52 PM,1335.0,0,0.0,42641253.99999998
2025-08-01 02:04:55 PM,1335.0,1,1335.0,42642588.99999998
2025-08-01 02:05:08 PM,1335.5,0,0.0,42642588.99999998
2025-08-01 02:05:10 PM,1335.5,50,66775.0,42709363.99999998
2025-08-01 02:05:15 PM,1333.6,87,116023.2,42825387.19999998
2025-08-01 02:06:56 PM,1334.0,10,13340.0,42838727.19999998
2025-08-01 02:07:24 PM,1334.8,0,0.0,42838727.19999998
2025-08-01 02:07:26 PM,1334.8,35,46718.0,42885445.19999998
2025-08-01 02:08:02 PM,1334.8,2,2669.6,42888114.79999998
2025-08-01 02:08:38 PM,1334.8,28,37374.4,42925489.19999998
2025-08-01 02:08:43 PM,1334.1,2,2668.2,42928157.39999998
2025-08-01 02:10:18 PM,1335.4,0,0.0,42928157.39999998
2025-08-01 02:10:19 PM,1335.4,22,29378.800000000003,42957536.19999998
2025-08-01 02:12:05 PM,1335.9,0,0.0,42957536.19999998
2025-08-01 02:12:07 PM,1335.9,8,10687.2,42968223.39999998
2025-08-01 02:12:41 PM,1335.7,0,0.0,42968223.39999998
2025-08-01 02:12:43 PM,1335.7,10,13357.0,42981580.39999998
2025-08-01 02:13:02 PM,1335.5,0,0.0,42981580.39999998
2025-08-01 02:13:03 PM,1335.5,4,5342.0,42986922.39999998
2025-08-01 02:14:06 PM,1332.2,406,540873.2000000001,43527795.59999999
2025-08-01 02:14:10 PM,1333.3,0,0.0,43527795.59999999
2025-08-01 02:14:12 PM,1333.3,19,25332.7,43553128.29999999
2025-08-01 02:14:14 PM,1333.2,0,0.0,43553128.29999999
2025-08-01 02:14:17 PM,1333.2,14,18664.8,43571793.09999999
2025-08-01 02:14:27 PM,1332.6,0,0.0,43571793.09999999
2025-08-01 02:14:28 PM,1332.6,1,1332.6,43573125.69999999
2025-08-01 02:16:03 PM,1333.7,0,0.0,43573125.69999999
2025-08-01 02:16:03 PM,1334.2,11,14676.2,43587801.89999999
2025-08-01 02:16:10 PM,1334.2,10,13342.0,43601143.89999999
2025-08-01 02:16:58 PM,1334.2,1,1334.2,43602478.099999994
2025-08-01 02:17:32 PM,1333.2,0,0.0,43602478.099999994
2025-08-01 02:17:34 PM,1333.2,35,46662.0,43649140.099999994
2025-08-01 02:17:58 PM,1333.9,0,0.0,43649140.099999994
2025-08-01 02:17:59 PM,1333.9,1,1333.9,43650473.99999999
2025-08-01 02:18:44 PM,1334.1,0,0.0,43650473.99999999
2025-08-01 02:18:45 PM,1334.1,10,13341.0,43663814.99999999
2025-08-01 02:19:02 PM,1334.0,0,0.0,43663814.99999999
2025-08-01 02:19:05 PM,1334.0,1,1334.0,43665148.99999999
2025-08-01 02:20:00 PM,1333.9,0,0.0,43665148.99999999
2025-08-01 02:20:04 PM,1333.9,133,177408.7,43842557.699999996
2025-08-01 02:25:33 PM,1333.0,0,0.0,43842557.699999996
2025-08-01 02:25:36 PM,1333.0,11,14663.0,43857220.699999996
2025-08-01 02:27:03 PM,1333.1,0,0.0,43857220.699999996
2025-08-01 02:27:06 PM,1333.1,5,6665.5,43863886.199999996
2025-08-01 02:27:12 PM,1333.5,12,16002.0,43879888.199999996
2025-08-01 02:28:14 PM,1332.0,0,0.0,43879888.199999996
2025-08-01 02:28:16 PM,1332.0,60,79920.0,43959808.199999996
2025-08-01 02:28:49 PM,1332.4,3,3997.2000000000003,43963805.4
2025-08-01 02:29:02 PM,1332.6,0,0.0,43963805.4
2025-08-01 02:29:06 PM,1332.6,4,5330.4,43969135.8
2025-08-01 02:29:58 PM,1333.0,0,0.0,43969135.8
2025-08-01 02:30:01 PM,1332.1,15,19981.5,43989117.3
2025-08-01 02:31:47 PM,1332.9,0,0.0,43989117.3
2025-08-01 02:31:50 PM,1332.9,10,13329.0,44002446.3
2025-08-01 02:32:09 PM,1330.9,0,0.0,44002446.3
2025-08-01 02:32:12 PM,1330.9,200,266180.0,44268626.3
2025-08-01 02:32:55 PM,1331.6,7,9321.199999999999,44277947.5
2025-08-01 02:33:39 PM,1331.6,1,1331.6,44279279.1
2025-08-01 02:34:34 PM,1331.2,3,3993.6000000000004,44283272.7
2025-08-01 02:35:15 PM,1330.6,8,10644.8,44293917.5
2025-08-01 02:35:20 PM,1331.3,11,14644.3,44308561.8
2025-08-01 02:36:40 PM,1330.1,0,0.0,44308561.8
2025-08-01 02:36:41 PM,1330.1,6,7980.599999999999,44316542.4
2025-08-01 02:36:46 PM,1330.0,0,0.0,44316542.4
2025-08-01 02:36:47 PM,1330.0,10,13300.0,44329842.4
2025-08-01 02:37:40 PM,1330.8,0,0.0,44329842.4
2025-08-01 02:37:43 PM,1330.8,10,13308.0,44343150.4
2025-08-01 02:38:04 PM,1329.7,0,0.0,44343150.4
2025-08-01 02:38:05 PM,1329.7,50,66485.0,44409635.4
2025-08-01 02:38:24 PM,1329.3,1,1329.3,44410964.699999996
2025-08-01 02:38:50 PM,1328.2,0,0.0,44410964.699999996
2025-08-01 02:38:51 PM,1328.2,10,13282.0,44424246.699999996
2025-08-01 02:39:28 PM,1329.3,0,0.0,44424246.699999996
2025-08-01 02:39:32 PM,1329.3,25,33232.5,44457479.199999996
2025-08-01 02:39:44 PM,1328.3,0,0.0,44457479.199999996
2025-08-01 02:39:48 PM,1328.3,3,3984.8999999999996,44461464.099999994
2025-08-01 02:40:50 PM,1328.6,1,1328.6,44462792.699999996
2025-08-01 02:41:33 PM,1329.0,30,39870.0,44502662.699999996
2025-08-01 02:42:36 PM,1329.0,6,7974.0,44510636.699999996
2025-08-01 02:43:00 PM,1329.6,0,0.0,44510636.699999996
2025-08-01 02:43:02 PM,1329.6,7,9307.199999999999,44519943.9
2025-08-01 02:44:02 PM,1329.0,0,0.0,44519943.9
2025-08-01 02:44:03 PM,1329.0,3,3987.0,44523930.9
2025-08-01 02:44:32 PM,1329.9,0,0.0,44523930.9
2025-08-01 02:44:37 PM,1329.9,1,1329.9,44525260.8
2025-08-01 02:45:11 PM,1329.9,300,398970.0,44924230.8
2025-08-01 02:46:08 PM,1330.3,0,0.0,44924230.8
2025-08-01 02:46:12 PM,1330.3,17,22615.1,44946845.9
2025-08-01 02:47:25 PM,1330.4,3,3991.2000000000003,44950837.1
2025-08-01 02:47:47 PM,1330.3,2,2660.6,44953497.7
2025-08-01 02:48:00 PM,1330.4,0,0.0,44953497.7
2025-08-01 02:48:04 PM,1330.4,1,1330.4,44954828.1
2025-08-01 02:48:11 PM,1330.2,1,1330.2,44956158.300000004
2025-08-01 02:49:01 PM,1330.2,2,2660.4,44958818.7
2025-08-01 02:49:28 PM,1330.2,1,1330.2,44960148.900000006
2025-08-01 02:49:32 PM,1331.0,0,0.0,44960148.900000006
2025-08-01 02:49:34 PM,1331.1,36,47919.6,45008068.50000001
2025-08-01 02:49:40 PM,1331.1,2,2662.2,45010730.70000001
2025-08-01 02:49:44 PM,1331.8,0,0.0,45010730.70000001
2025-08-01 02:49:45 PM,1331.8,13,17313.399999999998,45028044.10000001
2025-08-01 02:50:01 PM,1331.9,2,2663.8,45030707.900000006
2025-08-01 02:50:11 PM,1332.1,0,0.0,45030707.900000006
2025-08-01 02:50:13 PM,1332.1,2,2664.2,45033372.10000001
2025-08-01 02:50:15 PM,1332.4,0,0.0,45033372.10000001
2025-08-01 02:50:18 PM,1332.4,12,15988.800000000001,45049360.900000006
2025-08-01 02:50:46 PM,1332.2,2,2664.4,45052025.300000004
2025-08-01 02:51:34 PM,1330.4,31,41242.4,45093267.7
2025-08-01 02:51:51 PM,1329.0,0,0.0,45093267.7
2025-08-01 02:51:55 PM,1329.0,3,3987.0,45097254.7
2025-08-01 02:53:21 PM,1329.0,3,3987.0,45101241.7
2025-08-01 02:53:28 PM,1330.0,0,0.0,45101241.7
2025-08-01 02:53:29 PM,1330.0,520,691600.0,45792841.7
2025-08-01 02:53:30 PM,1329.9,0,0.0,45792841.7
2025-08-01 02:53:31 PM,1330.2,0,0.0,45792841.7
2025-08-01 02:53:32 PM,1330.2,36,47887.200000000004,45840728.900000006
2025-08-01 02:53:39 PM,1330.3,0,0.0,45840728.900000006
2025-08-01 02:53:39 PM,1330.3,26,34587.799999999996,45875316.7
2025-08-01 02:53:42 PM,1328.5,0,0.0,45875316.7
2025-08-01 02:53:42 PM,1328.5,70,92995.0,45968311.7
2025-08-01 02:53:49 PM,1327.0,0,0.0,45968311.7
2025-08-01 02:53:50 PM,1327.0,4,5308.0,45973619.7
2025-08-01 02:54:01 PM,1327.0,3,3981.0,45977600.7
2025-08-01 02:54:09 PM,1327.0,4,5308.0,45982908.7
2025-08-01 02:54:19 PM,1326.3,0,0.0,45982908.7
2025-08-01 02:54:20 PM,1326.3,3,3978.8999999999996,45986887.6
2025-08-01 02:54:30 PM,1325.7,0,0.0,45986887.6
2025-08-01 02:54:30 PM,1325.7,4,5302.8,45992190.4
2025-08-01 02:54:41 PM,1325.7,6,7954.200000000001,46000144.6
2025-08-01 02:54:49 PM,1325.6,0,0.0,46000144.6
2025-08-01 02:54:52 PM,1325.6,4,5302.4,46005447.0
2025-08-01 02:55:00 PM,1325.3,0,0.0,46005447.0
2025-08-01 02:55:00 PM,1325.3,3,3975.8999999999996,46009422.9
2025-08-01 02:55:09 PM,1325.1,4,5300.4,46014723.3
2025-08-01 02:55:20 PM,1325.1,3,3975.2999999999997,46018698.599999994
2025-08-01 02:55:26 PM,1325.1,5,6625.5,46025324.099999994
2025-08-01 02:55:30 PM,1325.0,0,0.0,46025324.099999994
2025-08-01 02:55:31 PM,1325.0,4,5300.0,46030624.099999994
2025-08-01 02:55:37 PM,1325.0,3,3975.0,46034599.099999994
2025-08-01 02:55:42 PM,1325.0,3,3975.0,46038574.099999994
2025-08-01 02:55:44 PM,1325.6,0,0.0,46038574.099999994
2025-08-01 02:55:48 PM,1325.6,1,1325.6,46039899.699999996
2025-08-01 02:55:51 PM,1325.0,0,0.0,46039899.699999996
2025-08-01 02:55:53 PM,1325.0,4,5300.0,46045199.699999996
2025-08-01 02:56:03 PM,1325.6,0,0.0,46045199.699999996
2025-08-01 02:56:04 PM,1325.6,4,5302.4,46050502.099999994
2025-08-01 02:56:05 PM,1326.7,0,0.0,46050502.099999994
2025-08-01 02:56:10 PM,1328.1,53,70389.29999999999,46120891.39999999
2025-08-01 02:56:23 PM,1328.3,0,0.0,46120891.39999999
2025-08-01 02:56:27 PM,1328.3,15,19924.5,46140815.89999999
2025-08-01 02:57:09 PM,1328.2,0,0.0,46140815.89999999
2025-08-01 02:57:11 PM,1328.2,10,13282.0,46154097.89999999
2025-08-01 02:58:04 PM,1326.7,0,0.0,46154097.89999999
2025-08-01 02:58:05 PM,1326.7,5,6633.5,46160731.39999999
2025-08-01 02:58:16 PM,1328.2,0,0.0,46160731.39999999
2025-08-01 02:58:17 PM,1328.2,7,9297.4,46170028.79999999
2025-08-01 02:59:57 PM,1328.0,0,0.0,46170028.79999999
2025-08-01 02:59:59 PM,1328.0,16,21248.0,46191276.79999999
2025-08-01 03:00:01 PM,1327.7,2,2655.4,46193932.19999999
2025-08-01 03:00:05 PM,1327.7,2,2655.4,46196587.59999999
2025-08-01 03:00:07 PM,1327.7,1,1327.7,46197915.29999999
2025-08-01 03:00:10 PM,1323.7,0,0.0,46197915.29999999
2025-08-01 03:00:11 PM,1323.7,257,340190.9,46538106.19999999
2025-08-01 03:00:19 PM,1324.0,5,6620.0,46544726.19999999
2025-08-01 03:00:25 PM,1319.1,449,592275.8999999999,47137002.09999999
2025-08-01 03:00:26 PM,1320.0,0,0.0,47137002.09999999
2025-08-01 03:00:29 PM,1320.1,63,83166.29999999999,47220168.39999998
2025-08-01 03:00:34 PM,1320.4,0,0.0,47220168.39999998
2025-08-01 03:00:35 PM,1320.4,16,21126.4,47241294.79999998
2025-08-01 03:00:49 PM,1320.4,1,1320.4,47242615.19999998
2025-08-01 03:00:52 PM,1320.1,0,0.0,47242615.19999998
2025-08-01 03:00:52 PM,1320.1,9,11880.9,47254496.09999998
2025-08-01 03:00:54 PM,1320.9,0,0.0,47254496.09999998
2025-08-01 03:00:55 PM,1320.9,311,410799.9,47665295.99999998
2025-08-01 03:01:04 PM,1321.4,6,7928.400000000001,47673224.399999976
2025-08-01 03:01:23 PM,1323.3,4,5293.2,47678517.59999998
2025-08-01 03:01:32 PM,1323.3,1,1323.3,47679840.899999976
2025-08-01 03:01:44 PM,1320.0,612,807840.0,48487680.899999976
2025-08-01 03:01:45 PM,1318.4,0,0.0,48487680.899999976
2025-08-01 03:01:47 PM,1318.4,6,7910.400000000001,48495591.299999975
2025-08-01 03:01:50 PM,1319.5,0,0.0,48495591.299999975
2025-08-01 03:01:50 PM,1319.5,25,32987.5,48528578.799999975
2025-08-01 03:02:02 PM,1319.4,2,2638.8,48531217.59999997
2025-08-01 03:02:13 PM,1319.5,0,0.0,48531217.59999997
2025-08-01 03:02:15 PM,1319.4,4,5277.6,48536495.19999997
2025-08-01 03:02:29 PM,1319.3,23,30343.899999999998,48566839.09999997
2025-08-01 03:02:42 PM,1319.7,100,131970.0,48698809.09999997
2025-08-01 03:02:57 PM,1319.6,1,1319.6,48700128.69999997
2025-08-01 03:03:04 PM,1319.8,19,25076.2,48725204.899999976
2025-08-01 03:03:06 PM,1319.8,1,1319.8,48726524.69999997
2025-08-01 03:03:10 PM,1319.8,1,1319.8,48727844.49999997
2025-08-01 03:03:25 PM,1319.8,3,3959.3999999999996,48731803.89999997
2025-08-01 03:03:37 PM,1319.6,0,0.0,48731803.89999997
2025-08-01 03:03:37 PM,1319.6,1,1319.6,48733123.49999997
2025-08-01 03:03:49 PM,1319.4,0,0.0,48733123.49999997
2025-08-01 03:03:52 PM,1319.4,2,2638.8,48735762.29999997
2025-08-01 03:03:55 PM,1319.4,1,1319.4,48737081.699999966
2025-08-01 03:04:04 PM,1319.4,4,5277.6,48742359.29999997
2025-08-01 03:04:08 PM,1319.3,5,6596.5,48748955.79999997
2025-08-01 03:04:20 PM,1319.3,41,54091.299999999996,48803047.099999964
2025-08-01 03:04:26 PM,1318.4,0,0.0,48803047.099999964
2025-08-01 03:04:26 PM,1318.4,6,7910.400000000001,48810957.49999996
2025-08-01 03:04:40 PM,1319.0,0,0.0,48810957.49999996
2025-08-01 03:04:41 PM,1319.0,6,7914.0,48818871.49999996
2025-08-01 03:05:02 PM,1319.0,1,1319.0,48820190.49999996
2025-08-01 03:05:09 PM,1318.8,1,1318.8,48821509.29999996
2025-08-01 03:05:11 PM,1316.7,0,0.0,48821509.29999996
2025-08-01 03:05:13 PM,1316.7,101,132986.7,48954495.99999996
2025-08-01 03:05:25 PM,1316.2,0,0.0,48954495.99999996
2025-08-01 03:05:25 PM,1316.2,6,7897.200000000001,48962393.199999966
2025-08-01 03:05:28 PM,1316.6,0,0.0,48962393.199999966
2025-08-01 03:05:28 PM,1316.6,6,7899.599999999999,48970292.79999997
2025-08-01 03:05:40 PM,1317.3,0,0.0,48970292.79999997
2025-08-01 03:05:41 PM,1317.4,189,248988.6,49219281.39999997
2025-08-01 03:05:50 PM,1317.4,30,39522.0,49258803.39999997
2025-08-01 03:06:03 PM,1317.4,54,71139.6,49329942.99999997
2025-08-01 03:06:23 PM,1318.4,0,0.0,49329942.99999997
2025-08-01 03:06:24 PM,1318.4,2,2636.8,49332579.79999997
2025-08-01 03:06:34 PM,1318.7,5,6593.5,49339173.29999997
2025-08-01 03:06:39 PM,1317.6,0,0.0,49339173.29999997
2025-08-01 03:06:40 PM,1317.6,1,1317.6,49340490.89999997
2025-08-01 03:06:42 PM,1318.9,100,131890.0,49472380.89999997
2025-08-01 03:07:05 PM,1318.2,3,3954.6000000000004,49476335.49999997
2025-08-01 03:07:11 PM,1317.4,51,67187.40000000001,49543522.89999997
2025-08-01 03:07:30 PM,1317.7,1,1317.7,49544840.59999997
2025-08-01 03:07:32 PM,1317.9,100,131790.0,49676630.59999997
2025-08-01 03:07:38 PM,1317.9,5,6589.5,49683220.09999997
2025-08-01 03:07:44 PM,1316.4,27,35542.8,49718762.89999997
2025-08-01 03:07:54 PM,1317.2,1,1317.2,49720080.09999997
2025-08-01 03:08:00 PM,1316.4,59,77667.6,49797747.69999997
2025-08-01 03:08:06 PM,1316.4,1,1316.4,49799064.09999997
2025-08-01 03:08:09 PM,1316.4,1,1316.4,49800380.49999997
2025-08-01 03:08:13 PM,1316.1,4,5264.4,49805644.89999997
2025-08-01 03:08:19 PM,1315.1,2,2630.2,49808275.09999997
2025-08-01 03:08:28 PM,1315.1,7,9205.699999999999,49817480.799999975
2025-08-01 03:08:32 PM,1314.8,114,149887.19999999998,49967367.99999998
2025-08-01 03:08:34 PM,1315.3,406,534011.7999999999,50501379.799999975
2025-08-01 03:08:37 PM,1315.6,0,0.0,50501379.799999975
2025-08-01 03:08:38 PM,1315.6,12,15787.199999999999,50517166.99999998
2025-08-01 03:08:42 PM,1315.8,0,0.0,50517166.99999998
2025-08-01 03:08:44 PM,1315.8,1,1315.8,50518482.799999975
2025-08-01 03:08:59 PM,1315.8,5,6579.0,50525061.799999975
2025-08-01 03:09:03 PM,1315.6,1,1315.6,50526377.399999976
2025-08-01 03:09:10 PM,1315.9,33,43424.700000000004,50569802.09999998
2025-08-01 03:09:16 PM,1316.0,1,1316.0,50571118.09999998
2025-08-01 03:09:22 PM,1316.0,3,3948.0,50575066.09999998
2025-08-01 03:09:28 PM,1316.0,1,1316.0,50576382.09999998
2025-08-01 03:09:41 PM,1315.9,233,306604.7,50882986.79999998
2025-08-01 03:09:54 PM,1316.3,0,0.0,50882986.79999998
2025-08-01 03:09:55 PM,1316.3,4,5265.2,50888251.999999985
2025-08-01 03:09:58 PM,1317.5,6,7905.0,50896156.999999985
2025-08-01 03:10:02 PM,1316.6,0,0.0,50896156.999999985
2025-08-01 03:10:02 PM,1316.6,6,7899.599999999999,50904056.59999999
2025-08-01 03:10:05 PM,1316.8,1,1316.8,50905373.39999998
2025-08-01 03:10:12 PM,1315.9,0,0.0,50905373.39999998
2025-08-01 03:10:13 PM,1315.9,56,73690.40000000001,50979063.79999998
2025-08-01 03:10:17 PM,1316.0,102,134232.0,51113295.79999998
2025-08-01 03:10:18 PM,1316.5,0,0.0,51113295.79999998
2025-08-01 03:10:19 PM,1316.5,32,42128.0,51155423.79999998
2025-08-01 03:10:31 PM,1315.0,10,13150.0,51168573.79999998
2025-08-01 03:10:33 PM,1314.5,1,1314.5,51169888.29999998
2025-08-01 03:10:39 PM,1313.1,150,196965.0,51366853.29999998
2025-08-01 03:10:41 PM,1314.9,0,0.0,51366853.29999998
2025-08-01 03:10:44 PM,1315.4,38,49985.200000000004,51416838.499999985
2025-08-01 03:10:52 PM,1315.4,1,1315.4,51418153.89999998
2025-08-01 03:10:56 PM,1314.1,76,99871.59999999999,51518025.499999985
2025-08-01 03:10:58 PM,1314.3,77,101201.09999999999,51619226.59999999
2025-08-01 03:10:59 PM,1315.6,0,0.0,51619226.59999999
2025-08-01 03:11:02 PM,1315.7,0,0.0,51619226.59999999
2025-08-01 03:11:02 PM,1315.7,14,18419.8,51637646.39999998
2025-08-01 03:11:09 PM,1315.7,4,5262.8,51642909.19999998
2025-08-01 03:11:16 PM,1315.7,38,49996.6,51692905.79999998
2025-08-01 03:11:24 PM,1315.3,24,31567.199999999997,51724472.999999985
2025-08-01 03:11:28 PM,1315.3,6,7891.799999999999,51732364.79999998
2025-08-01 03:11:35 PM,1315.6,1,1315.6,51733680.39999998
2025-08-01 03:11:41 PM,1315.0,10,13150.0,51746830.39999998
2025-08-01 03:11:43 PM,1315.0,10,13150.0,51759980.39999998
2025-08-01 03:11:48 PM,1314.5,6,7887.0,51767867.39999998
2025-08-01 03:12:00 PM,1314.6,4,5258.4,51773125.79999998
2025-08-01 03:12:03 PM,1313.4,12,15760.800000000001,51788886.59999998
2025-08-01 03:12:17 PM,1314.6,0,0.0,51788886.59999998
2025-08-01 03:12:20 PM,1314.7,11,14461.7,51803348.29999998
2025-08-01 03:12:22 PM,1313.9,10,13139.0,51816487.29999998
2025-08-01 03:12:39 PM,1315.0,131,172265.0,51988752.29999998
2025-08-01 03:12:49 PM,1315.3,1,1315.3,51990067.59999998
2025-08-01 03:12:52 PM,1314.7,118,155134.6,52145202.19999998
2025-08-01 03:12:59 PM,1315.1,62,81536.2,52226738.39999998
2025-08-01 03:13:02 PM,1314.6,2,2629.2,52229367.59999999
2025-08-01 03:13:06 PM,1314.9,0,0.0,52229367.59999999
2025-08-01 03:13:09 PM,1314.9,10,13149.0,52242516.59999999
2025-08-01 03:13:12 PM,1314.6,0,0.0,52242516.59999999
2025-08-01 03:13:12 PM,1314.6,1,1314.6,52243831.19999999
2025-08-01 03:13:18 PM,1313.0,14,18382.0,52262213.19999999
2025-08-01 03:13:28 PM,1313.0,24,31512.0,52293725.19999999
2025-08-01 03:13:33 PM,1313.6,9,11822.4,52305547.59999999
2025-08-01 03:13:38 PM,1313.3,0,0.0,52305547.59999999
2025-08-01 03:13:39 PM,1313.8,11,14451.8,52319999.39999998
2025-08-01 03:13:41 PM,1313.1,0,0.0,52319999.39999998
2025-08-01 03:13:42 PM,1313.1,11,14444.099999999999,52334443.499999985
2025-08-01 03:13:48 PM,1313.0,35,45955.0,52380398.499999985
2025-08-01 03:13:54 PM,1313.1,0,0.0,52380398.499999985
2025-08-01 03:13:54 PM,1313.1,5,6565.5,52386963.999999985
2025-08-01 03:13:57 PM,1312.4,3,3937.2000000000003,52390901.19999999
2025-08-01 03:14:00 PM,1313.6,2,2627.2,52393528.39999999
2025-08-01 03:14:19 PM,1315.1,210,276171.0,52669699.39999999
2025-08-01 03:14:22 PM,1315.6,3,3946.7999999999997,52673646.19999999
2025-08-01 03:14:28 PM,1315.7,11,14472.7,52688118.89999999
2025-08-01 03:14:34 PM,1314.5,20,26290.0,52714408.89999999
2025-08-01 03:14:36 PM,1315.8,0,0.0,52714408.89999999
2025-08-01 03:14:37 PM,1315.8,2,2631.6,52717040.49999999
2025-08-01 03:14:43 PM,1315.1,1,1315.1,52718355.599999994
2025-08-01 03:14:46 PM,1315.3,0,0.0,52718355.599999994
2025-08-01 03:14:47 PM,1315.3,103,135475.9,52853831.49999999
2025-08-01 03:14:52 PM,1313.3,0,0.0,52853831.49999999
2025-08-01 03:14:53 PM,1313.3,1,1313.3,52855144.79999999
2025-08-01 03:14:59 PM,1313.9,1,1313.9,52856458.69999999
2025-08-01 03:15:01 PM,1314.5,9,11830.5,52868289.19999999
2025-08-01 03:15:06 PM,1313.8,2,2627.6,52870916.79999999
2025-08-01 03:15:08 PM,1315.0,0,0.0,52870916.79999999
2025-08-01 03:15:08 PM,1315.0,100,131500.0,53002416.79999999
2025-08-01 03:15:18 PM,1314.1,0,0.0,53002416.79999999
2025-08-01 03:15:21 PM,1314.1,8,10512.8,53012929.59999999
2025-08-01 03:15:23 PM,1314.4,2,2628.8,53015558.39999998
2025-08-01 03:15:27 PM,1313.0,0,0.0,53015558.39999998
2025-08-01 03:15:28 PM,1313.0,81,106353.0,53121911.39999998
2025-08-01 03:15:42 PM,1312.0,0,0.0,53121911.39999998
2025-08-01 03:15:43 PM,1312.0,210,275520.0,53397431.39999998
2025-08-01 03:15:53 PM,1313.6,1,1313.6,53398744.999999985
2025-08-01 03:15:57 PM,1312.8,20,26256.0,53425000.999999985
2025-08-01 03:16:02 PM,1313.6,0,0.0,53425000.999999985
2025-08-01 03:16:04 PM,1313.6,1,1313.6,53426314.59999999
2025-08-01 03:16:13 PM,1313.5,3,3940.5,53430255.09999999
2025-08-01 03:16:17 PM,1313.2,0,0.0,53430255.09999999
2025-08-01 03:16:18 PM,1313.2,2,2626.4,53432881.499999985
2025-08-01 03:16:20 PM,1313.3,9,11819.699999999999,53444701.19999999
2025-08-01 03:16:25 PM,1313.4,1,1313.4,53446014.59999999
2025-08-01 03:16:28 PM,1313.5,0,0.0,53446014.59999999
2025-08-01 03:16:32 PM,1313.6,0,0.0,53446014.59999999
2025-08-01 03:16:32 PM,1313.6,276,362553.6,53808568.19999999
2025-08-01 03:16:46 PM,1313.3,92,120823.59999999999,53929391.79999999
2025-08-01 03:16:58 PM,1314.1,0,0.0,53929391.79999999
2025-08-01 03:16:59 PM,1315.0,20,26300.0,53955691.79999999
2025-08-01 03:17:02 PM,1314.6,0,0.0,53955691.79999999
2025-08-01 03:17:06 PM,1314.6,4,5258.4,53960950.19999999
2025-08-01 03:17:12 PM,1312.9,0,0.0,53960950.19999999
2025-08-01 03:17:13 PM,1312.9,94,123412.6,54084362.79999999
2025-08-01 03:17:14 PM,1312.5,100,131250.0,54215612.79999999
2025-08-01 03:17:39 PM,1314.4,10,13144.0,54228756.79999999
2025-08-01 03:17:52 PM,1314.4,23,30231.2,54258987.99999999
2025-08-01 03:18:04 PM,1314.6,0,0.0,54258987.99999999
2025-08-01 03:18:05 PM,1314.6,1,1314.6,54260302.599999994
2025-08-01 03:18:12 PM,1314.6,16,21033.6,54281336.199999996
2025-08-01 03:18:13 PM,1314.5,0,0.0,54281336.199999996
2025-08-01 03:18:14 PM,1314.5,2,2629.0,54283965.199999996
2025-08-01 03:18:18 PM,1314.4,21,27602.4,54311567.599999994
2025-08-01 03:18:20 PM,1314.6,0,0.0,54311567.599999994
2025-08-01 03:18:20 PM,1314.6,10,13146.0,54324713.599999994
2025-08-01 03:18:29 PM,1313.6,0,0.0,54324713.599999994
2025-08-01 03:18:31 PM,1313.6,36,47289.6,54372003.199999996
2025-08-01 03:18:32 PM,1314.5,0,0.0,54372003.199999996
2025-08-01 03:18:33 PM,1314.5,10,13145.0,54385148.199999996
2025-08-01 03:18:39 PM,1314.5,2,2629.0,54387777.199999996
2025-08-01 03:18:47 PM,1314.4,0,0.0,54387777.199999996
2025-08-01 03:18:51 PM,1314.4,1,1314.4,54389091.599999994
2025-08-01 03:18:59 PM,1314.3,10,13143.0,54402234.599999994
2025-08-01 03:19:01 PM,1313.7,0,0.0,54402234.599999994
2025-08-01 03:19:04 PM,1313.7,3,3941.1000000000004,54406175.699999996
2025-08-01 03:19:14 PM,1314.0,0,0.0,54406175.699999996
2025-08-01 03:19:18 PM,1314.0,10,13140.0,54419315.699999996
2025-08-01 03:19:24 PM,1313.4,0,0.0,54419315.699999996
2025-08-01 03:19:24 PM,1313.4,1,1313.4,54420629.099999994
2025-08-01 03:19:31 PM,1313.4,44,57789.600000000006,54478418.699999996
2025-08-01 03:19:39 PM,1313.6,10,13136.0,54491554.699999996
2025-08-01 03:19:43 PM,1313.4,19,24954.600000000002,54516509.3
2025-08-01 03:19:50 PM,1313.4,19,24954.600000000002,54541463.9
2025-08-01 03:19:52 PM,1313.4,2,2626.8,54544090.699999996
2025-08-01 03:19:56 PM,1313.4,27,35461.8,54579552.49999999
2025-08-01 03:19:59 PM,1313.4,2,2626.8,54582179.29999999
2025-08-01 03:20:03 PM,1313.5,19,24956.5,54607135.79999999
2025-08-01 03:20:06 PM,1313.5,3,3940.5,54611076.29999999
2025-08-01 03:20:11 PM,1313.5,4,5254.0,54616330.29999999
2025-08-01 03:20:14 PM,1313.1,33,43332.299999999996,54659662.59999999
2025-08-01 03:20:18 PM,1312.9,29,38074.100000000006,54697736.69999999
2025-08-01 03:20:21 PM,1313.0,9,11817.0,54709553.69999999
2025-08-01 03:20:26 PM,1312.9,21,27570.9,54737124.59999999
2025-08-01 03:20:28 PM,1312.9,12,15754.800000000001,54752879.39999998
2025-08-01 03:20:35 PM,1313.0,3,3939.0,54756818.39999998
2025-08-01 03:20:49 PM,1313.3,780,1024374.0,55781192.39999998
2025-08-01 03:20:53 PM,1314.5,29,38120.5,55819312.89999998
2025-08-01 03:20:59 PM,1314.5,9,11830.5,55831143.39999998
2025-08-01 03:21:07 PM,1314.5,11,14459.5,55845602.89999998
2025-08-01 03:21:14 PM,1314.5,3,3943.5,55849546.39999998
2025-08-01 03:21:23 PM,1314.5,7,9201.5,55858747.89999998
2025-08-01 03:21:30 PM,1314.5,44,57838.0,55916585.89999998
2025-08-01 03:21:35 PM,1315.0,19,24985.0,55941570.89999998
2025-08-01 03:21:41 PM,1316.0,0,0.0,55941570.89999998
2025-08-01 03:21:41 PM,1316.0,17,22372.0,55963942.89999998
2025-08-01 03:21:45 PM,1316.8,0,0.0,55963942.89999998
2025-08-01 03:21:48 PM,1316.8,1,1316.8,55965259.69999998
2025-08-01 03:22:03 PM,1316.2,5,6581.0,55971840.69999998
2025-08-01 03:22:03 PM,1316.9,0,0.0,55971840.69999998
2025-08-01 03:22:08 PM,1315.5,174,228897.0,56200737.69999998
2025-08-01 03:22:11 PM,1315.9,0,0.0,56200737.69999998
2025-08-01 03:22:15 PM,1315.4,3,3946.2000000000003,56204683.89999998
2025-08-01 03:22:19 PM,1315.9,0,0.0,56204683.89999998
2025-08-01 03:22:22 PM,1315.9,15,19738.5,56224422.39999998
2025-08-01 03:22:42 PM,1314.2,160,210272.0,56434694.39999998
2025-08-01 03:22:44 PM,1315.8,1,1315.8,56436010.19999998
2025-08-01 03:22:55 PM,1314.3,2,2628.6,56438638.79999998
2025-08-01 03:22:57 PM,1314.9,1,1314.9,56439953.69999998
2025-08-01 03:23:01 PM,1314.8,12,15777.599999999999,56455731.29999998
2025-08-01 03:23:07 PM,1314.2,0,0.0,56455731.29999998
2025-08-01 03:23:08 PM,1314.2,19,24969.8,56480701.09999998
2025-08-01 03:23:15 PM,1314.0,158,207612.0,56688313.09999998
2025-08-01 03:23:22 PM,1314.0,34,44676.0,56732989.09999998
2025-08-01 03:23:24 PM,1313.9,1,1313.9,56734302.99999998
2025-08-01 03:23:28 PM,1313.9,10,13139.0,56747441.99999998
2025-08-01 03:23:35 PM,1314.0,11,14454.0,56761895.99999998
2025-08-01 03:23:41 PM,1314.0,21,27594.0,56789489.99999998
2025-08-01 03:24:02 PM,1313.9,54,70950.6,56860440.59999998
2025-08-01 03:24:05 PM,1313.0,0,0.0,56860440.59999998
2025-08-01 03:24:08 PM,1313.0,363,476619.0,57337059.59999998
2025-08-01 03:24:15 PM,1313.7,0,0.0,57337059.59999998
2025-08-01 03:24:15 PM,1313.7,1,1313.7,57338373.29999998
2025-08-01 03:24:22 PM,1313.1,9,11817.9,57350191.19999998
2025-08-01 03:24:28 PM,1313.1,21,27575.1,57377766.29999998
2025-08-01 03:24:42 PM,1313.1,94,123431.4,57501197.69999998
2025-08-01 03:24:55 PM,1313.1,46,60402.6,57561600.29999998
2025-08-01 03:25:01 PM,1313.3,9,11819.699999999999,57573419.999999985
2025-08-01 03:25:15 PM,1313.0,18,23634.0,57597053.999999985
2025-08-01 03:25:18 PM,1313.3,0,0.0,57597053.999999985
2025-08-01 03:25:21 PM,1313.3,9,11819.699999999999,57608873.69999999
2025-08-01 03:25:28 PM,1313.3,51,66978.3,57675851.999999985
2025-08-01 03:25:41 PM,1313.2,10,13132.0,57688983.999999985
2025-08-01 03:25:47 PM,1313.2,4,5252.8,57694236.79999998
2025-08-01 03:25:48 PM,1313.0,15,19695.0,57713931.79999998
2025-08-01 03:26:01 PM,1313.0,1,1313.0,57715244.79999998
2025-08-01 03:26:14 PM,1313.1,12,15757.199999999999,57731001.999999985
2025-08-01 03:26:20 PM,1313.1,13,17070.3,57748072.29999998
2025-08-01 03:26:27 PM,1313.0,8,10504.0,57758576.29999998
2025-08-01 03:26:39 PM,1312.6,0,0.0,57758576.29999998
2025-08-01 03:26:40 PM,1312.0,86,112832.0,57871408.29999998
2025-08-01 03:26:46 PM,1312.1,0,0.0,57871408.29999998
2025-08-01 03:26:47 PM,1312.1,1,1312.1,57872720.39999998
2025-08-01 03:26:48 PM,1312.2,32,41990.4,57914710.79999998
2025-08-01 03:26:55 PM,1312.0,0,0.0,57914710.79999998
2025-08-01 03:26:55 PM,1312.0,81,106272.0,58020982.79999998
2025-08-01 03:27:07 PM,1312.0,19,24928.0,58045910.79999998
2025-08-01 03:27:10 PM,1311.9,0,0.0,58045910.79999998
2025-08-01 03:27:14 PM,1312.6,208,273020.8,58318931.59999998
2025-08-01 03:27:21 PM,1312.9,18,23632.2,58342563.79999998
2025-08-01 03:27:48 PM,1313.8,0,0.0,58342563.79999998
2025-08-01 03:27:49 PM,1313.8,9,11824.199999999999,58354387.999999985
2025-08-01 03:27:51 PM,1313.8,1,1313.8,58355701.79999998
2025-08-01 03:28:02 PM,1313.6,0,0.0,58355701.79999998
2025-08-01 03:28:03 PM,1313.6,106,139241.59999999998,58494943.39999998
2025-08-01 03:28:10 PM,1314.2,469,616359.8,59111303.19999998
2025-08-01 03:28:17 PM,1317.9,31,40854.9,59152158.09999998
2025-08-01 03:28:30 PM,1313.6,0,0.0,59152158.09999998
2025-08-01 03:28:31 PM,1313.6,9,11822.4,59163980.49999998
2025-08-01 03:28:33 PM,1314.9,1,1314.9,59165295.399999976
2025-08-01 03:28:38 PM,1317.9,55,72484.5,59237779.899999976
2025-08-01 03:28:44 PM,1314.0,4,5256.0,59243035.899999976
2025-08-01 03:28:50 PM,1317.9,0,0.0,59243035.899999976
2025-08-01 03:28:51 PM,1317.9,11,14496.900000000001,59257532.799999975
2025-08-01 03:28:53 PM,1318.0,10,13180.0,59270712.799999975
2025-08-01 03:29:00 PM,1318.1,12,15817.199999999999,59286529.99999998
2025-08-01 03:29:05 PM,1319.0,0,0.0,59286529.99999998
2025-08-01 03:29:05 PM,1319.0,72,94968.0,59381497.99999998
2025-08-01 03:29:11 PM,1319.9,0,0.0,59381497.99999998
2025-08-01 03:29:13 PM,1319.0,65,85735.0,59467232.99999998
2025-08-01 03:29:16 PM,1317.0,51,67167.0,59534399.99999998
2025-08-01 03:29:18 PM,1316.9,0,0.0,59534399.99999998
2025-08-01 03:29:21 PM,1311.0,461,604371.0,60138770.99999998
2025-08-01 03:29:41 PM,1325.0,0,0.0,60138770.99999998
2025-08-01 03:29:44 PM,1325.0,146,193450.0,60332220.99999998
2025-08-01 03:29:58 PM,1325.0,10,13250.0,60345470.99999998
