date,price,qty,trnvr,cum_trnvr
2025-08-01 09:15:01 AM,245.96,59637,14668316.52,14668316.52
2025-08-01 09:15:01 AM,245.94,0,0.0,14668316.52
2025-08-01 09:15:02 AM,246.19,10922,2688887.18,17357203.7
2025-08-01 09:15:03 AM,246.0,7778,1913388.0,19270591.7
2025-08-01 09:15:04 AM,245.79,7421,1824007.5899999999,21094599.29
2025-08-01 09:15:05 AM,246.05,2321,571082.05,21665681.34
2025-08-01 09:15:06 AM,246.03,2517,619257.51,22284938.85
2025-08-01 09:15:06 AM,245.9,0,0.0,22284938.85
2025-08-01 09:15:07 AM,245.88,7859,1932370.92,24217309.770000003
2025-08-01 09:15:07 AM,245.69,0,0.0,24217309.770000003
2025-08-01 09:15:08 AM,245.79,2139,525744.8099999999,24743054.580000002
2025-08-01 09:15:09 AM,245.68,1106,271722.08,25014776.66
2025-08-01 09:15:10 AM,245.44,4687,1150377.28,26165153.94
2025-08-01 09:15:11 AM,245.51,636,156144.36,26321298.3
2025-08-01 09:15:12 AM,245.45,793,194641.84999999998,26515940.150000002
2025-08-01 09:15:12 AM,245.59,0,0.0,26515940.150000002
2025-08-01 09:15:13 AM,245.45,861,211332.44999999998,26727272.6
2025-08-01 09:15:14 AM,245.67,5202,1277975.3399999999,28005247.94
2025-08-01 09:15:14 AM,245.68,0,0.0,28005247.94
2025-08-01 09:15:15 AM,245.79,6720,1651708.8,29656956.740000002
2025-08-01 09:15:16 AM,245.74,1321,324622.54000000004,29981579.28
2025-08-01 09:15:16 AM,245.52,0,0.0,29981579.28
2025-08-01 09:15:17 AM,245.74,18333,4505151.42,34486730.7
2025-08-01 09:15:18 AM,245.69,522,128250.18,34614980.88
2025-08-01 09:15:18 AM,245.55,0,0.0,34614980.88
2025-08-01 09:15:19 AM,245.68,252,61911.36,34676892.24
2025-08-01 09:15:19 AM,245.7,0,0.0,34676892.24
2025-08-01 09:15:20 AM,245.9,1429,351391.10000000003,35028283.34
2025-08-01 09:15:20 AM,245.82,339,83332.98,35111616.32
2025-08-01 09:15:21 AM,245.94,8234,2025069.96,37136686.28
2025-08-01 09:15:22 AM,246.08,7547,1857165.76,38993852.04
2025-08-01 09:15:23 AM,245.89,1501,369080.88999999996,39362932.93
2025-08-01 09:15:23 AM,246.08,0,0.0,39362932.93
2025-08-01 09:15:24 AM,245.99,628,154481.72,39517414.65
2025-08-01 09:15:25 AM,245.84,1463,359663.92,39877078.57
2025-08-01 09:15:25 AM,245.99,0,0.0,39877078.57
2025-08-01 09:15:26 AM,245.98,11,2705.7799999999997,39879784.35
2025-08-01 09:15:27 AM,246.0,525,129150.0,40008934.35
2025-08-01 09:15:28 AM,245.98,2315,569443.7,40578378.050000004
2025-08-01 09:15:29 AM,246.0,3675,904050.0,41482428.050000004
2025-08-01 09:15:29 AM,246.16,11,2707.7599999999998,41485135.81
2025-08-01 09:15:30 AM,246.17,1013,249370.21,41734506.02
2025-08-01 09:15:31 AM,246.16,600,147696.0,41882202.02
2025-08-01 09:15:32 AM,246.01,345,84873.45,41967075.470000006
2025-08-01 09:15:32 AM,246.09,0,0.0,41967075.470000006
2025-08-01 09:15:33 AM,246.09,820,201793.8,42168869.27
2025-08-01 09:15:34 AM,246.01,0,0.0,42168869.27
2025-08-01 09:15:35 AM,246.01,26,6396.26,42175265.53
2025-08-01 09:15:35 AM,246.0,0,0.0,42175265.53
2025-08-01 09:15:36 AM,246.09,5415,1332577.35,43507842.88
2025-08-01 09:15:37 AM,246.15,3433,845032.9500000001,44352875.830000006
2025-08-01 09:15:38 AM,246.17,236,58096.119999999995,44410971.95
2025-08-01 09:15:39 AM,246.33,150,36949.5,44447921.45
2025-08-01 09:15:39 AM,246.19,0,0.0,44447921.45
2025-08-01 09:15:40 AM,246.22,1506,370807.32,44818728.77
2025-08-01 09:15:41 AM,246.22,512,126064.64,44944793.410000004
2025-08-01 09:15:43 AM,246.27,12,2955.2400000000002,44947748.650000006
2025-08-01 09:15:43 AM,246.32,0,0.0,44947748.650000006
2025-08-01 09:15:44 AM,246.35,61,15027.35,44962776.00000001
2025-08-01 09:15:44 AM,246.23,0,0.0,44962776.00000001
2025-08-01 09:15:45 AM,246.22,868,213718.96,45176494.96000001
2025-08-01 09:15:46 AM,246.22,400,98488.0,45274982.96000001
2025-08-01 09:15:46 AM,246.2,6,1477.1999999999998,45276460.16000001
2025-08-01 09:15:47 AM,246.15,2914,717281.1,45993741.26000001
2025-08-01 09:15:47 AM,246.0,0,0.0,45993741.26000001
2025-08-01 09:15:48 AM,246.03,7925,1949787.75,47943529.01000001
2025-08-01 09:15:48 AM,245.87,0,0.0,47943529.01000001
2025-08-01 09:15:49 AM,245.88,2823,694119.24,48637648.250000015
2025-08-01 09:15:50 AM,245.81,791,194435.71,48832083.960000016
2025-08-01 09:15:51 AM,245.89,3070,754882.2999999999,49586966.26000001
2025-08-01 09:15:51 AM,245.8,0,0.0,49586966.26000001
2025-08-01 09:15:52 AM,245.89,862,211957.18,49798923.44000001
2025-08-01 09:15:54 AM,245.81,19,4670.39,49803593.83000001
2025-08-01 09:15:54 AM,245.81,147,36134.07,49839727.90000001
2025-08-01 09:15:54 AM,245.91,0,0.0,49839727.90000001
2025-08-01 09:15:55 AM,246.0,3584,881664.0,50721391.90000001
2025-08-01 09:15:56 AM,246.0,22,5412.0,50726803.90000001
2025-08-01 09:15:57 AM,245.96,50,12298.0,50739101.90000001
2025-08-01 09:15:58 AM,246.0,0,0.0,50739101.90000001
2025-08-01 09:15:59 AM,245.99,264,64941.36,50804043.26000001
2025-08-01 09:16:00 AM,246.0,50,12300.0,50816343.26000001
2025-08-01 09:16:01 AM,246.0,2,492.0,50816835.26000001
2025-08-01 09:16:01 AM,245.95,1,245.95,50817081.210000016
2025-08-01 09:16:02 AM,245.91,293,72051.63,50889132.84000002
2025-08-01 09:16:02 AM,245.91,237,58280.67,50947413.51000002
2025-08-01 09:16:03 AM,245.9,0,0.0,50947413.51000002
2025-08-01 09:16:03 AM,245.9,286,70327.40000000001,51017740.91000002
2025-08-01 09:16:04 AM,245.9,130,31967.0,51049707.91000002
2025-08-01 09:16:05 AM,245.9,2584,635405.6,51685113.51000002
2025-08-01 09:16:05 AM,246.0,0,0.0,51685113.51000002
2025-08-01 09:16:06 AM,246.0,4572,1124712.0,52809825.51000002
2025-08-01 09:16:06 AM,246.09,0,0.0,52809825.51000002
2025-08-01 09:16:07 AM,246.09,1,246.09,52810071.600000024
2025-08-01 09:16:08 AM,245.99,2,491.98,52810563.58000002
2025-08-01 09:16:08 AM,246.0,0,0.0,52810563.58000002
2025-08-01 09:16:09 AM,246.0,600,147600.0,52958163.58000002
2025-08-01 09:16:09 AM,246.09,0,0.0,52958163.58000002
2025-08-01 09:16:10 AM,246.09,14,3445.26,52961608.84000002
2025-08-01 09:16:10 AM,246.09,10,2460.9,52964069.74000002
2025-08-01 09:16:11 AM,246.22,710,174816.2,53138885.94000002
2025-08-01 09:16:12 AM,246.22,43,10587.46,53149473.40000002
2025-08-01 09:16:12 AM,246.29,10,2462.9,53151936.30000002
2025-08-01 09:16:13 AM,246.26,111,27334.86,53179271.16000002
2025-08-01 09:16:13 AM,246.21,599,147479.79,53326750.95000002
2025-08-01 09:16:14 AM,246.35,252,62080.2,53388831.15000002
2025-08-01 09:16:15 AM,246.38,10,2463.8,53391294.95000002
2025-08-01 09:16:16 AM,246.29,0,0.0,53391294.95000002
2025-08-01 09:16:17 AM,246.29,10,2462.9,53393757.85000002
2025-08-01 09:16:18 AM,246.29,96,23643.84,53417401.69000002
2025-08-01 09:16:18 AM,246.29,10,2462.9,53419864.59000002
2025-08-01 09:16:18 AM,246.35,0,0.0,53419864.59000002
2025-08-01 09:16:19 AM,246.35,100,24635.0,53444499.59000002
2025-08-01 09:16:21 AM,246.38,52,12811.76,53457311.35000002
2025-08-01 09:16:21 AM,246.35,0,0.0,53457311.35000002
2025-08-01 09:16:22 AM,246.37,198,48781.26,53506092.610000014
2025-08-01 09:16:23 AM,246.37,11,2710.07,53508802.680000015
2025-08-01 09:16:24 AM,246.3,22,5418.6,53514221.280000016
2025-08-01 09:16:24 AM,246.3,2,492.6,53514713.88000002
2025-08-01 09:16:25 AM,246.36,109,26853.24,53541567.12000002
2025-08-01 09:16:25 AM,246.47,139,34259.33,53575826.45000002
2025-08-01 09:16:25 AM,246.46,0,0.0,53575826.45000002
2025-08-01 09:16:26 AM,246.36,14,3449.04,53579275.49000002
2025-08-01 09:16:26 AM,246.5,0,0.0,53579275.49000002
2025-08-01 09:16:26 AM,246.5,3340,823310.0,54402585.49000002
2025-08-01 09:16:27 AM,246.48,6,1478.8799999999999,54404064.37000002
2025-08-01 09:16:27 AM,246.52,0,0.0,54404064.37000002
2025-08-01 09:16:27 AM,246.55,0,0.0,54404064.37000002
2025-08-01 09:16:27 AM,246.55,99,24408.45,54428472.82000002
2025-08-01 09:16:28 AM,246.75,36,8883.0,54437355.82000002
2025-08-01 09:16:29 AM,246.77,0,0.0,54437355.82000002
2025-08-01 09:16:29 AM,246.77,3,740.3100000000001,54438096.130000025
2025-08-01 09:16:30 AM,246.68,0,0.0,54438096.130000025
2025-08-01 09:16:31 AM,246.68,1438,354725.84,54792821.97000003
2025-08-01 09:16:31 AM,246.62,2978,734434.36,55527256.33000003
2025-08-01 09:16:31 AM,246.51,0,0.0,55527256.33000003
2025-08-01 09:16:32 AM,246.64,252,62153.28,55589409.61000003
2025-08-01 09:16:32 AM,246.72,0,0.0,55589409.61000003
2025-08-01 09:16:33 AM,246.71,1121,276561.91000000003,55865971.520000026
2025-08-01 09:16:33 AM,246.66,0,0.0,55865971.520000026
2025-08-01 09:16:34 AM,246.51,3309,815701.59,56681673.11000003
2025-08-01 09:16:34 AM,246.5,0,0.0,56681673.11000003
2025-08-01 09:16:35 AM,246.5,222,54723.0,56736396.11000003
2025-08-01 09:16:35 AM,246.55,3,739.6500000000001,56737135.76000003
2025-08-01 09:16:37 AM,246.53,200,49306.0,56786441.76000003
2025-08-01 09:16:38 AM,246.56,5,1232.8,56787674.560000025
2025-08-01 09:16:39 AM,246.42,3,739.26,56788413.82000002
2025-08-01 09:16:40 AM,246.56,20,4931.2,56793345.020000026
2025-08-01 09:16:40 AM,246.56,201,49558.56,56842903.58000003
2025-08-01 09:16:41 AM,246.41,0,0.0,56842903.58000003
2025-08-01 09:16:42 AM,246.41,5955,1467371.55,58310275.130000025
2025-08-01 09:16:42 AM,246.56,1900,468464.0,58778739.130000025
2025-08-01 09:16:43 AM,246.41,833,205259.53,58983998.660000026
2025-08-01 09:16:44 AM,246.41,4,985.64,58984984.30000003
2025-08-01 09:16:44 AM,246.48,0,0.0,58984984.30000003
2025-08-01 09:16:45 AM,246.48,510,125704.79999999999,59110689.100000024
2025-08-01 09:16:46 AM,246.48,2,492.96,59111182.060000025
2025-08-01 09:16:46 AM,246.5,0,0.0,59111182.060000025
2025-08-01 09:16:47 AM,246.5,5,1232.5,59112414.560000025
2025-08-01 09:16:49 AM,246.38,430,105943.4,59218357.96000002
2025-08-01 09:16:50 AM,246.49,5844,1440487.56,60658845.520000026
2025-08-01 09:16:50 AM,246.56,5,1232.8,60660078.32000002
2025-08-01 09:16:52 AM,246.56,9,2219.04,60662297.36000002
2025-08-01 09:16:53 AM,246.56,30,7396.8,60669694.16000002
2025-08-01 09:16:53 AM,246.33,0,0.0,60669694.16000002
2025-08-01 09:16:53 AM,246.33,4207,1036310.31,61706004.47000002
2025-08-01 09:16:54 AM,246.39,0,0.0,61706004.47000002
2025-08-01 09:16:55 AM,246.32,11,2709.52,61708713.990000024
2025-08-01 09:16:55 AM,246.39,0,0.0,61708713.990000024
2025-08-01 09:16:56 AM,246.39,63,15522.57,61724236.560000025
2025-08-01 09:16:56 AM,246.44,0,0.0,61724236.560000025
2025-08-01 09:16:57 AM,246.44,161,39676.84,61763913.40000003
2025-08-01 09:16:58 AM,246.43,2,492.86,61764406.26000003
2025-08-01 09:16:59 AM,246.33,0,0.0,61764406.26000003
2025-08-01 09:17:00 AM,246.33,500,123165.0,61887571.26000003
2025-08-01 09:17:00 AM,246.44,0,0.0,61887571.26000003
2025-08-01 09:17:02 AM,246.45,0,0.0,61887571.26000003
2025-08-01 09:17:06 AM,246.39,944,232592.15999999997,62120163.420000024
2025-08-01 09:17:08 AM,246.4,20,4928.0,62125091.420000024
2025-08-01 09:17:10 AM,246.35,0,0.0,62125091.420000024
2025-08-01 09:17:14 AM,246.51,1809,445936.58999999997,62571028.01000003
2025-08-01 09:17:16 AM,246.41,389,95853.49,62666881.50000003
2025-08-01 09:17:18 AM,246.37,0,0.0,62666881.50000003
2025-08-01 09:17:19 AM,246.29,0,0.0,62666881.50000003
2025-08-01 09:17:23 AM,246.29,2991,736653.39,63403534.89000003
2025-08-01 09:17:24 AM,246.36,110,27099.600000000002,63430634.49000003
2025-08-01 09:17:26 AM,246.23,0,0.0,63430634.49000003
2025-08-01 09:17:28 AM,246.39,0,0.0,63430634.49000003
2025-08-01 09:17:31 AM,246.38,742,182813.96,63613448.45000003
2025-08-01 09:17:32 AM,246.29,3,738.87,63614187.32000003
2025-08-01 09:17:34 AM,246.41,0,0.0,63614187.32000003
2025-08-01 09:17:36 AM,246.28,0,0.0,63614187.32000003
2025-08-01 09:17:39 AM,246.38,623,153494.74,63767682.06000003
2025-08-01 09:17:40 AM,246.28,2000,492560.0,64260242.06000003
2025-08-01 09:17:42 AM,246.4,0,0.0,64260242.06000003
2025-08-01 09:17:44 AM,246.5,0,0.0,64260242.06000003
2025-08-01 09:17:48 AM,246.55,12768,3147950.4000000004,67408192.46000004
2025-08-01 09:17:49 AM,246.55,222,54734.100000000006,67462926.56000003
2025-08-01 09:17:52 AM,246.5,0,0.0,67462926.56000003
2025-08-01 09:17:54 AM,246.51,0,0.0,67462926.56000003
2025-08-01 09:17:56 AM,246.4,2675,659120.0,68122046.56000003
2025-08-01 09:17:57 AM,246.51,20,4930.2,68126976.76000004
2025-08-01 09:18:00 AM,246.33,0,0.0,68126976.76000004
2025-08-01 09:18:02 AM,246.41,0,0.0,68126976.76000004
2025-08-01 09:18:04 AM,246.4,1645,405328.0,68532304.76000004
2025-08-01 09:18:05 AM,246.4,5,1232.0,68533536.76000004
2025-08-01 09:18:08 AM,246.37,0,0.0,68533536.76000004
2025-08-01 09:18:10 AM,246.35,0,0.0,68533536.76000004
2025-08-01 09:18:13 AM,246.34,1588,391187.92,68924724.68000004
2025-08-01 09:18:14 AM,246.3,301,74136.3,68998860.98000003
2025-08-01 09:18:16 AM,246.38,0,0.0,68998860.98000003
2025-08-01 09:18:18 AM,246.34,0,0.0,68998860.98000003
2025-08-01 09:18:21 AM,246.4,698,171987.2,69170848.18000004
2025-08-01 09:18:22 AM,246.38,375,92392.5,69263240.68000004
2025-08-01 09:18:29 AM,246.39,1327,326959.52999999997,69590200.21000004
2025-08-01 09:18:30 AM,246.3,1382,340386.60000000003,69930586.81000003
2025-08-01 09:18:32 AM,246.34,0,0.0,69930586.81000003
2025-08-01 09:18:37 AM,246.34,145,35719.3,69966306.11000003
2025-08-01 09:18:39 AM,246.25,2699,664628.75,70630934.86000003
2025-08-01 09:18:40 AM,246.29,0,0.0,70630934.86000003
2025-08-01 09:18:42 AM,246.3,0,0.0,70630934.86000003
2025-08-01 09:18:45 AM,246.29,14108,3474659.32,74105594.18000002
2025-08-01 09:18:47 AM,246.27,19,4679.13,74110273.31000002
2025-08-01 09:18:47 AM,246.3,0,0.0,74110273.31000002
2025-08-01 09:18:54 AM,246.28,821,202195.88,74312469.19000001
2025-08-01 09:18:55 AM,246.3,0,0.0,74312469.19000001
2025-08-01 09:19:02 AM,246.25,3882,955942.5,75268411.69000001
2025-08-01 09:19:03 AM,246.16,202,49724.32,75318136.01
2025-08-01 09:19:04 AM,246.28,0,0.0,75318136.01
2025-08-01 09:19:10 AM,246.28,86,21180.08,75339316.09
2025-08-01 09:19:11 AM,246.25,1,246.25,75339562.34
2025-08-01 09:19:12 AM,246.28,0,0.0,75339562.34
2025-08-01 09:19:18 AM,246.28,1120,275833.6,75615395.94
2025-08-01 09:19:19 AM,246.25,266,65502.5,75680898.44
2025-08-01 09:19:26 AM,246.17,8248,2030410.16,77711308.6
2025-08-01 09:19:26 AM,245.7,0,0.0,77711308.6
2025-08-01 09:19:27 AM,245.97,22921,5637878.37,83349186.97
2025-08-01 09:19:33 AM,246.08,0,0.0,83349186.97
2025-08-01 09:19:34 AM,246.07,4101,1009133.07,84358320.03999999
2025-08-01 09:19:36 AM,245.94,255,62714.7,84421034.74
2025-08-01 09:19:37 AM,246.07,0,0.0,84421034.74
2025-08-01 09:19:42 AM,246.07,520,127956.4,84548991.14
2025-08-01 09:19:44 AM,246.17,461,113484.37,84662475.51
2025-08-01 09:19:44 AM,246.07,0,0.0,84662475.51
2025-08-01 09:19:49 AM,246.17,0,0.0,84662475.51
2025-08-01 09:19:50 AM,246.35,8287,2041502.45,86703977.96000001
2025-08-01 09:19:57 AM,246.15,0,0.0,86703977.96000001
2025-08-01 09:19:58 AM,246.15,62,15261.300000000001,86719239.26
2025-08-01 09:20:00 AM,246.09,3305,813327.45,87532566.71000001
2025-08-01 09:20:05 AM,246.23,0,0.0,87532566.71000001
2025-08-01 09:20:06 AM,246.22,250,61555.0,87594121.71000001
2025-08-01 09:20:08 AM,246.22,275,67710.5,87661832.21000001
2025-08-01 09:20:12 AM,246.31,0,0.0,87661832.21000001
2025-08-01 09:20:14 AM,246.31,1041,256408.71,87918240.92
2025-08-01 09:20:16 AM,246.2,671,165200.19999999998,88083441.12
2025-08-01 09:20:19 AM,246.22,0,0.0,88083441.12
2025-08-01 09:20:21 AM,246.31,0,0.0,88083441.12
2025-08-01 09:20:22 AM,246.2,3706,912417.2,88995858.32000001
2025-08-01 09:20:24 AM,246.26,31,7634.0599999999995,89003492.38000001
2025-08-01 09:20:29 AM,246.27,0,0.0,89003492.38000001
2025-08-01 09:20:30 AM,246.27,33,8126.910000000001,89011619.29
2025-08-01 09:20:31 AM,246.26,931,229268.06,89240887.35000001
2025-08-01 09:20:33 AM,246.3,0,0.0,89240887.35000001
2025-08-01 09:20:37 AM,246.27,0,0.0,89240887.35000001
2025-08-01 09:20:38 AM,246.27,769,189381.63,89430268.98
2025-08-01 09:20:39 AM,246.29,3,738.87,89431007.85000001
2025-08-01 09:20:44 AM,246.12,0,0.0,89431007.85000001
2025-08-01 09:20:46 AM,246.26,5249,1292618.74,90723626.59
2025-08-01 09:20:47 AM,246.27,101,24873.27,90748499.86
2025-08-01 09:20:47 AM,246.26,0,0.0,90748499.86
2025-08-01 09:20:51 AM,246.22,0,0.0,90748499.86
2025-08-01 09:20:53 AM,246.14,243,59812.02,90808311.88
2025-08-01 09:20:54 AM,246.22,0,0.0,90808311.88
2025-08-01 09:20:54 AM,246.22,20,4924.4,90813236.28
2025-08-01 09:20:58 AM,246.21,0,0.0,90813236.28
2025-08-01 09:21:00 AM,246.22,0,0.0,90813236.28
2025-08-01 09:21:01 AM,246.22,389,95779.58,90909015.86
2025-08-01 09:21:02 AM,246.11,3389,834066.79,91743082.65
2025-08-01 09:21:05 AM,246.07,0,0.0,91743082.65
2025-08-01 09:21:09 AM,246.07,1499,368858.93,92111941.58000001
2025-08-01 09:21:10 AM,246.0,22,5412.0,92117353.58000001
2025-08-01 09:21:12 AM,246.07,0,0.0,92117353.58000001
2025-08-01 09:21:16 AM,246.09,471,115908.39,92233261.97000001
2025-08-01 09:21:18 AM,246.11,35,8613.85,92241875.82000001
2025-08-01 09:21:21 AM,246.12,0,0.0,92241875.82000001
2025-08-01 09:21:24 AM,246.0,2438,599748.0,92841623.82000001
2025-08-01 09:21:25 AM,246.07,44,10827.08,92852450.9
2025-08-01 09:21:26 AM,246.0,0,0.0,92852450.9
2025-08-01 09:21:32 AM,246.0,1663,409098.0,93261548.9
2025-08-01 09:21:34 AM,246.09,0,0.0,93261548.9
2025-08-01 09:21:38 AM,246.0,0,0.0,93261548.9
2025-08-01 09:21:40 AM,246.08,4760,1171340.8,94432889.7
2025-08-01 09:21:41 AM,246.07,10,2460.7,94435350.4
2025-08-01 09:21:44 AM,246.09,0,0.0,94435350.4
2025-08-01 09:21:47 AM,246.08,0,0.0,94435350.4
2025-08-01 09:21:48 AM,246.08,370,91049.6,94526400.0
2025-08-01 09:21:49 AM,246.0,300,73800.0,94600200.0
2025-08-01 09:21:51 AM,246.07,0,0.0,94600200.0
2025-08-01 09:21:55 AM,246.07,492,121066.44,94721266.44
2025-08-01 09:21:56 AM,246.08,210,51676.8,94772943.24
2025-08-01 09:21:58 AM,246.09,0,0.0,94772943.24
2025-08-01 09:22:01 AM,246.05,0,0.0,94772943.24
2025-08-01 09:22:03 AM,246.05,2215,545000.75,95317943.99
2025-08-01 09:22:04 AM,246.08,372,91541.76000000001,95409485.75
2025-08-01 09:22:05 AM,246.0,0,0.0,95409485.75
2025-08-01 09:22:08 AM,245.98,0,0.0,95409485.75
2025-08-01 09:22:10 AM,245.97,5722,1407440.34,96816926.09
2025-08-01 09:22:12 AM,245.96,367,90267.32,96907193.41
2025-08-01 09:22:15 AM,245.95,0,0.0,96907193.41
2025-08-01 09:22:18 AM,245.97,876,215469.72,97122663.13
2025-08-01 09:22:19 AM,246.0,107,26322.0,97148985.13
2025-08-01 09:22:26 AM,245.85,4017,987579.45,98136564.58
2025-08-01 09:22:26 AM,245.96,0,0.0,98136564.58
2025-08-01 09:22:27 AM,245.96,379,93218.84,98229783.42
2025-08-01 09:22:33 AM,246.0,6869,1689774.0,99919557.42
2025-08-01 09:22:35 AM,246.0,350,86100.0,100005657.42
2025-08-01 09:22:36 AM,246.14,0,0.0,100005657.42
2025-08-01 09:22:41 AM,246.14,3132,770910.48,100776567.9
2025-08-01 09:22:43 AM,246.13,5,1230.65,100777798.55000001
2025-08-01 09:22:47 AM,246.39,0,0.0,100777798.55000001
2025-08-01 09:22:48 AM,246.39,422,103976.57999999999,100881775.13000001
2025-08-01 09:22:50 AM,246.39,33,8130.87,100889906.00000001
2025-08-01 09:22:53 AM,246.35,0,0.0,100889906.00000001
2025-08-01 09:22:56 AM,246.34,55,13548.7,100903454.70000002
2025-08-01 09:22:58 AM,246.35,2,492.7,100903947.40000002
2025-08-01 09:23:00 AM,246.22,0,0.0,100903947.40000002
2025-08-01 09:23:03 AM,246.22,1408,346677.76,101250625.16000003
2025-08-01 09:23:05 AM,246.22,1,246.22,101250871.38000003
2025-08-01 09:23:11 AM,246.25,854,210297.5,101461168.88000003
2025-08-01 09:23:13 AM,246.28,590,145305.2,101606474.08000003
2025-08-01 09:23:15 AM,246.21,0,0.0,101606474.08000003
2025-08-01 09:23:19 AM,246.21,176,43332.96,101649807.04000002
2025-08-01 09:23:20 AM,246.2,0,0.0,101649807.04000002
2025-08-01 09:23:21 AM,246.2,46,11325.199999999999,101661132.24000002
2025-08-01 09:23:27 AM,246.15,780,191997.0,101853129.24000002
2025-08-01 09:23:27 AM,246.2,0,0.0,101853129.24000002
2025-08-01 09:23:28 AM,246.2,36,8863.199999999999,101861992.44000003
2025-08-01 09:23:34 AM,246.2,40,9848.0,101871840.44000003
2025-08-01 09:23:36 AM,246.2,1,246.2,101872086.64000003
2025-08-01 09:23:41 AM,246.17,0,0.0,101872086.64000003
2025-08-01 09:23:42 AM,246.17,1844,453937.48,102326024.12000003
2025-08-01 09:23:43 AM,246.18,44,10831.92,102336856.04000004
2025-08-01 09:23:47 AM,246.16,0,0.0,102336856.04000004
2025-08-01 09:23:49 AM,246.16,829,204066.63999999998,102540922.68000004
2025-08-01 09:23:51 AM,246.16,79,19446.64,102560369.32000004
2025-08-01 09:23:53 AM,246.17,0,0.0,102560369.32000004
2025-08-01 09:23:57 AM,246.16,423,104125.68,102664495.00000004
2025-08-01 09:23:59 AM,246.17,103,25355.51,102689850.51000005
2025-08-01 09:24:05 AM,246.16,106,26092.96,102715943.47000004
2025-08-01 09:24:06 AM,246.17,100,24617.0,102740560.47000004
2025-08-01 09:24:07 AM,246.16,0,0.0,102740560.47000004
2025-08-01 09:24:13 AM,246.0,7125,1752750.0,104493310.47000004
2025-08-01 09:24:14 AM,246.06,106,26082.36,104519392.83000004
2025-08-01 09:24:20 AM,246.06,98,24113.88,104543506.71000004
2025-08-01 09:24:21 AM,246.06,1,246.06,104543752.77000004
2025-08-01 09:24:28 AM,246.06,1348,331688.88,104875441.65000004
2025-08-01 09:24:29 AM,246.1,71,17473.1,104892914.75000003
2025-08-01 09:24:35 AM,246.12,656,161454.72,105054369.47000003
2025-08-01 09:24:37 AM,246.12,30,7383.6,105061753.07000002
2025-08-01 09:24:43 AM,246.12,6393,1573445.16,106635198.23000002
2025-08-01 09:24:44 AM,246.12,1,246.12,106635444.35000002
2025-08-01 09:24:50 AM,246.09,1297,319178.73,106954623.08000003
2025-08-01 09:24:50 AM,246.12,0,0.0,106954623.08000003
2025-08-01 09:24:52 AM,246.1,180,44298.0,106998921.08000003
2025-08-01 09:24:56 AM,246.03,0,0.0,106998921.08000003
2025-08-01 09:24:58 AM,246.09,627,154298.43,107153219.51000004
2025-08-01 09:24:58 AM,246.03,0,0.0,107153219.51000004
2025-08-01 09:25:00 AM,246.09,3,738.27,107153957.78000003
2025-08-01 09:25:04 AM,246.14,0,0.0,107153957.78000003
2025-08-01 09:25:05 AM,246.09,10014,2464345.2600000002,109618303.04000004
2025-08-01 09:25:07 AM,246.09,10,2460.9,109620763.94000004
2025-08-01 09:25:12 AM,246.09,244,60045.96,109680809.90000004
2025-08-01 09:25:15 AM,246.06,156,38385.36,109719195.26000004
2025-08-01 09:25:17 AM,246.07,0,0.0,109719195.26000004
2025-08-01 09:25:20 AM,246.13,8113,1996852.69,111716047.95000003
2025-08-01 09:25:22 AM,246.09,141,34698.69,111750746.64000003
2025-08-01 09:25:28 AM,246.12,186,45778.32,111796524.96000002
2025-08-01 09:25:30 AM,246.12,2821,694304.52,112490829.48000002
2025-08-01 09:25:35 AM,246.13,1087,267543.31,112758372.79000002
2025-08-01 09:25:35 AM,246.12,0,0.0,112758372.79000002
2025-08-01 09:25:37 AM,246.1,431,106069.09999999999,112864441.89000002
2025-08-01 09:25:42 AM,246.1,2137,525915.7,113390357.59000002
2025-08-01 09:25:45 AM,246.1,14,3445.4,113393802.99000002
2025-08-01 09:25:46 AM,246.12,0,0.0,113393802.99000002
2025-08-01 09:25:47 AM,246.13,0,0.0,113393802.99000002
2025-08-01 09:25:50 AM,246.1,4721,1161838.0999999999,114555641.09000002
2025-08-01 09:25:52 AM,246.12,16,3937.92,114559579.01000002
2025-08-01 09:25:58 AM,246.04,673,165584.91999999998,114725163.93000002
2025-08-01 09:26:00 AM,246.04,122,30016.879999999997,114755180.81000002
2025-08-01 09:26:05 AM,246.04,265,65200.6,114820381.41000001
2025-08-01 09:26:07 AM,246.0,142,34932.0,114855313.41000001
2025-08-01 09:26:11 AM,245.81,0,0.0,114855313.41000001
2025-08-01 09:26:11 AM,245.9,0,0.0,114855313.41000001
2025-08-01 09:26:13 AM,245.89,22686,5578260.54,120433573.95000002
2025-08-01 09:26:15 AM,245.88,2889,710347.32,121143921.27000001
2025-08-01 09:26:21 AM,245.75,977,240097.75,121384019.02000001
2025-08-01 09:26:23 AM,245.74,530,130242.20000000001,121514261.22000001
2025-08-01 09:26:24 AM,245.85,0,0.0,121514261.22000001
2025-08-01 09:26:28 AM,245.8,631,155099.80000000002,121669361.02000001
2025-08-01 09:26:30 AM,245.8,50,12290.0,121681651.02000001
2025-08-01 09:26:36 AM,245.8,228,56042.4,121737693.42000002
2025-08-01 09:26:38 AM,245.79,1,245.79,121737939.21000002
2025-08-01 09:26:42 AM,245.75,0,0.0,121737939.21000002
2025-08-01 09:26:44 AM,245.75,910,223632.5,121961571.71000002
2025-08-01 09:26:45 AM,245.75,278,68318.5,122029890.21000002
2025-08-01 09:26:51 AM,245.75,373,91664.75,122121554.96000002
2025-08-01 09:26:53 AM,245.7,1,245.7,122121800.66000003
2025-08-01 09:26:55 AM,245.72,0,0.0,122121800.66000003
2025-08-01 09:26:57 AM,245.71,0,0.0,122121800.66000003
2025-08-01 09:26:59 AM,245.67,446,109568.81999999999,122231369.48000002
2025-08-01 09:27:00 AM,245.69,8,1965.52,122233335.00000001
2025-08-01 09:27:02 AM,245.68,0,0.0,122233335.00000001
2025-08-01 09:27:03 AM,245.69,0,0.0,122233335.00000001
2025-08-01 09:27:06 AM,245.67,243,59697.81,122293032.81000002
2025-08-01 09:27:08 AM,245.74,500,122870.0,122415902.81000002
2025-08-01 09:27:08 AM,245.59,0,0.0,122415902.81000002
2025-08-01 09:27:09 AM,245.6,0,0.0,122415902.81000002
2025-08-01 09:27:13 AM,245.63,0,0.0,122415902.81000002
2025-08-01 09:27:14 AM,245.63,2846,699062.98,123114965.79000002
2025-08-01 09:27:14 AM,245.65,0,0.0,123114965.79000002
2025-08-01 09:27:15 AM,245.65,418,102681.7,123217647.49000002
2025-08-01 09:27:18 AM,245.67,0,0.0,123217647.49000002
2025-08-01 09:27:21 AM,245.67,159,39061.53,123256709.02000003
2025-08-01 09:27:22 AM,245.67,268,65839.56,123322548.58000003
2025-08-01 09:27:23 AM,245.66,0,0.0,123322548.58000003
2025-08-01 09:27:28 AM,245.67,686,168529.62,123491078.20000003
2025-08-01 09:27:29 AM,245.69,0,0.0,123491078.20000003
2025-08-01 09:27:30 AM,245.69,400,98276.0,123589354.20000003
2025-08-01 09:27:34 AM,245.67,0,0.0,123589354.20000003
2025-08-01 09:27:36 AM,245.67,889,218400.62999999998,123807754.83000003
2025-08-01 09:27:37 AM,245.69,148,36362.12,123844116.95000003
2025-08-01 09:27:43 AM,245.73,3315,814594.95,124658711.90000004
2025-08-01 09:27:43 AM,245.7,0,0.0,124658711.90000004
2025-08-01 09:27:44 AM,245.73,0,0.0,124658711.90000004
2025-08-01 09:27:45 AM,245.69,1334,327750.46,124986462.36000003
2025-08-01 09:27:48 AM,245.75,0,0.0,124986462.36000003
2025-08-01 09:27:51 AM,245.75,700,172025.0,125158487.36000003
2025-08-01 09:27:52 AM,245.77,57,14008.890000000001,125172496.25000003
2025-08-01 09:27:53 AM,245.79,0,0.0,125172496.25000003
2025-08-01 09:27:59 AM,245.8,10,2458.0,125174954.25000003
2025-08-01 09:28:00 AM,245.8,126,30970.800000000003,125205925.05000003
2025-08-01 09:28:05 AM,245.84,0,0.0,125205925.05000003
2025-08-01 09:28:05 AM,245.87,0,0.0,125205925.05000003
2025-08-01 09:28:07 AM,245.77,1758,432063.66000000003,125637988.71000002
2025-08-01 09:28:08 AM,245.8,307,75460.6,125713449.31000002
2025-08-01 09:28:11 AM,245.63,0,0.0,125713449.31000002
2025-08-01 09:28:14 AM,245.64,7920,1945468.7999999998,127658918.11000001
2025-08-01 09:28:16 AM,245.64,125,30705.0,127689623.11000001
2025-08-01 09:28:22 AM,245.64,27,6632.28,127696255.39000002
2025-08-01 09:28:23 AM,245.64,205,50356.2,127746611.59000002
2025-08-01 09:28:30 AM,245.75,505,124103.75,127870715.34000002
2025-08-01 09:28:31 AM,245.64,11,2702.04,127873417.38000003
2025-08-01 09:28:34 AM,245.65,0,0.0,127873417.38000003
2025-08-01 09:28:37 AM,245.76,86,21135.36,127894552.74000002
2025-08-01 09:28:38 AM,245.75,526,129264.5,128023817.24000002
2025-08-01 09:28:40 AM,245.76,0,0.0,128023817.24000002
2025-08-01 09:28:44 AM,245.75,0,0.0,128023817.24000002
2025-08-01 09:28:45 AM,245.75,38,9338.5,128033155.74000002
2025-08-01 09:28:46 AM,245.75,10,2457.5,128035613.24000002
2025-08-01 09:28:49 AM,245.76,0,0.0,128035613.24000002
2025-08-01 09:28:52 AM,245.76,383,94126.08,128129739.32000002
2025-08-01 09:28:54 AM,245.76,1,245.76,128129985.08000003
2025-08-01 09:28:56 AM,245.75,0,0.0,128129985.08000003
2025-08-01 09:29:00 AM,245.73,695,170782.35,128300767.43000002
2025-08-01 09:29:01 AM,245.73,102,25064.46,128325831.89000002
2025-08-01 09:29:02 AM,245.75,0,0.0,128325831.89000002
2025-08-01 09:29:07 AM,245.74,0,0.0,128325831.89000002
2025-08-01 09:29:08 AM,245.75,512,125824.0,128451655.89000002
2025-08-01 09:29:09 AM,245.7,9,2211.2999999999997,128453867.19000001
2025-08-01 09:29:13 AM,245.67,0,0.0,128453867.19000001
2025-08-01 09:29:13 AM,245.73,0,0.0,128453867.19000001
2025-08-01 09:29:15 AM,245.73,260,63889.799999999996,128517756.99000001
2025-08-01 09:29:18 AM,245.75,0,0.0,128517756.99000001
2025-08-01 09:29:23 AM,245.7,1818,446682.6,128964439.59
2025-08-01 09:29:24 AM,245.7,6,1474.1999999999998,128965913.79
2025-08-01 09:29:28 AM,245.73,0,0.0,128965913.79
2025-08-01 09:29:30 AM,245.73,263,64626.99,129030540.78
2025-08-01 09:29:32 AM,245.7,31,7616.7,129038157.48
2025-08-01 09:29:38 AM,245.7,206,50614.2,129088771.68
2025-08-01 09:29:39 AM,245.7,2,491.4,129089263.08000001
2025-08-01 09:29:43 AM,245.64,0,0.0,129089263.08000001
2025-08-01 09:29:44 AM,245.69,0,0.0,129089263.08000001
2025-08-01 09:29:45 AM,245.64,759,186440.75999999998,129275703.84000002
2025-08-01 09:29:46 AM,245.63,357,87689.91,129363393.75000001
2025-08-01 09:29:48 AM,245.52,0,0.0,129363393.75000001
2025-08-01 09:29:53 AM,245.7,389,95577.29999999999,129458971.05000001
2025-08-01 09:29:54 AM,245.69,20,4913.8,129463884.85000001
2025-08-01 09:29:59 AM,245.6,0,0.0,129463884.85000001
2025-08-01 09:30:00 AM,245.6,278,68276.8,129532161.65
2025-08-01 09:30:01 AM,245.61,756,185681.16,129717842.81
2025-08-01 09:30:06 AM,245.58,0,0.0,129717842.81
2025-08-01 09:30:08 AM,245.58,868,213163.44,129931006.25
2025-08-01 09:30:09 AM,245.58,158,38801.64,129969807.89
2025-08-01 09:30:16 AM,245.66,341,83770.06,130053577.95
2025-08-01 09:30:17 AM,245.65,2,491.3,130054069.25
2025-08-01 09:30:20 AM,245.58,0,0.0,130054069.25
2025-08-01 09:30:23 AM,245.58,167,41011.86,130095081.11
2025-08-01 09:30:24 AM,245.58,1,245.58,130095326.69
2025-08-01 09:30:30 AM,245.5,32738,8037179.0,138132505.69
2025-08-01 09:30:31 AM,245.49,388,95250.12000000001,138227755.81
2025-08-01 09:30:34 AM,245.41,0,0.0,138227755.81
2025-08-01 09:30:38 AM,245.43,5529,1356982.47,139584738.28
2025-08-01 09:30:38 AM,245.39,6,1472.34,139586210.62
2025-08-01 09:30:41 AM,245.41,0,0.0,139586210.62
2025-08-01 09:30:45 AM,245.38,538,132014.44,139718225.06
2025-08-01 09:30:46 AM,245.36,1121,275048.56,139993273.62
2025-08-01 09:30:48 AM,245.4,0,0.0,139993273.62
2025-08-01 09:30:50 AM,245.41,0,0.0,139993273.62
2025-08-01 09:30:52 AM,245.4,960,235584.0,140228857.62
2025-08-01 09:30:53 AM,245.4,50,12270.0,140241127.62
2025-08-01 09:30:59 AM,245.34,0,0.0,140241127.62
2025-08-01 09:31:00 AM,245.4,324,79509.6,140320637.22
2025-08-01 09:31:05 AM,245.33,0,0.0,140320637.22
2025-08-01 09:31:07 AM,245.34,3338,818944.92,141139582.14
2025-08-01 09:31:08 AM,245.33,5,1226.65,141140808.79
2025-08-01 09:31:15 AM,245.35,0,0.0,141140808.79
2025-08-01 09:31:15 AM,245.35,1257,308404.95,141449213.73999998
2025-08-01 09:31:17 AM,245.27,0,0.0,141449213.73999998
2025-08-01 09:31:21 AM,245.34,0,0.0,141449213.73999998
2025-08-01 09:31:22 AM,245.34,746,183023.64,141632237.37999997
2025-08-01 09:31:23 AM,245.37,0,0.0,141632237.37999997
2025-08-01 09:31:29 AM,245.33,191,46858.03,141679095.40999997
2025-08-01 09:31:30 AM,245.33,76,18645.08,141697740.48999998
2025-08-01 09:31:35 AM,245.27,0,0.0,141697740.48999998
2025-08-01 09:31:36 AM,245.33,1870,458767.10000000003,142156507.58999997
2025-08-01 09:31:39 AM,245.34,0,0.0,142156507.58999997
2025-08-01 09:31:41 AM,245.33,0,0.0,142156507.58999997
2025-08-01 09:31:43 AM,245.33,487,119475.71,142275983.29999998
2025-08-01 09:31:44 AM,245.33,3,735.99,142276719.29
2025-08-01 09:31:47 AM,245.41,0,0.0,142276719.29
2025-08-01 09:31:50 AM,245.43,11974,2938778.8200000003,145215498.10999998
2025-08-01 09:31:52 AM,245.36,0,0.0,145215498.10999998
2025-08-01 09:31:56 AM,245.45,0,0.0,145215498.10999998
2025-08-01 09:31:57 AM,245.5,2677,657203.5,145872701.60999998
2025-08-01 09:32:01 AM,245.47,0,0.0,145872701.60999998
2025-08-01 09:32:01 AM,245.5,0,0.0,145872701.60999998
2025-08-01 09:32:04 AM,245.45,1565,384129.25,146256830.85999998
2025-08-01 09:32:11 AM,245.51,1427,350342.76999999996,146607173.63
2025-08-01 09:32:18 AM,245.45,301,73880.45,146681054.07999998
2025-08-01 09:32:25 AM,245.44,0,0.0,146681054.07999998
2025-08-01 09:32:25 AM,245.4,1510,370554.0,147051608.07999998
2025-08-01 09:32:25 AM,245.44,0,0.0,147051608.07999998
2025-08-01 09:32:25 AM,245.44,78,19144.32,147070752.39999998
2025-08-01 09:32:31 AM,245.54,0,0.0,147070752.39999998
2025-08-01 09:32:31 AM,245.45,0,0.0,147070752.39999998
2025-08-01 09:32:32 AM,245.45,3655,897119.75,147967872.14999998
2025-08-01 09:32:32 AM,245.45,229,56208.049999999996,148024080.2
2025-08-01 09:32:39 AM,245.44,1087,266793.27999999997,148290873.48
2025-08-01 09:32:43 AM,245.4,0,0.0,148290873.48
2025-08-01 09:32:43 AM,245.37,0,0.0,148290873.48
2025-08-01 09:32:46 AM,245.41,3417,838565.97,149129439.45
2025-08-01 09:32:46 AM,245.48,79,19392.92,149148832.36999997
2025-08-01 09:32:53 AM,245.48,856,210130.88,149358963.24999997
2025-08-01 09:32:53 AM,245.37,4,981.48,149359944.72999996
2025-08-01 09:32:55 AM,245.48,0,0.0,149359944.72999996
2025-08-01 09:33:00 AM,245.48,51,12519.48,149372464.20999995
2025-08-01 09:33:01 AM,245.44,0,0.0,149372464.20999995
2025-08-01 09:33:07 AM,245.45,0,0.0,149372464.20999995
2025-08-01 09:33:07 AM,245.48,170,41731.6,149414195.80999994
2025-08-01 09:33:14 AM,245.48,236,57933.28,149472129.08999994
2025-08-01 09:33:17 AM,245.44,0,0.0,149472129.08999994
2025-08-01 09:33:21 AM,245.47,3752,921003.44,150393132.52999994
2025-08-01 09:33:27 AM,245.56,0,0.0,150393132.52999994
2025-08-01 09:33:27 AM,245.59,0,0.0,150393132.52999994
2025-08-01 09:33:28 AM,245.59,7986,1961281.74,152354414.26999995
2025-08-01 09:33:33 AM,245.63,0,0.0,152354414.26999995
2025-08-01 09:33:34 AM,245.64,635,155981.4,152510395.66999996
2025-08-01 09:33:35 AM,245.64,248,60918.719999999994,152571314.38999996
2025-08-01 09:33:37 AM,245.69,0,0.0,152571314.38999996
2025-08-01 09:33:39 AM,245.75,0,0.0,152571314.38999996
2025-08-01 09:33:41 AM,245.85,5898,1450023.3,154021337.68999997
2025-08-01 09:33:47 AM,245.8,0,0.0,154021337.68999997
2025-08-01 09:33:48 AM,245.8,1708,419826.4,154441164.08999997
2025-08-01 09:33:51 AM,245.78,0,0.0,154441164.08999997
2025-08-01 09:33:53 AM,245.81,0,0.0,154441164.08999997
2025-08-01 09:33:56 AM,245.81,3357,825184.17,155266348.25999996
2025-08-01 09:33:57 AM,245.87,0,0.0,155266348.25999996
2025-08-01 09:33:58 AM,245.8,0,0.0,155266348.25999996
2025-08-01 09:34:02 AM,245.8,5632,1384345.6,156650693.85999995
2025-08-01 09:34:09 AM,245.81,0,0.0,156650693.85999995
2025-08-01 09:34:10 AM,245.87,1826,448958.62,157099652.47999996
2025-08-01 09:34:15 AM,245.82,0,0.0,157099652.47999996
2025-08-01 09:34:17 AM,245.77,1577,387579.29000000004,157487231.76999995
2025-08-01 09:34:17 AM,245.78,0,0.0,157487231.76999995
2025-08-01 09:34:20 AM,245.72,0,0.0,157487231.76999995
2025-08-01 09:34:24 AM,245.72,4256,1045784.32,158533016.08999994
2025-08-01 09:34:25 AM,245.79,0,0.0,158533016.08999994
2025-08-01 09:34:27 AM,245.77,0,0.0,158533016.08999994
2025-08-01 09:34:31 AM,245.77,3234,794820.18,159327836.26999995
2025-08-01 09:34:35 AM,245.78,0,0.0,159327836.26999995
2025-08-01 09:34:37 AM,245.79,0,0.0,159327836.26999995
2025-08-01 09:34:37 AM,245.79,546,134201.34,159462037.60999995
2025-08-01 09:34:42 AM,245.76,0,0.0,159462037.60999995
2025-08-01 09:34:44 AM,245.76,1073,263700.48,159725738.08999994
2025-08-01 09:34:45 AM,245.76,1,245.76,159725983.84999993
2025-08-01 09:34:47 AM,245.74,0,0.0,159725983.84999993
2025-08-01 09:34:50 AM,245.73,0,0.0,159725983.84999993
2025-08-01 09:34:51 AM,245.74,411,100999.14,159826982.98999992
2025-08-01 09:34:52 AM,245.74,3,737.22,159827720.20999992
2025-08-01 09:34:55 AM,245.76,0,0.0,159827720.20999992
2025-08-01 09:34:58 AM,245.76,160,39321.6,159867041.8099999
2025-08-01 09:34:59 AM,245.75,0,0.0,159867041.8099999
2025-08-01 09:34:59 AM,245.75,5,1228.75,159868270.5599999
2025-08-01 09:35:05 AM,245.76,887,217989.12,160086259.67999992
2025-08-01 09:35:12 AM,245.77,346,85036.42,160171296.0999999
2025-08-01 09:35:17 AM,245.85,0,0.0,160171296.0999999
2025-08-01 09:35:19 AM,245.85,1012,248800.19999999998,160420096.2999999
2025-08-01 09:35:20 AM,245.85,50,12292.5,160432388.7999999
2025-08-01 09:35:26 AM,245.86,618,151941.48,160584330.27999988
2025-08-01 09:35:27 AM,245.86,100,24586.0,160608916.27999988
2025-08-01 09:35:32 AM,245.87,0,0.0,160608916.27999988
2025-08-01 09:35:33 AM,245.87,816,200629.92,160809546.19999987
2025-08-01 09:35:37 AM,245.86,0,0.0,160809546.19999987
2025-08-01 09:35:40 AM,245.86,288,70807.68000000001,160880353.87999988
2025-08-01 09:35:47 AM,245.86,554,136206.44,161016560.31999987
2025-08-01 09:35:53 AM,245.86,173,42533.78,161059094.09999987
2025-08-01 09:35:54 AM,245.86,1,245.86,161059339.9599999
2025-08-01 09:35:57 AM,245.88,0,0.0,161059339.9599999
2025-08-01 09:36:00 AM,245.87,2931,720644.97,161779984.9299999
2025-08-01 09:36:00 AM,245.87,245,60238.15,161840223.0799999
2025-08-01 09:36:02 AM,245.9,0,0.0,161840223.0799999
2025-08-01 09:36:07 AM,245.87,1618,397817.66000000003,162238040.7399999
2025-08-01 09:36:07 AM,245.9,133,32704.7,162270745.43999988
2025-08-01 09:36:09 AM,245.95,0,0.0,162270745.43999988
2025-08-01 09:36:10 AM,245.85,0,0.0,162270745.43999988
2025-08-01 09:36:14 AM,245.85,2091,514072.35,162784817.78999987
2025-08-01 09:36:18 AM,245.9,0,0.0,162784817.78999987
2025-08-01 09:36:20 AM,245.87,6783,1667736.21,164452553.99999988
2025-08-01 09:36:21 AM,245.88,0,0.0,164452553.99999988
2025-08-01 09:36:26 AM,245.87,0,0.0,164452553.99999988
2025-08-01 09:36:27 AM,245.87,82,20161.34,164472715.33999988
2025-08-01 09:36:33 AM,245.88,0,0.0,164472715.33999988
2025-08-01 09:36:33 AM,245.88,147,36144.36,164508859.6999999
2025-08-01 09:36:33 AM,245.88,267,65649.95999999999,164574509.6599999
2025-08-01 09:36:37 AM,245.78,0,0.0,164574509.6599999
2025-08-01 09:36:38 AM,245.79,0,0.0,164574509.6599999
2025-08-01 09:36:40 AM,245.8,1507,370420.60000000003,164944930.2599999
2025-08-01 09:36:40 AM,245.8,40,9832.0,164954762.2599999
2025-08-01 09:36:41 AM,245.87,0,0.0,164954762.2599999
2025-08-01 09:36:46 AM,245.87,69,16965.03,164971727.2899999
2025-08-01 09:36:46 AM,245.87,5,1229.35,164972956.6399999
2025-08-01 09:36:53 AM,245.77,0,0.0,164972956.6399999
2025-08-01 09:36:53 AM,245.77,804,197599.08000000002,165170555.7199999
2025-08-01 09:36:53 AM,245.77,4,983.08,165171538.79999992
2025-08-01 09:36:58 AM,245.81,0,0.0,165171538.79999992
2025-08-01 09:36:59 AM,245.81,2811,690971.91,165862510.70999992
2025-08-01 09:37:02 AM,245.77,0,0.0,165862510.70999992
2025-08-01 09:37:02 AM,245.78,0,0.0,165862510.70999992
2025-08-01 09:37:06 AM,245.59,0,0.0,165862510.70999992
2025-08-01 09:37:06 AM,245.58,4364,1071711.12,166934221.82999992
2025-08-01 09:37:07 AM,245.56,3004,737662.24,167671884.06999993
2025-08-01 09:37:10 AM,245.5,0,0.0,167671884.06999993
2025-08-01 09:37:11 AM,245.57,0,0.0,167671884.06999993
2025-08-01 09:37:14 AM,245.55,355,87170.25,167759054.31999993
2025-08-01 09:37:14 AM,245.55,4,982.2,167760036.51999992
2025-08-01 09:37:16 AM,245.54,0,0.0,167760036.51999992
2025-08-01 09:37:21 AM,245.52,3742,918735.8400000001,168678772.35999992
2025-08-01 09:37:21 AM,245.52,5,1227.6000000000001,168679999.95999992
2025-08-01 09:37:21 AM,245.48,0,0.0,168679999.95999992
2025-08-01 09:37:25 AM,245.5,0,0.0,168679999.95999992
2025-08-01 09:37:27 AM,245.5,5769,1416289.5,170096289.45999992
2025-08-01 09:37:31 AM,245.47,0,0.0,170096289.45999992
2025-08-01 09:37:34 AM,245.5,524,128642.0,170224931.45999992
2025-08-01 09:37:41 AM,245.5,334,81997.0,170306928.45999992
2025-08-01 09:37:41 AM,245.47,10,2454.7,170309383.1599999
2025-08-01 09:37:47 AM,245.4,0,0.0,170309383.1599999
2025-08-01 09:37:48 AM,245.4,4447,1091293.8,171400676.95999992
2025-08-01 09:37:50 AM,245.39,0,0.0,171400676.95999992
2025-08-01 09:37:54 AM,245.39,2802,687582.7799999999,172088259.73999992
2025-08-01 09:37:58 AM,245.35,0,0.0,172088259.73999992
2025-08-01 09:38:01 AM,245.35,4135,1014522.25,173102781.98999992
2025-08-01 09:38:01 AM,245.31,5053,1239551.43,174342333.41999993
2025-08-01 09:38:02 AM,245.23,0,0.0,174342333.41999993
2025-08-01 09:38:06 AM,245.19,0,0.0,174342333.41999993
2025-08-01 09:38:08 AM,245.14,0,0.0,174342333.41999993
2025-08-01 09:38:08 AM,245.18,5668,1389680.24,175732013.65999994
2025-08-01 09:38:08 AM,245.14,1060,259848.4,175991862.05999994
2025-08-01 09:38:12 AM,245.29,0,0.0,175991862.05999994
2025-08-01 09:38:15 AM,245.19,10370,2542620.3,178534482.35999995
2025-08-01 09:38:17 AM,245.29,0,0.0,178534482.35999995
2025-08-01 09:38:22 AM,245.36,3320,814595.2000000001,179349077.55999994
2025-08-01 09:38:23 AM,245.31,0,0.0,179349077.55999994
2025-08-01 09:38:27 AM,245.2,0,0.0,179349077.55999994
2025-08-01 09:38:28 AM,245.28,723,177337.44,179526414.99999994
2025-08-01 09:38:32 AM,245.27,0,0.0,179526414.99999994
2025-08-01 09:38:35 AM,245.23,6871,1684975.3299999998,181211390.32999995
2025-08-01 09:38:37 AM,245.22,0,0.0,181211390.32999995
2025-08-01 09:38:42 AM,245.13,2681,657193.53,181868583.85999995
2025-08-01 09:38:42 AM,245.2,0,0.0,181868583.85999995
2025-08-01 09:38:48 AM,245.12,995,243894.4,182112478.25999996
2025-08-01 09:38:50 AM,245.15,0,0.0,182112478.25999996
2025-08-01 09:38:53 AM,245.22,0,0.0,182112478.25999996
2025-08-01 09:38:55 AM,245.22,883,216529.26,182329007.51999995
2025-08-01 09:38:58 AM,245.2,0,0.0,182329007.51999995
2025-08-01 09:39:01 AM,245.25,335,82158.75,182411166.26999995
2025-08-01 09:39:02 AM,245.22,0,0.0,182411166.26999995
2025-08-01 09:39:08 AM,245.23,3239,794299.97,183205466.23999995
2025-08-01 09:39:13 AM,245.15,0,0.0,183205466.23999995
2025-08-01 09:39:15 AM,245.18,2811,689200.98,183894667.21999994
2025-08-01 09:39:15 AM,245.18,1,245.18,183894912.39999995
2025-08-01 09:39:17 AM,245.21,0,0.0,183894912.39999995
2025-08-01 09:39:18 AM,245.2,0,0.0,183894912.39999995
2025-08-01 09:39:22 AM,245.21,1154,282972.34,184177884.73999995
2025-08-01 09:39:22 AM,245.19,48,11769.119999999999,184189653.85999995
2025-08-01 09:39:23 AM,245.21,0,0.0,184189653.85999995
2025-08-01 09:39:27 AM,245.15,0,0.0,184189653.85999995
2025-08-01 09:39:29 AM,245.15,1175,288051.25,184477705.10999995
2025-08-01 09:39:35 AM,245.15,1125,275793.75,184753498.85999995
2025-08-01 09:39:35 AM,245.15,28,6864.2,184760363.05999994
2025-08-01 09:39:38 AM,245.1,0,0.0,184760363.05999994
2025-08-01 09:39:41 AM,245.15,4626,1134063.9000000001,185894426.95999995
2025-08-01 09:39:42 AM,245.1,0,0.0,185894426.95999995
2025-08-01 09:39:43 AM,245.15,0,0.0,185894426.95999995
2025-08-01 09:39:46 AM,245.1,0,0.0,185894426.95999995
2025-08-01 09:39:48 AM,245.2,3921,961429.2,186855856.15999994
2025-08-01 09:39:54 AM,245.15,0,0.0,186855856.15999994
2025-08-01 09:39:55 AM,245.15,1251,306682.65,187162538.80999994
2025-08-01 09:39:55 AM,245.18,55,13484.9,187176023.70999995
2025-08-01 09:39:58 AM,245.2,0,0.0,187176023.70999995
2025-08-01 09:40:01 AM,245.1,633,155148.3,187331172.00999996
2025-08-01 09:40:02 AM,245.19,2,490.38,187331662.38999996
2025-08-01 09:40:02 AM,245.18,0,0.0,187331662.38999996
2025-08-01 09:40:06 AM,245.17,0,0.0,187331662.38999996
2025-08-01 09:40:08 AM,245.17,610,149553.69999999998,187481216.08999994
2025-08-01 09:40:09 AM,245.17,5,1225.85,187482441.93999994
2025-08-01 09:40:12 AM,245.15,0,0.0,187482441.93999994
2025-08-01 09:40:14 AM,245.17,279,68402.43,187550844.36999995
2025-08-01 09:40:15 AM,245.17,8,1961.36,187552805.72999996
2025-08-01 09:40:19 AM,245.16,0,0.0,187552805.72999996
2025-08-01 09:40:21 AM,245.18,0,0.0,187552805.72999996
2025-08-01 09:40:21 AM,245.18,386,94639.48,187647445.20999995
2025-08-01 09:40:22 AM,245.16,217,53199.72,187700644.92999995
2025-08-01 09:40:24 AM,245.18,0,0.0,187700644.92999995
2025-08-01 09:40:26 AM,245.17,0,0.0,187700644.92999995
2025-08-01 09:40:28 AM,245.16,686,168179.76,187868824.68999994
2025-08-01 09:40:28 AM,245.18,132,32363.760000000002,187901188.44999993
2025-08-01 09:40:34 AM,245.16,0,0.0,187901188.44999993
2025-08-01 09:40:34 AM,245.18,809,198350.62,188099539.06999993
2025-08-01 09:40:35 AM,245.18,21,5148.78,188104687.84999993
2025-08-01 09:40:41 AM,245.18,383,93903.94,188198591.78999993
2025-08-01 09:40:41 AM,245.12,665,163004.80000000002,188361596.58999994
2025-08-01 09:40:42 AM,245.18,0,0.0,188361596.58999994
2025-08-01 09:40:46 AM,245.3,0,0.0,188361596.58999994
2025-08-01 09:40:47 AM,245.34,0,0.0,188361596.58999994
2025-08-01 09:40:47 AM,245.34,11488,2818465.92,191180062.50999993
2025-08-01 09:40:50 AM,245.37,0,0.0,191180062.50999993
2025-08-01 09:40:51 AM,245.42,0,0.0,191180062.50999993
2025-08-01 09:40:54 AM,245.42,6945,1704441.9,192884504.40999994
2025-08-01 09:40:55 AM,245.49,0,0.0,192884504.40999994
2025-08-01 09:41:00 AM,245.39,862,211526.18,193096030.58999994
2025-08-01 09:41:01 AM,245.47,1,245.47,193096276.05999994
2025-08-01 09:41:05 AM,245.55,0,0.0,193096276.05999994
2025-08-01 09:41:07 AM,245.52,4239,1040759.28,194137035.33999994
2025-08-01 09:41:10 AM,245.55,0,0.0,194137035.33999994
2025-08-01 09:41:14 AM,245.55,219,53775.450000000004,194190810.78999993
2025-08-01 09:41:15 AM,245.55,3,736.6500000000001,194191547.43999994
2025-08-01 09:41:21 AM,245.6,219,53786.4,194245333.83999994
2025-08-01 09:41:25 AM,245.52,0,0.0,194245333.83999994
2025-08-01 09:41:27 AM,245.56,753,184906.68,194430240.51999995
2025-08-01 09:41:28 AM,245.56,1,245.56,194430486.07999995
2025-08-01 09:41:34 AM,245.6,6532,1604259.2,196034745.27999994
2025-08-01 09:41:34 AM,245.61,0,0.0,196034745.27999994
2025-08-01 09:41:35 AM,245.61,11,2701.71,196037446.98999995
2025-08-01 09:41:38 AM,245.62,0,0.0,196037446.98999995
2025-08-01 09:41:40 AM,245.65,465,114227.25,196151674.23999995
2025-08-01 09:41:47 AM,245.7,3214,789679.7999999999,196941354.03999996
2025-08-01 09:41:48 AM,245.65,13,3193.4500000000003,196944547.48999995
2025-08-01 09:41:49 AM,245.69,0,0.0,196944547.48999995
2025-08-01 09:41:53 AM,245.7,0,0.0,196944547.48999995
2025-08-01 09:41:53 AM,245.7,1923,472481.1,197417028.58999994
2025-08-01 09:41:54 AM,245.7,159,39066.299999999996,197456094.88999996
2025-08-01 09:42:00 AM,245.72,1194,293389.68,197749484.56999996
2025-08-01 09:42:01 AM,245.73,41,10074.93,197759559.49999997
2025-08-01 09:42:01 AM,245.7,0,0.0,197759559.49999997
2025-08-01 09:42:06 AM,245.7,1320,324324.0,198083883.49999997
2025-08-01 09:42:07 AM,245.7,1,245.7,198084129.19999996
2025-08-01 09:42:11 AM,245.6,0,0.0,198084129.19999996
2025-08-01 09:42:13 AM,245.58,7476,1835956.08,199920085.27999997
2025-08-01 09:42:14 AM,245.58,8,1964.64,199922049.91999996
2025-08-01 09:42:19 AM,245.59,0,0.0,199922049.91999996
2025-08-01 09:42:19 AM,245.52,0,0.0,199922049.91999996
2025-08-01 09:42:19 AM,245.52,3198,785172.9600000001,200707222.87999997
2025-08-01 09:42:23 AM,245.51,0,0.0,200707222.87999997
2025-08-01 09:42:24 AM,245.5,0,0.0,200707222.87999997
2025-08-01 09:42:26 AM,245.5,1370,336335.0,201043557.87999997
2025-08-01 09:42:27 AM,245.5,85,20867.5,201064425.37999997
2025-08-01 09:42:28 AM,245.49,0,0.0,201064425.37999997
2025-08-01 09:42:32 AM,245.52,0,0.0,201064425.37999997
2025-08-01 09:42:33 AM,245.52,5290,1298800.8,202363226.17999998
2025-08-01 09:42:34 AM,245.56,1230,302038.8,202665264.98
2025-08-01 09:42:39 AM,245.53,425,104350.25,202769615.23
2025-08-01 09:42:40 AM,245.52,46,11293.92,202780909.14999998
2025-08-01 09:42:41 AM,245.53,0,0.0,202780909.14999998
2025-08-01 09:42:45 AM,245.53,937,230061.61000000002,203010970.76
2025-08-01 09:42:47 AM,245.53,4,982.12,203011952.88
2025-08-01 09:42:52 AM,245.53,1106,271556.18,203283509.06
2025-08-01 09:42:53 AM,245.53,7,1718.71,203285227.77
2025-08-01 09:42:56 AM,245.6,0,0.0,203285227.77
2025-08-01 09:42:58 AM,245.6,1948,478428.8,203763656.57000002
2025-08-01 09:43:05 AM,245.6,82,20139.2,203783795.77
2025-08-01 09:43:06 AM,245.6,254,62382.4,203846178.17000002
2025-08-01 09:43:12 AM,245.6,170,41752.0,203887930.17000002
2025-08-01 09:43:13 AM,245.6,1,245.6,203888175.77
2025-08-01 09:43:18 AM,245.6,91,22349.6,203910525.37
2025-08-01 09:43:19 AM,245.58,103,25294.74,203935820.11
2025-08-01 09:43:21 AM,245.6,0,0.0,203935820.11
2025-08-01 09:43:25 AM,245.63,0,0.0,203935820.11
2025-08-01 09:43:25 AM,245.63,167,41020.21,203976840.32000002
2025-08-01 09:43:26 AM,245.63,1,245.63,203977085.95000002
2025-08-01 09:43:29 AM,245.6,0,0.0,203977085.95000002
2025-08-01 09:43:32 AM,245.63,602,147869.26,204124955.21
2025-08-01 09:43:32 AM,245.69,2,491.38,204125446.59
2025-08-01 09:43:38 AM,245.69,112,27517.28,204152963.87
2025-08-01 09:43:39 AM,245.69,2,491.38,204153455.25
2025-08-01 09:43:41 AM,245.65,0,0.0,204153455.25
2025-08-01 09:43:44 AM,245.69,0,0.0,204153455.25
2025-08-01 09:43:45 AM,245.69,145,35625.05,204189080.3
2025-08-01 09:43:46 AM,245.69,28,6879.32,204195959.62
2025-08-01 09:43:51 AM,245.69,545,133901.05,204329860.67000002
2025-08-01 09:43:52 AM,245.65,0,0.0,204329860.67000002
2025-08-01 09:43:52 AM,245.69,238,58474.22,204388334.89000002
2025-08-01 09:43:56 AM,245.73,0,0.0,204388334.89000002
2025-08-01 09:43:56 AM,245.69,0,0.0,204388334.89000002
2025-08-01 09:43:58 AM,245.73,210,51603.299999999996,204439938.19000003
2025-08-01 09:43:59 AM,245.69,761,186970.09,204626908.28000003
2025-08-01 09:44:04 AM,245.69,34,8353.46,204635261.74000004
2025-08-01 09:44:05 AM,245.69,500,122845.0,204758106.74000004
2025-08-01 09:44:09 AM,245.65,0,0.0,204758106.74000004
2025-08-01 09:44:11 AM,245.65,1991,489089.15,205247195.89000005
2025-08-01 09:44:12 AM,245.66,1,245.66,205247441.55000004
2025-08-01 09:44:16 AM,245.65,0,0.0,205247441.55000004
2025-08-01 09:44:18 AM,245.64,391,96045.23999999999,205343486.79000005
2025-08-01 09:44:19 AM,245.64,4,982.56,205344469.35000005
2025-08-01 09:44:21 AM,245.63,0,0.0,205344469.35000005
2025-08-01 09:44:25 AM,245.61,1217,298907.37,205643376.72000006
2025-08-01 09:44:25 AM,245.62,0,0.0,205643376.72000006
2025-08-01 09:44:26 AM,245.62,12,2947.44,205646324.16000006
2025-08-01 09:44:30 AM,245.61,0,0.0,205646324.16000006
2025-08-01 09:44:31 AM,245.61,89,21859.29,205668183.45000005
2025-08-01 09:44:36 AM,245.6,0,0.0,205668183.45000005
2025-08-01 09:44:37 AM,245.61,197,48385.170000000006,205716568.62000003
2025-08-01 09:44:38 AM,245.6,459,112730.4,205829299.02000004
2025-08-01 09:44:40 AM,245.59,0,0.0,205829299.02000004
2025-08-01 09:44:44 AM,245.58,672,165029.76,205994328.78000003
2025-08-01 09:44:45 AM,245.58,7,1719.0600000000002,205996047.84000003
2025-08-01 09:44:50 AM,245.58,82,20137.56,206016185.40000004
2025-08-01 09:44:51 AM,245.57,7,1718.99,206017904.39000005
2025-08-01 09:44:54 AM,245.56,0,0.0,206017904.39000005
2025-08-01 09:44:56 AM,245.45,0,0.0,206017904.39000005
2025-08-01 09:44:56 AM,245.45,2626,644551.7,206662456.09000003
2025-08-01 09:44:58 AM,245.35,0,0.0,206662456.09000003
2025-08-01 09:45:00 AM,245.39,0,0.0,206662456.09000003
2025-08-01 09:45:03 AM,245.3,0,0.0,206662456.09000003
2025-08-01 09:45:03 AM,245.35,3727,914419.45,207576875.54000002
2025-08-01 09:45:04 AM,245.31,1625,398628.75,207975504.29000002
2025-08-01 09:45:07 AM,245.29,0,0.0,207975504.29000002
2025-08-01 09:45:10 AM,245.26,200,49052.0,208024556.29000002
2025-08-01 09:45:11 AM,245.26,100,24526.0,208049082.29000002
2025-08-01 09:45:16 AM,245.31,0,0.0,208049082.29000002
2025-08-01 09:45:17 AM,245.26,3593,881219.1799999999,208930301.47000003
2025-08-01 09:45:18 AM,245.26,36,8829.36,208939130.83000004
2025-08-01 09:45:21 AM,245.24,0,0.0,208939130.83000004
2025-08-01 09:45:23 AM,245.17,7202,1765714.3399999999,210704845.17000005
2025-08-01 09:45:24 AM,245.17,1,245.17,210705090.34000003
2025-08-01 09:45:25 AM,245.16,0,0.0,210705090.34000003
2025-08-01 09:45:29 AM,245.11,38,9314.18,210714404.52000004
2025-08-01 09:45:29 AM,245.12,0,0.0,210714404.52000004
2025-08-01 09:45:31 AM,245.12,21,5147.52,210719552.04000005
2025-08-01 09:45:32 AM,245.05,0,0.0,210719552.04000005
2025-08-01 09:45:36 AM,245.12,2862,701533.4400000001,211421085.48000005
2025-08-01 09:45:36 AM,245.05,0,0.0,211421085.48000005
2025-08-01 09:45:37 AM,245.12,201,49269.12,211470354.60000005
2025-08-01 09:45:41 AM,245.06,0,0.0,211470354.60000005
2025-08-01 09:45:42 AM,245.17,2019,494998.23,211965352.83000004
2025-08-01 09:45:44 AM,245.12,104,25492.48,211990845.31000003
2025-08-01 09:45:44 AM,245.11,0,0.0,211990845.31000003
2025-08-01 09:45:48 AM,245.12,0,0.0,211990845.31000003
2025-08-01 09:45:49 AM,245.12,2936,719672.3200000001,212710517.63000003
2025-08-01 09:45:50 AM,245.15,142,34811.3,212745328.93000004
2025-08-01 09:45:52 AM,245.17,0,0.0,212745328.93000004
2025-08-01 09:45:55 AM,245.17,200,49034.0,212794362.93000004
2025-08-01 09:46:02 AM,245.17,2564,628615.88,213422978.81000003
2025-08-01 09:46:03 AM,245.17,34,8335.779999999999,213431314.59000003
2025-08-01 09:46:03 AM,245.15,0,0.0,213431314.59000003
2025-08-01 09:46:07 AM,245.17,0,0.0,213431314.59000003
2025-08-01 09:46:08 AM,245.12,337,82605.44,213513920.03000003
2025-08-01 09:46:08 AM,245.17,0,0.0,213513920.03000003
2025-08-01 09:46:10 AM,245.17,34,8335.779999999999,213522255.81000003
2025-08-01 09:46:15 AM,245.17,42,10297.14,213532552.95000002
2025-08-01 09:46:21 AM,245.17,647,158624.99,213691177.94000003
2025-08-01 09:46:23 AM,245.17,17,4167.889999999999,213695345.83
2025-08-01 09:46:28 AM,245.17,191,46827.47,213742173.3
2025-08-01 09:46:29 AM,245.17,10,2451.7,213744625.0
2025-08-01 09:46:34 AM,245.17,24,5884.08,213750509.08
2025-08-01 09:46:36 AM,245.17,4,980.68,213751489.76000002
2025-08-01 09:46:40 AM,245.17,1243,304746.31,214056236.07000002
2025-08-01 09:46:42 AM,245.13,3109,762109.17,214818345.24
2025-08-01 09:46:42 AM,245.12,0,0.0,214818345.24
2025-08-01 09:46:46 AM,245.08,1899,465406.92000000004,215283752.16
2025-08-01 09:46:48 AM,245.06,507,124245.42,215407997.57999998
2025-08-01 09:46:51 AM,245.03,0,0.0,215407997.57999998
2025-08-01 09:46:53 AM,245.0,0,0.0,215407997.57999998
2025-08-01 09:46:53 AM,245.0,44826,10982370.0,226390367.57999998
2025-08-01 09:46:55 AM,245.0,4167,1020915.0,227411282.57999998
2025-08-01 09:46:57 AM,245.08,0,0.0,227411282.57999998
2025-08-01 09:46:58 AM,245.15,0,0.0,227411282.57999998
2025-08-01 09:46:59 AM,245.15,2116,518737.4,227930019.98
2025-08-01 09:47:01 AM,245.07,0,0.0,227930019.98
2025-08-01 09:47:01 AM,245.07,4,980.28,227931000.26
2025-08-01 09:47:03 AM,245.17,0,0.0,227931000.26
2025-08-01 09:47:05 AM,245.12,3295,807670.4,228738670.66
2025-08-01 09:47:06 AM,245.2,0,0.0,228738670.66
2025-08-01 09:47:07 AM,245.2,14,3432.7999999999997,228742103.46
2025-08-01 09:47:10 AM,245.17,0,0.0,228742103.46
2025-08-01 09:47:11 AM,245.17,2,490.34,228742593.8
2025-08-01 09:47:13 AM,245.2,0,0.0,228742593.8
2025-08-01 09:47:13 AM,245.17,12,2942.04,228745535.84
2025-08-01 09:47:17 AM,245.16,96,23535.36,228769071.20000002
2025-08-01 09:47:18 AM,245.17,0,0.0,228769071.20000002
2025-08-01 09:47:19 AM,245.17,118,28930.059999999998,228798001.26000002
2025-08-01 09:47:22 AM,245.19,0,0.0,228798001.26000002
2025-08-01 09:47:24 AM,245.19,733,179724.27,228977725.53000003
2025-08-01 09:47:26 AM,245.19,653,160109.07,229137834.60000002
2025-08-01 09:47:30 AM,245.2,0,0.0,229137834.60000002
2025-08-01 09:47:30 AM,245.2,42,10298.4,229148133.00000003
2025-08-01 09:47:31 AM,245.14,0,0.0,229148133.00000003
2025-08-01 09:47:32 AM,245.14,2297,563086.58,229711219.58000004
2025-08-01 09:47:37 AM,245.14,903,221361.41999999998,229932581.00000003
2025-08-01 09:47:39 AM,245.14,55,13482.699999999999,229946063.70000002
2025-08-01 09:47:41 AM,245.1,0,0.0,229946063.70000002
2025-08-01 09:47:44 AM,245.14,153,37506.42,229983570.12
2025-08-01 09:47:46 AM,245.2,4166,1021503.2,231005073.32
2025-08-01 09:47:46 AM,245.26,0,0.0,231005073.32
2025-08-01 09:47:50 AM,245.26,250,61315.0,231066388.32
2025-08-01 09:47:53 AM,245.26,1024,251146.24,231317534.56
2025-08-01 09:47:55 AM,245.3,0,0.0,231317534.56
2025-08-01 09:47:56 AM,245.31,0,0.0,231317534.56
2025-08-01 09:47:57 AM,245.31,307,75310.17,231392844.73
2025-08-01 09:47:59 AM,245.28,205,50282.4,231443127.13
2025-08-01 09:48:03 AM,245.28,4,981.12,231444108.25
2025-08-01 09:48:06 AM,245.28,7,1716.96,231445825.21
2025-08-01 09:48:09 AM,245.29,0,0.0,231445825.21
2025-08-01 09:48:10 AM,245.29,174,42680.46,231488505.67000002
2025-08-01 09:48:12 AM,245.29,92,22566.68,231511072.35000002
2025-08-01 09:48:16 AM,245.29,20,4905.8,231515978.15000004
2025-08-01 09:48:19 AM,245.28,403,98847.84,231614825.99000004
2025-08-01 09:48:20 AM,245.29,0,0.0,231614825.99000004
2025-08-01 09:48:20 AM,245.28,0,0.0,231614825.99000004
2025-08-01 09:48:22 AM,245.29,205,50284.45,231665110.44000003
2025-08-01 09:48:24 AM,245.28,0,0.0,231665110.44000003
2025-08-01 09:48:25 AM,245.29,334,81926.86,231747037.30000004
2025-08-01 09:48:29 AM,245.29,298,73096.42,231820133.72000003
2025-08-01 09:48:32 AM,245.29,124,30415.96,231850549.68000004
2025-08-01 09:48:32 AM,245.28,0,0.0,231850549.68000004
2025-08-01 09:48:36 AM,245.29,1979,485428.91,232335978.59000003
2025-08-01 09:48:38 AM,245.29,130,31887.7,232367866.29000002
2025-08-01 09:48:40 AM,245.34,0,0.0,232367866.29000002
2025-08-01 09:48:40 AM,245.29,0,0.0,232367866.29000002
2025-08-01 09:48:42 AM,245.34,241,59126.94,232426993.23000002
2025-08-01 09:48:44 AM,245.34,221,54220.14,232481213.37
2025-08-01 09:48:48 AM,245.34,44,10794.960000000001,232492008.33
2025-08-01 09:48:51 AM,245.3,20,4906.0,232496914.33
2025-08-01 09:48:52 AM,245.34,0,0.0,232496914.33
2025-08-01 09:48:55 AM,245.25,2459,603069.75,233099984.08
2025-08-01 09:48:56 AM,245.22,0,0.0,233099984.08
2025-08-01 09:48:56 AM,245.15,0,0.0,233099984.08
2025-08-01 09:48:57 AM,245.15,932,228479.80000000002,233328463.88000003
2025-08-01 09:49:00 AM,245.13,0,0.0,233328463.88000003
2025-08-01 09:49:01 AM,245.14,7506,1840020.8399999999,235168484.72000003
2025-08-01 09:49:03 AM,245.15,492,120613.8,235289098.52000004
2025-08-01 09:49:04 AM,245.05,0,0.0,235289098.52000004
2025-08-01 09:49:07 AM,245.05,2129,521711.45,235810809.97000003
2025-08-01 09:49:08 AM,245.2,0,0.0,235810809.97000003
2025-08-01 09:49:10 AM,245.2,244,59828.799999999996,235870638.77000004
2025-08-01 09:49:12 AM,245.15,0,0.0,235870638.77000004
2025-08-01 09:49:14 AM,245.15,13,3186.9500000000003,235873825.72000003
2025-08-01 09:49:16 AM,245.2,0,0.0,235873825.72000003
2025-08-01 09:49:16 AM,245.2,60,14712.0,235888537.72000003
2025-08-01 09:49:16 AM,245.18,0,0.0,235888537.72000003
2025-08-01 09:49:20 AM,245.17,0,0.0,235888537.72000003
2025-08-01 09:49:20 AM,245.17,417,102235.89,235990773.61
2025-08-01 09:49:22 AM,245.17,3,735.51,235991509.12
2025-08-01 09:49:22 AM,245.15,0,0.0,235991509.12
2025-08-01 09:49:25 AM,245.18,0,0.0,235991509.12
2025-08-01 09:49:26 AM,245.2,897,219944.4,236211453.52
2025-08-01 09:49:28 AM,245.2,261,63997.2,236275450.72
2025-08-01 09:49:29 AM,245.17,0,0.0,236275450.72
2025-08-01 09:49:32 AM,245.18,222,54429.96,236329880.68
2025-08-01 09:49:35 AM,245.19,0,0.0,236329880.68
2025-08-01 09:49:35 AM,245.19,87,21331.53,236351212.21
2025-08-01 09:49:37 AM,245.18,0,0.0,236351212.21
2025-08-01 09:49:37 AM,245.15,0,0.0,236351212.21
2025-08-01 09:49:38 AM,245.2,53,12995.599999999999,236364207.81
2025-08-01 09:49:41 AM,245.19,0,0.0,236364207.81
2025-08-01 09:49:41 AM,245.19,510,125046.9,236489254.71
2025-08-01 09:49:44 AM,245.18,0,0.0,236489254.71
2025-08-01 09:49:45 AM,245.17,90,22065.3,236511320.01000002
2025-08-01 09:49:47 AM,245.18,262,64237.16,236575557.17000002
2025-08-01 09:49:51 AM,245.17,135,33097.95,236608655.12
2025-08-01 09:49:53 AM,245.15,0,0.0,236608655.12
2025-08-01 09:49:54 AM,245.12,161,39464.32,236648119.44
2025-08-01 09:49:57 AM,245.17,0,0.0,236648119.44
2025-08-01 09:49:57 AM,245.1,376,92157.59999999999,236740277.04
2025-08-01 09:49:58 AM,245.18,0,0.0,236740277.04
2025-08-01 09:50:01 AM,245.18,58,14220.44,236754497.48
2025-08-01 09:50:01 AM,245.17,0,0.0,236754497.48
2025-08-01 09:50:04 AM,245.18,0,0.0,236754497.48
2025-08-01 09:50:04 AM,245.18,43,10542.74,236765040.22
2025-08-01 09:50:07 AM,245.21,2705,663293.05,237428333.27
2025-08-01 09:50:07 AM,245.2,0,0.0,237428333.27
2025-08-01 09:50:09 AM,245.26,0,0.0,237428333.27
2025-08-01 09:50:10 AM,245.26,77,18885.02,237447218.29000002
2025-08-01 09:50:10 AM,245.21,0,0.0,237447218.29000002
2025-08-01 09:50:12 AM,245.2,0,0.0,237447218.29000002
2025-08-01 09:50:13 AM,245.2,1424,349164.8,237796383.09000003
2025-08-01 09:50:17 AM,245.2,133,32611.6,237828994.69000003
2025-08-01 09:50:20 AM,245.2,366,89743.2,237918737.89000002
2025-08-01 09:50:23 AM,245.2,13,3187.6,237921925.49
2025-08-01 09:50:26 AM,245.2,6,1471.1999999999998,237923396.69
2025-08-01 09:50:29 AM,245.2,288,70617.59999999999,237994014.29
2025-08-01 09:50:32 AM,245.2,107,26236.399999999998,238020250.69
2025-08-01 09:50:36 AM,245.22,1266,310448.52,238330699.21
2025-08-01 09:50:38 AM,245.25,3,735.75,238331434.96
2025-08-01 09:50:42 AM,245.27,1745,427996.15,238759431.11
2025-08-01 09:50:43 AM,245.25,0,0.0,238759431.11
2025-08-01 09:50:44 AM,245.3,89,21831.7,238781262.81
2025-08-01 09:50:48 AM,245.3,13,3188.9,238784451.71
2025-08-01 09:50:51 AM,245.34,0,0.0,238784451.71
2025-08-01 09:50:51 AM,245.34,33,8096.22,238792547.93
2025-08-01 09:50:52 AM,245.33,0,0.0,238792547.93
2025-08-01 09:50:54 AM,245.32,0,0.0,238792547.93
2025-08-01 09:50:54 AM,245.25,0,0.0,238792547.93
2025-08-01 09:50:55 AM,245.25,138,33844.5,238826392.43
2025-08-01 09:50:56 AM,245.33,0,0.0,238826392.43
2025-08-01 09:50:57 AM,245.33,202,49556.66,238875949.09
2025-08-01 09:50:58 AM,245.35,0,0.0,238875949.09
2025-08-01 09:51:01 AM,245.35,753,184748.55,239060697.64000002
2025-08-01 09:51:03 AM,245.33,0,0.0,239060697.64000002
2025-08-01 09:51:03 AM,245.33,5,1226.65,239061924.29000002
2025-08-01 09:51:06 AM,245.34,0,0.0,239061924.29000002
2025-08-01 09:51:07 AM,245.34,116,28459.44,239090383.73000002
2025-08-01 09:51:09 AM,245.41,20,4908.2,239095291.93
2025-08-01 09:51:11 AM,245.33,0,0.0,239095291.93
2025-08-01 09:51:14 AM,245.35,856,210019.6,239305311.53
2025-08-01 09:51:15 AM,245.29,0,0.0,239305311.53
2025-08-01 09:51:15 AM,245.29,183,44888.07,239350199.6
2025-08-01 09:51:18 AM,245.41,0,0.0,239350199.6
2025-08-01 09:51:20 AM,245.41,34,8343.94,239358543.54
2025-08-01 09:51:22 AM,245.41,50,12270.5,239370814.04
2025-08-01 09:51:26 AM,245.41,39,9570.99,239380385.03
2025-08-01 09:51:27 AM,245.34,0,0.0,239380385.03
2025-08-01 09:51:28 AM,245.34,825,202405.5,239582790.53
2025-08-01 09:51:29 AM,245.41,0,0.0,239582790.53
2025-08-01 09:51:32 AM,245.39,0,0.0,239582790.53
2025-08-01 09:51:32 AM,245.39,37,9079.43,239591869.96
2025-08-01 09:51:33 AM,245.28,0,0.0,239591869.96
2025-08-01 09:51:34 AM,245.27,1660,407148.2,239999018.16
2025-08-01 09:51:39 AM,245.25,331,81177.75,240080195.91
2025-08-01 09:51:41 AM,245.25,11,2697.75,240082893.66
2025-08-01 09:51:43 AM,245.22,0,0.0,240082893.66
2025-08-01 09:51:45 AM,245.25,215,52728.75,240135622.41
2025-08-01 09:51:47 AM,245.25,121,29675.25,240165297.66
2025-08-01 09:51:49 AM,245.21,0,0.0,240165297.66
2025-08-01 09:51:51 AM,245.22,738,180972.36,240346270.02
2025-08-01 09:51:54 AM,245.22,16,3923.52,240350193.54000002
2025-08-01 09:51:57 AM,245.22,65,15939.3,240366132.84000003
2025-08-01 09:51:59 AM,245.2,0,0.0,240366132.84000003
2025-08-01 09:52:00 AM,245.19,1697,416087.43,240782220.27000004
2025-08-01 09:52:03 AM,245.18,0,0.0,240782220.27000004
2025-08-01 09:52:03 AM,245.18,595,145882.1,240928102.37000003
2025-08-01 09:52:05 AM,245.19,0,0.0,240928102.37000003
2025-08-01 09:52:06 AM,245.19,7,1716.33,240929818.70000005
2025-08-01 09:52:07 AM,245.11,0,0.0,240929818.70000005
2025-08-01 09:52:09 AM,245.23,2922,716562.0599999999,241646380.76000005
2025-08-01 09:52:12 AM,245.22,5,1226.1,241647606.86000004
2025-08-01 09:52:15 AM,245.22,34,8337.48,241655944.34000003
2025-08-01 09:52:18 AM,245.21,70,17164.7,241673109.04000002
2025-08-01 09:52:21 AM,245.22,0,0.0,241673109.04000002
2025-08-01 09:52:22 AM,245.22,176,43158.72,241716267.76000002
2025-08-01 09:52:23 AM,245.19,0,0.0,241716267.76000002
2025-08-01 09:52:24 AM,245.22,36,8827.92,241725095.68
2025-08-01 09:52:28 AM,245.39,2678,657154.4199999999,242382250.1
2025-08-01 09:52:30 AM,245.39,7,1717.73,242383967.82999998
2025-08-01 09:52:34 AM,245.41,22,5399.0199999999995,242389366.85
2025-08-01 09:52:36 AM,245.41,66,16197.06,242405563.91
2025-08-01 09:52:39 AM,245.43,0,0.0,242405563.91
2025-08-01 09:52:40 AM,245.43,157,38532.51,242444096.42
2025-08-01 09:52:41 AM,245.39,0,0.0,242444096.42
2025-08-01 09:52:42 AM,245.39,1274,312626.86,242756723.28
2025-08-01 09:52:44 AM,245.35,0,0.0,242756723.28
2025-08-01 09:52:46 AM,245.37,3005,737336.85,243494060.13
2025-08-01 09:52:48 AM,245.34,0,0.0,243494060.13
2025-08-01 09:52:49 AM,245.35,46,11286.1,243505346.23
2025-08-01 09:52:51 AM,245.3,0,0.0,243505346.23
2025-08-01 09:52:52 AM,245.33,124,30420.920000000002,243535767.14999998
2025-08-01 09:52:55 AM,245.32,8,1962.56,243537729.70999998
2025-08-01 09:52:58 AM,245.32,25,6133.0,243543862.70999998
2025-08-01 09:53:00 AM,245.32,5,1226.6,243545089.30999997
2025-08-01 09:53:03 AM,245.35,0,0.0,243545089.30999997
2025-08-01 09:53:03 AM,245.3,0,0.0,243545089.30999997
2025-08-01 09:53:04 AM,245.3,21,5151.3,243550240.60999998
2025-08-01 09:53:06 AM,245.21,0,0.0,243550240.60999998
2025-08-01 09:53:06 AM,245.21,3027,742250.67,244292491.27999997
2025-08-01 09:53:08 AM,245.33,0,0.0,244292491.27999997
2025-08-01 09:53:10 AM,245.33,62,15210.460000000001,244307701.73999998
2025-08-01 09:53:12 AM,245.35,358,87835.3,244395537.04
2025-08-01 09:53:15 AM,245.25,0,0.0,244395537.04
2025-08-01 09:53:15 AM,245.29,0,0.0,244395537.04
2025-08-01 09:53:17 AM,245.22,3108,762143.76,245157680.79999998
2025-08-01 09:53:18 AM,245.31,0,0.0,245157680.79999998
2025-08-01 09:53:19 AM,245.31,20,4906.2,245162586.99999997
2025-08-01 09:53:22 AM,245.27,0,0.0,245162586.99999997
2025-08-01 09:53:23 AM,245.27,125,30658.75,245193245.74999997
2025-08-01 09:53:24 AM,245.26,0,0.0,245193245.74999997
2025-08-01 09:53:25 AM,245.27,0,0.0,245193245.74999997
2025-08-01 09:53:25 AM,245.27,518,127049.86,245320295.60999998
2025-08-01 09:53:28 AM,245.19,0,0.0,245320295.60999998
2025-08-01 09:53:28 AM,245.2,0,0.0,245320295.60999998
2025-08-01 09:53:29 AM,245.2,4477,1097760.4,246418056.01
2025-08-01 09:53:31 AM,245.09,0,0.0,246418056.01
2025-08-01 09:53:31 AM,245.09,560,137250.4,246555306.41
2025-08-01 09:53:33 AM,245.1,0,0.0,246555306.41
2025-08-01 09:53:35 AM,245.22,160,39235.2,246594541.60999998
2025-08-01 09:53:37 AM,245.25,0,0.0,246594541.60999998
2025-08-01 09:53:37 AM,245.25,120,29430.0,246623971.60999998
2025-08-01 09:53:37 AM,245.24,0,0.0,246623971.60999998
2025-08-01 09:53:40 AM,245.25,0,0.0,246623971.60999998
2025-08-01 09:53:40 AM,245.2,0,0.0,246623971.60999998
2025-08-01 09:53:41 AM,245.2,399,97834.79999999999,246721806.41
2025-08-01 09:53:43 AM,245.15,0,0.0,246721806.41
2025-08-01 09:53:43 AM,245.15,200,49030.0,246770836.41
2025-08-01 09:53:44 AM,245.23,0,0.0,246770836.41
2025-08-01 09:53:48 AM,245.21,12,2942.52,246773778.93
2025-08-01 09:53:48 AM,245.22,0,0.0,246773778.93
2025-08-01 09:53:49 AM,245.22,7,1716.54,246775495.47
2025-08-01 09:53:51 AM,245.24,0,0.0,246775495.47
2025-08-01 09:53:52 AM,245.2,0,0.0,246775495.47
2025-08-01 09:53:54 AM,245.19,739,181195.41,246956690.88
2025-08-01 09:53:55 AM,245.19,49,12014.31,246968705.19
2025-08-01 09:53:55 AM,245.1,0,0.0,246968705.19
2025-08-01 09:53:58 AM,245.18,0,0.0,246968705.19
2025-08-01 09:53:58 AM,245.19,0,0.0,246968705.19
2025-08-01 09:54:00 AM,245.21,264,64735.44,247033440.63
2025-08-01 09:54:01 AM,245.15,28,6864.2,247040304.82999998
2025-08-01 09:54:04 AM,245.23,0,0.0,247040304.82999998
2025-08-01 09:54:04 AM,245.21,0,0.0,247040304.82999998
2025-08-01 09:54:06 AM,245.23,26,6375.98,247046680.80999997
2025-08-01 09:54:07 AM,245.23,2,490.46,247047171.26999998
2025-08-01 09:54:07 AM,245.21,0,0.0,247047171.26999998
2025-08-01 09:54:10 AM,245.24,0,0.0,247047171.26999998
2025-08-01 09:54:10 AM,245.21,0,0.0,247047171.26999998
2025-08-01 09:54:12 AM,245.21,904,221669.84,247268841.10999998
2025-08-01 09:54:13 AM,245.15,0,0.0,247268841.10999998
2025-08-01 09:54:13 AM,245.18,0,0.0,247268841.10999998
2025-08-01 09:54:14 AM,245.18,14,3432.52,247272273.63
2025-08-01 09:54:16 AM,245.15,0,0.0,247272273.63
2025-08-01 09:54:19 AM,245.16,0,0.0,247272273.63
2025-08-01 09:54:19 AM,245.19,4187,1026610.53,248298884.16
2025-08-01 09:54:22 AM,245.09,0,0.0,248298884.16
2025-08-01 09:54:25 AM,245.2,0,0.0,248298884.16
2025-08-01 09:54:25 AM,245.2,20,4904.0,248303788.16
2025-08-01 09:54:28 AM,245.15,0,0.0,248303788.16
2025-08-01 09:54:31 AM,245.15,630,154444.5,248458232.66
2025-08-01 09:54:32 AM,245.16,0,0.0,248458232.66
2025-08-01 09:54:32 AM,245.1,31,7598.099999999999,248465830.76
2025-08-01 09:54:35 AM,245.17,0,0.0,248465830.76
2025-08-01 09:54:37 AM,245.17,531,130185.26999999999,248596016.03
2025-08-01 09:54:40 AM,245.05,0,0.0,248596016.03
2025-08-01 09:54:41 AM,245.06,0,0.0,248596016.03
2025-08-01 09:54:43 AM,245.15,3151,772467.65,249368483.68
2025-08-01 09:54:44 AM,245.15,2,490.3,249368973.98000002
2025-08-01 09:54:47 AM,245.16,0,0.0,249368973.98000002
2025-08-01 09:54:49 AM,245.03,3098,759102.9400000001,250128076.92000002
2025-08-01 09:54:50 AM,245.15,0,0.0,250128076.92000002
2025-08-01 09:54:53 AM,245.0,0,0.0,250128076.92000002
2025-08-01 09:54:55 AM,245.1,6888,1688248.8,251816325.72000003
2025-08-01 09:54:56 AM,245.1,22,5392.2,251821717.92000002
2025-08-01 09:54:59 AM,245.15,0,0.0,251821717.92000002
2025-08-01 09:54:59 AM,245.09,0,0.0,251821717.92000002
2025-08-01 09:55:00 AM,245.15,230,56384.5,251878102.42000002
2025-08-01 09:55:01 AM,245.1,0,0.0,251878102.42000002
2025-08-01 09:55:02 AM,245.1,1,245.1,251878347.52
2025-08-01 09:55:05 AM,245.07,0,0.0,251878347.52
2025-08-01 09:55:05 AM,245.1,0,0.0,251878347.52
2025-08-01 09:55:06 AM,245.15,1257,308153.55,252186501.07000002
2025-08-01 09:55:07 AM,245.15,21,5148.150000000001,252191649.22000003
2025-08-01 09:55:12 AM,245.15,14,3432.1,252195081.32000002
2025-08-01 09:55:14 AM,245.15,259,63493.85,252258575.17000002
2025-08-01 09:55:18 AM,245.13,0,0.0,252258575.17000002
2025-08-01 09:55:19 AM,245.13,141,34563.33,252293138.50000003
2025-08-01 09:55:23 AM,245.15,0,0.0,252293138.50000003
2025-08-01 09:55:24 AM,245.1,70,17157.0,252310295.50000003
2025-08-01 09:55:26 AM,245.15,10,2451.5,252312747.00000003
2025-08-01 09:55:30 AM,245.1,90,22059.0,252334806.00000003
2025-08-01 09:55:31 AM,245.14,0,0.0,252334806.00000003
2025-08-01 09:55:32 AM,245.1,0,0.0,252334806.00000003
2025-08-01 09:55:32 AM,245.1,62,15196.199999999999,252350002.20000002
2025-08-01 09:55:35 AM,245.12,0,0.0,252350002.20000002
2025-08-01 09:55:36 AM,245.01,1910,467969.1,252817971.3
2025-08-01 09:55:38 AM,245.13,51,12501.63,252830472.93
2025-08-01 09:55:42 AM,245.1,262,64216.2,252894689.13
2025-08-01 09:55:44 AM,245.11,0,0.0,252894689.13
2025-08-01 09:55:44 AM,245.11,75,18383.25,252913072.38
2025-08-01 09:55:46 AM,245.05,0,0.0,252913072.38
2025-08-01 09:55:47 AM,245.0,0,0.0,252913072.38
2025-08-01 09:55:49 AM,245.11,2710,664248.1000000001,253577320.48
2025-08-01 09:55:55 AM,245.11,6,1470.66,253578791.14
2025-08-01 09:55:56 AM,245.11,38,9314.18,253588105.32
2025-08-01 09:56:01 AM,245.11,555,136036.05000000002,253724141.37
2025-08-01 09:56:02 AM,245.05,0,0.0,253724141.37
2025-08-01 09:56:02 AM,245.05,15,3675.75,253727817.12
2025-08-01 09:56:04 AM,245.11,0,0.0,253727817.12
2025-08-01 09:56:07 AM,245.11,57,13971.27,253741788.39000002
2025-08-01 09:56:13 AM,245.05,0,0.0,253741788.39000002
2025-08-01 09:56:13 AM,245.05,368,90178.40000000001,253831966.79000002
2025-08-01 09:56:14 AM,245.11,0,0.0,253831966.79000002
2025-08-01 09:56:14 AM,245.11,8,1960.88,253833927.67000002
2025-08-01 09:56:19 AM,245.13,0,0.0,253833927.67000002
2025-08-01 09:56:19 AM,245.13,459,112514.67,253946442.34
2025-08-01 09:56:20 AM,245.15,0,0.0,253946442.34
2025-08-01 09:56:20 AM,245.15,238,58345.700000000004,254004788.04
2025-08-01 09:56:22 AM,245.11,0,0.0,254004788.04
2025-08-01 09:56:23 AM,245.15,0,0.0,254004788.04
2025-08-01 09:56:25 AM,245.15,833,204209.95,254208997.98999998
2025-08-01 09:56:28 AM,245.11,0,0.0,254208997.98999998
2025-08-01 09:56:29 AM,245.15,0,0.0,254208997.98999998
2025-08-01 09:56:31 AM,245.15,97,23779.55,254232777.54
2025-08-01 09:56:31 AM,245.15,2,490.3,254233267.84
2025-08-01 09:56:36 AM,245.18,1141,279750.38,254513018.22
2025-08-01 09:56:37 AM,245.18,42,10297.56,254523315.78
2025-08-01 09:56:40 AM,245.15,0,0.0,254523315.78
2025-08-01 09:56:43 AM,245.15,270,66190.5,254589506.28
2025-08-01 09:56:44 AM,245.18,201,49281.18,254638787.46
2025-08-01 09:56:49 AM,245.18,340,83361.2,254722148.66
2025-08-01 09:56:50 AM,245.18,118,28931.24,254751079.9
2025-08-01 09:56:55 AM,245.18,69,16917.420000000002,254767997.32
2025-08-01 09:56:56 AM,245.18,609,149314.62,254917311.94
2025-08-01 09:57:01 AM,245.15,1416,347132.4,255264444.34
2025-08-01 09:57:02 AM,245.18,0,0.0,255264444.34
2025-08-01 09:57:02 AM,245.18,1335,327315.3,255591759.64000002
2025-08-01 09:57:06 AM,245.19,0,0.0,255591759.64000002
2025-08-01 09:57:07 AM,245.19,18,4413.42,255596173.06
2025-08-01 09:57:08 AM,245.2,304,74540.8,255670713.86
2025-08-01 09:57:13 AM,245.2,155,38006.0,255708719.86
2025-08-01 09:57:14 AM,245.2,54,13240.8,255721960.66000003
2025-08-01 09:57:18 AM,245.2,28,6865.599999999999,255728826.26000002
2025-08-01 09:57:20 AM,245.2,3016,739523.2,256468349.46
2025-08-01 09:57:22 AM,245.18,0,0.0,256468349.46
2025-08-01 09:57:22 AM,245.2,0,0.0,256468349.46
2025-08-01 09:57:24 AM,245.2,266,65223.2,256533572.66
2025-08-01 09:57:26 AM,245.2,5,1226.0,256534798.66
2025-08-01 09:57:30 AM,245.2,353,86555.59999999999,256621354.26
2025-08-01 09:57:32 AM,245.2,19,4658.8,256626013.06
2025-08-01 09:57:35 AM,245.2,3,735.5999999999999,256626748.66
2025-08-01 09:57:38 AM,245.2,39,9562.8,256636311.46
2025-08-01 09:57:42 AM,245.14,0,0.0,256636311.46
2025-08-01 09:57:42 AM,245.14,174,42654.36,256678965.82000002
2025-08-01 09:57:44 AM,245.2,38,9317.6,256688283.42000002
2025-08-01 09:57:48 AM,245.2,45,11034.0,256699317.42000002
2025-08-01 09:57:50 AM,245.15,0,0.0,256699317.42000002
2025-08-01 09:57:50 AM,245.2,108,26481.6,256725799.02
2025-08-01 09:57:54 AM,245.15,0,0.0,256725799.02
2025-08-01 09:57:54 AM,245.15,857,210093.55000000002,256935892.57000002
2025-08-01 09:57:57 AM,245.2,133,32611.6,256968504.17000002
2025-08-01 09:58:00 AM,245.15,149,36527.35,257005031.52
2025-08-01 09:58:02 AM,245.2,0,0.0,257005031.52
2025-08-01 09:58:03 AM,245.15,383,93892.45,257098923.97
2025-08-01 09:58:06 AM,245.2,2647,649044.4,257747968.37
2025-08-01 09:58:07 AM,245.19,0,0.0,257747968.37
2025-08-01 09:58:09 AM,245.2,26,6375.2,257754343.57
2025-08-01 09:58:12 AM,245.15,1126,276038.9,258030382.47
2025-08-01 09:58:15 AM,245.2,2122,520314.39999999997,258550696.87
2025-08-01 09:58:18 AM,245.16,3256,798240.96,259348937.83
2025-08-01 09:58:21 AM,245.16,314,76980.24,259425918.07000002
2025-08-01 09:58:24 AM,245.16,71,17406.36,259443324.43000004
2025-08-01 09:58:27 AM,245.16,15,3677.4,259447001.83000004
2025-08-01 09:58:30 AM,245.16,71,17406.36,259464408.19000006
2025-08-01 09:58:33 AM,245.16,12,2941.92,259467350.11000004
2025-08-01 09:58:36 AM,245.16,305,74773.8,259542123.91000006
2025-08-01 09:58:39 AM,245.15,0,0.0,259542123.91000006
2025-08-01 09:58:39 AM,245.15,23,5638.45,259547762.36000004
2025-08-01 09:58:40 AM,245.16,0,0.0,259547762.36000004
2025-08-01 09:58:43 AM,245.15,0,0.0,259547762.36000004
2025-08-01 09:58:43 AM,245.15,118,28927.7,259576690.06000003
2025-08-01 09:58:45 AM,245.16,270,66193.2,259642883.26000002
2025-08-01 09:58:47 AM,245.13,0,0.0,259642883.26000002
2025-08-01 09:58:48 AM,245.13,2033,498349.29,260141232.55
2025-08-01 09:58:51 AM,245.13,2,490.26,260141722.81
2025-08-01 09:58:55 AM,245.13,31,7599.03,260149321.84
2025-08-01 09:58:57 AM,245.13,46,11275.98,260160597.82
2025-08-01 09:59:01 AM,245.13,40,9805.2,260170403.01999998
2025-08-01 09:59:03 AM,245.13,22,5392.86,260175795.88
2025-08-01 09:59:07 AM,245.13,72,17649.36,260193445.24
2025-08-01 09:59:10 AM,245.13,506,124035.78,260317481.02
2025-08-01 09:59:13 AM,245.11,303,74268.33,260391749.35000002
2025-08-01 09:59:14 AM,245.0,0,0.0,260391749.35000002
2025-08-01 09:59:16 AM,245.01,46598,11416975.98,271808725.33000004
2025-08-01 09:59:19 AM,245.09,1407,344841.63,272153566.96000004
2025-08-01 09:59:22 AM,245.09,515,126221.35,272279788.31000006
2025-08-01 09:59:25 AM,245.16,0,0.0,272279788.31000006
2025-08-01 09:59:26 AM,245.16,1134,278011.44,272557799.75000006
2025-08-01 09:59:29 AM,245.2,0,0.0,272557799.75000006
2025-08-01 09:59:32 AM,245.2,847,207684.4,272765484.15000004
2025-08-01 09:59:35 AM,245.2,17,4168.4,272769652.55
2025-08-01 09:59:36 AM,245.22,0,0.0,272769652.55
2025-08-01 09:59:38 AM,245.22,49,12015.78,272781668.33
2025-08-01 09:59:41 AM,245.22,6,1471.32,272783139.65
2025-08-01 09:59:45 AM,245.2,125,30650.0,272813789.65
2025-08-01 09:59:47 AM,245.22,3,735.66,272814525.31
2025-08-01 09:59:49 AM,245.25,0,0.0,272814525.31
2025-08-01 09:59:51 AM,245.25,179,43899.75,272858425.06
2025-08-01 09:59:53 AM,245.25,600,147150.0,273005575.06
2025-08-01 09:59:55 AM,245.22,0,0.0,273005575.06
2025-08-01 09:59:57 AM,245.23,0,0.0,273005575.06
2025-08-01 09:59:57 AM,245.23,139,34086.97,273039662.03000003
2025-08-01 09:59:58 AM,245.22,0,0.0,273039662.03000003
2025-08-01 09:59:59 AM,245.15,385,94382.75,273134044.78000003
2025-08-01 10:00:00 AM,245.16,0,0.0,273134044.78000003
2025-08-01 10:00:01 AM,245.15,0,0.0,273134044.78000003
2025-08-01 10:00:03 AM,245.13,460,112759.8,273246804.58000004
2025-08-01 10:00:05 AM,245.14,0,0.0,273246804.58000004
2025-08-01 10:00:06 AM,245.15,19,4657.85,273251462.43000007
2025-08-01 10:00:09 AM,245.13,85,20836.05,273272298.4800001
2025-08-01 10:00:12 AM,245.1,0,0.0,273272298.4800001
2025-08-01 10:00:12 AM,245.1,19,4656.9,273276955.38000005
2025-08-01 10:00:16 AM,245.11,3107,761556.77,274038512.15000004
2025-08-01 10:00:18 AM,245.1,0,0.0,274038512.15000004
2025-08-01 10:00:19 AM,245.11,91,22305.010000000002,274060817.16
2025-08-01 10:00:22 AM,245.01,213,52187.13,274113004.29
2025-08-01 10:00:23 AM,245.11,0,0.0,274113004.29
2025-08-01 10:00:24 AM,245.1,0,0.0,274113004.29
2025-08-01 10:00:25 AM,245.1,19,4656.9,274117661.19
2025-08-01 10:00:28 AM,245.11,217,53188.87,274170850.06
2025-08-01 10:00:30 AM,245.1,0,0.0,274170850.06
2025-08-01 10:00:31 AM,245.02,801,196261.02000000002,274367111.08
2025-08-01 10:00:35 AM,245.06,0,0.0,274367111.08
2025-08-01 10:00:35 AM,245.06,254,62245.24,274429356.32
2025-08-01 10:00:36 AM,245.07,0,0.0,274429356.32
2025-08-01 10:00:38 AM,245.07,112,27447.84,274456804.15999997
2025-08-01 10:00:41 AM,245.07,69,16909.829999999998,274473713.98999995
2025-08-01 10:00:44 AM,245.12,820,200998.4,274674712.3899999
2025-08-01 10:00:47 AM,245.07,0,0.0,274674712.3899999
2025-08-01 10:00:47 AM,245.07,279,68374.53,274743086.9199999
2025-08-01 10:00:50 AM,245.07,128,31368.96,274774455.8799999
2025-08-01 10:00:53 AM,245.07,275,67394.25,274841850.1299999
2025-08-01 10:00:57 AM,245.12,2560,627507.2,275469357.32999986
2025-08-01 10:01:00 AM,245.12,34,8334.08,275477691.40999985
2025-08-01 10:01:03 AM,245.12,24,5882.88,275483574.28999984
2025-08-01 10:01:06 AM,245.15,1906,467255.9,275950830.1899998
2025-08-01 10:01:09 AM,245.25,156,38259.0,275989089.1899998
2025-08-01 10:01:11 AM,245.17,0,0.0,275989089.1899998
2025-08-01 10:01:12 AM,245.17,3259,799009.0299999999,276788098.2199998
2025-08-01 10:01:16 AM,245.17,33,8090.61,276796188.8299998
2025-08-01 10:01:19 AM,245.17,120,29420.399999999998,276825609.2299998
2025-08-01 10:01:22 AM,245.17,93,22800.809999999998,276848410.0399998
2025-08-01 10:01:24 AM,245.2,0,0.0,276848410.0399998
2025-08-01 10:01:25 AM,245.25,462,113305.5,276961715.5399998
2025-08-01 10:01:28 AM,245.25,14,3433.5,276965149.0399998
2025-08-01 10:01:31 AM,245.2,0,0.0,276965149.0399998
2025-08-01 10:01:31 AM,245.2,6,1471.1999999999998,276966620.2399998
2025-08-01 10:01:32 AM,245.25,0,0.0,276966620.2399998
2025-08-01 10:01:34 AM,245.25,282,69160.5,277035780.7399998
2025-08-01 10:01:37 AM,245.25,273,66953.25,277102733.9899998
2025-08-01 10:01:41 AM,245.25,28,6867.0,277109600.9899998
2025-08-01 10:01:43 AM,245.2,20,4904.0,277114504.9899998
2025-08-01 10:01:44 AM,245.25,0,0.0,277114504.9899998
2025-08-01 10:01:45 AM,245.2,0,0.0,277114504.9899998
2025-08-01 10:01:47 AM,245.24,86,21090.64,277135595.62999976
2025-08-01 10:01:49 AM,245.24,18,4414.32,277140009.94999975
2025-08-01 10:01:53 AM,245.24,246,60329.04,277200338.9899998
2025-08-01 10:01:55 AM,245.24,73,17902.52,277218241.50999975
2025-08-01 10:01:59 AM,245.36,1682,412695.52,277630937.02999973
2025-08-01 10:02:01 AM,245.36,15,3680.4,277634617.4299997
2025-08-01 10:02:05 AM,245.33,0,0.0,277634617.4299997
2025-08-01 10:02:05 AM,245.33,1118,274278.94,277908896.3699997
2025-08-01 10:02:07 AM,245.34,2,490.68,277909387.0499997
2025-08-01 10:02:11 AM,245.28,0,0.0,277909387.0499997
2025-08-01 10:02:12 AM,245.28,90,22075.2,277931462.2499997
2025-08-01 10:02:13 AM,245.27,4,981.08,277932443.3299997
2025-08-01 10:02:16 AM,245.2,0,0.0,277932443.3299997
2025-08-01 10:02:18 AM,245.18,1032,253025.76,278185469.0899997
2025-08-01 10:02:20 AM,245.18,4,980.72,278186449.8099997
2025-08-01 10:02:24 AM,245.18,2266,555577.88,278742027.6899997
2025-08-01 10:02:26 AM,245.28,1,245.28,278742272.9699997
2025-08-01 10:02:29 AM,245.24,0,0.0,278742272.9699997
2025-08-01 10:02:30 AM,245.19,0,0.0,278742272.9699997
2025-08-01 10:02:31 AM,245.22,1227,300884.94,279043157.90999967
2025-08-01 10:02:32 AM,245.21,323,79202.83,279122360.73999965
2025-08-01 10:02:33 AM,245.2,0,0.0,279122360.73999965
2025-08-01 10:02:33 AM,245.21,0,0.0,279122360.73999965
2025-08-01 10:02:37 AM,245.21,153,37517.130000000005,279159877.86999965
2025-08-01 10:02:39 AM,245.21,503,123340.63,279283218.49999964
2025-08-01 10:02:42 AM,245.2,0,0.0,279283218.49999964
2025-08-01 10:02:42 AM,245.26,0,0.0,279283218.49999964
2025-08-01 10:02:43 AM,245.35,5093,1249567.55,280532786.04999965
2025-08-01 10:02:45 AM,245.29,8,1962.32,280534748.36999965
2025-08-01 10:02:47 AM,245.3,0,0.0,280534748.36999965
2025-08-01 10:02:50 AM,245.33,265,65012.450000000004,280599760.81999964
2025-08-01 10:02:51 AM,245.32,105,25758.6,280625519.41999966
2025-08-01 10:02:55 AM,245.34,0,0.0,280625519.41999966
2025-08-01 10:02:56 AM,245.3,35,8585.5,280634104.91999966
2025-08-01 10:02:58 AM,245.33,86,21098.38,280655203.29999965
2025-08-01 10:02:59 AM,245.31,0,0.0,280655203.29999965
2025-08-01 10:03:02 AM,245.33,377,92489.41,280747692.7099997
2025-08-01 10:03:04 AM,245.32,0,0.0,280747692.7099997
2025-08-01 10:03:04 AM,245.32,12,2943.84,280750636.54999965
2025-08-01 10:03:09 AM,245.3,442,108422.6,280859059.1499997
2025-08-01 10:03:11 AM,245.32,0,0.0,280859059.1499997
2025-08-01 10:03:11 AM,245.32,213,52253.159999999996,280911312.3099997
2025-08-01 10:03:15 AM,245.32,6,1471.92,280912784.2299997
2025-08-01 10:03:16 AM,245.33,0,0.0,280912784.2299997
2025-08-01 10:03:17 AM,245.36,4612,1131600.32,282044384.5499997
2025-08-01 10:03:20 AM,245.38,0,0.0,282044384.5499997
2025-08-01 10:03:22 AM,245.38,133,32635.54,282077020.08999974
2025-08-01 10:03:24 AM,245.38,314,77049.31999999999,282154069.4099997
2025-08-01 10:03:28 AM,245.45,0,0.0,282154069.4099997
2025-08-01 10:03:28 AM,245.45,698,171324.1,282325393.50999975
2025-08-01 10:03:30 AM,245.42,487,119519.54,282444913.0499998
2025-08-01 10:03:35 AM,245.43,0,0.0,282444913.0499998
2025-08-01 10:03:35 AM,245.43,150,36814.5,282481727.5499998
2025-08-01 10:03:37 AM,245.4,332,81472.8,282563200.3499998
2025-08-01 10:03:41 AM,245.35,267,65508.45,282628708.7999998
2025-08-01 10:03:47 AM,245.4,0,0.0,282628708.7999998
2025-08-01 10:03:47 AM,245.4,1168,286627.2,282915335.99999976
2025-08-01 10:03:49 AM,245.4,12,2944.8,282918280.7999998
2025-08-01 10:03:53 AM,245.4,281,68957.40000000001,282987238.19999975
2025-08-01 10:03:55 AM,245.39,5,1226.9499999999998,282988465.14999974
2025-08-01 10:03:59 AM,245.4,0,0.0,282988465.14999974
2025-08-01 10:03:59 AM,245.39,142,34845.38,283023310.52999973
2025-08-01 10:04:02 AM,245.39,104,25520.559999999998,283048831.08999974
2025-08-01 10:04:06 AM,245.39,38,9324.82,283058155.9099997
2025-08-01 10:04:08 AM,245.39,201,49323.39,283107479.2999997
2025-08-01 10:04:12 AM,245.39,25,6134.75,283113614.0499997
2025-08-01 10:04:14 AM,245.39,1093,268211.26999999996,283381825.3199997
2025-08-01 10:04:18 AM,245.37,16,3925.92,283385751.2399997
2025-08-01 10:04:20 AM,245.39,0,0.0,283385751.2399997
2025-08-01 10:04:20 AM,245.39,243,59629.77,283445381.0099997
2025-08-01 10:04:25 AM,245.39,36,8834.039999999999,283454215.0499997
2025-08-01 10:04:27 AM,245.38,0,0.0,283454215.0499997
2025-08-01 10:04:27 AM,245.38,804,197285.52,283651500.5699997
2025-08-01 10:04:31 AM,245.39,0,0.0,283651500.5699997
2025-08-01 10:04:31 AM,245.39,382,93738.98,283745239.5499997
2025-08-01 10:04:33 AM,245.39,269,66009.91,283811249.45999974
2025-08-01 10:04:37 AM,245.39,98,24048.219999999998,283835297.67999977
2025-08-01 10:04:39 AM,245.39,112,27483.68,283862781.3599998
2025-08-01 10:04:43 AM,245.39,23,5643.969999999999,283868425.3299998
2025-08-01 10:04:45 AM,245.37,17,4171.29,283872596.6199998
2025-08-01 10:04:49 AM,245.4,0,0.0,283872596.6199998
2025-08-01 10:04:50 AM,245.4,758,186013.2,284058609.8199998
2025-08-01 10:04:52 AM,245.4,302,74110.8,284132720.6199998
2025-08-01 10:04:54 AM,245.41,0,0.0,284132720.6199998
2025-08-01 10:04:56 AM,245.41,244,59880.04,284192600.65999985
2025-08-01 10:04:58 AM,245.37,0,0.0,284192600.65999985
2025-08-01 10:04:58 AM,245.37,545,133726.65,284326327.3099998
2025-08-01 10:05:01 AM,245.41,0,0.0,284326327.3099998
2025-08-01 10:05:02 AM,245.41,8,1963.28,284328290.5899998
2025-08-01 10:05:04 AM,245.38,0,0.0,284328290.5899998
2025-08-01 10:05:04 AM,245.38,474,116310.12,284444600.7099998
2025-08-01 10:05:07 AM,245.42,0,0.0,284444600.7099998
2025-08-01 10:05:08 AM,245.44,4085,1002622.4,285447223.1099998
2025-08-01 10:05:10 AM,245.37,0,0.0,285447223.1099998
2025-08-01 10:05:10 AM,245.37,251,61587.87,285508810.9799998
2025-08-01 10:05:13 AM,245.35,0,0.0,285508810.9799998
2025-08-01 10:05:14 AM,245.26,3029,742892.5399999999,286251703.5199998
2025-08-01 10:05:16 AM,245.27,0,0.0,286251703.5199998
2025-08-01 10:05:16 AM,245.26,751,184190.25999999998,286435893.7799998
2025-08-01 10:05:20 AM,245.24,0,0.0,286435893.7799998
2025-08-01 10:05:20 AM,245.23,0,0.0,286435893.7799998
2025-08-01 10:05:21 AM,245.12,6512,1596221.44,288032115.2199998
2025-08-01 10:05:23 AM,245.09,9334,2287670.06,290319785.2799998
2025-08-01 10:05:27 AM,245.02,2996,734079.92,291053865.1999998
2025-08-01 10:05:28 AM,245.09,0,0.0,291053865.1999998
2025-08-01 10:05:29 AM,245.09,301,73772.09,291127637.2899998
2025-08-01 10:05:33 AM,245.05,4236,1038031.8,292165669.0899998
2025-08-01 10:05:34 AM,245.09,0,0.0,292165669.0899998
2025-08-01 10:05:35 AM,245.08,11,2695.88,292168364.9699998
2025-08-01 10:05:38 AM,245.05,0,0.0,292168364.9699998
2025-08-01 10:05:39 AM,245.05,719,176190.95,292344555.9199998
2025-08-01 10:05:41 AM,245.05,17,4165.85,292348721.7699998
2025-08-01 10:05:44 AM,245.09,0,0.0,292348721.7699998
2025-08-01 10:05:45 AM,245.09,157,38479.13,292387200.8999998
2025-08-01 10:05:47 AM,245.0,4040,989800.0,293377000.8999998
2025-08-01 10:05:50 AM,245.08,0,0.0,293377000.8999998
2025-08-01 10:05:51 AM,245.08,65,15930.2,293392931.0999998
2025-08-01 10:05:53 AM,245.09,0,0.0,293392931.0999998
2025-08-01 10:05:53 AM,245.09,10,2450.9,293395381.99999976
2025-08-01 10:05:57 AM,245.09,33,8087.97,293403469.9699998
2025-08-01 10:05:59 AM,245.02,0,0.0,293403469.9699998
2025-08-01 10:05:59 AM,245.02,1324,324406.48000000004,293727876.4499998
2025-08-01 10:06:01 AM,245.0,0,0.0,293727876.4499998
2025-08-01 10:06:03 AM,244.98,24084,5900098.319999999,299627974.7699998
2025-08-01 10:06:05 AM,245.03,0,0.0,299627974.7699998
2025-08-01 10:06:05 AM,245.03,973,238414.19,299866388.9599998
2025-08-01 10:06:09 AM,245.01,0,0.0,299866388.9599998
2025-08-01 10:06:09 AM,245.01,2656,650746.5599999999,300517135.5199998
2025-08-01 10:06:11 AM,245.01,994,243539.94,300760675.4599998
2025-08-01 10:06:13 AM,245.0,0,0.0,300760675.4599998
2025-08-01 10:06:14 AM,244.9,737,180491.30000000002,300941166.7599998
2025-08-01 10:06:16 AM,244.97,0,0.0,300941166.7599998
2025-08-01 10:06:17 AM,244.95,139,34048.049999999996,300975214.8099998
2025-08-01 10:06:19 AM,244.92,0,0.0,300975214.8099998
2025-08-01 10:06:19 AM,244.9,0,0.0,300975214.8099998
2025-08-01 10:06:20 AM,244.96,409,100188.64,301075403.4499998
2025-08-01 10:06:23 AM,244.96,42,10288.32,301085691.7699998
2025-08-01 10:06:26 AM,244.96,34,8328.64,301094020.4099998
2025-08-01 10:06:28 AM,244.95,0,0.0,301094020.4099998
2025-08-01 10:06:29 AM,244.95,263,64421.85,301158442.2599998
2025-08-01 10:06:31 AM,244.97,0,0.0,301158442.2599998
2025-08-01 10:06:32 AM,244.91,177,43349.07,301201791.3299998
2025-08-01 10:06:34 AM,244.9,0,0.0,301201791.3299998
2025-08-01 10:06:35 AM,244.9,464,113633.6,301315424.9299998
2025-08-01 10:06:38 AM,244.95,2921,715498.95,302030923.8799998
2025-08-01 10:06:39 AM,244.92,0,0.0,302030923.8799998
2025-08-01 10:06:41 AM,244.9,302,73959.8,302104883.6799998
2025-08-01 10:06:45 AM,244.9,1611,394533.9,302499417.5799998
2025-08-01 10:06:47 AM,244.9,4193,1026865.7000000001,303526283.2799998
2025-08-01 10:06:48 AM,244.83,0,0.0,303526283.2799998
2025-08-01 10:06:51 AM,244.9,25,6122.5,303532405.7799998
2025-08-01 10:06:53 AM,244.92,0,0.0,303532405.7799998
2025-08-01 10:06:53 AM,244.92,32,7837.44,303540243.2199998
2025-08-01 10:06:57 AM,244.93,920,225335.6,303765578.8199998
2025-08-01 10:06:58 AM,244.9,0,0.0,303765578.8199998
2025-08-01 10:06:59 AM,244.93,300,73479.0,303839057.8199998
2025-08-01 10:07:03 AM,244.95,0,0.0,303839057.8199998
2025-08-01 10:07:03 AM,244.95,961,235396.94999999998,304074454.7699998
2025-08-01 10:07:05 AM,244.91,178,43593.979999999996,304118048.7499998
2025-08-01 10:07:08 AM,244.82,0,0.0,304118048.7499998
2025-08-01 10:07:09 AM,244.82,1203,294518.45999999996,304412567.2099998
2025-08-01 10:07:11 AM,244.9,141,34530.9,304447098.1099998
2025-08-01 10:07:13 AM,244.82,0,0.0,304447098.1099998
2025-08-01 10:07:15 AM,244.91,704,172416.63999999998,304619514.74999976
2025-08-01 10:07:17 AM,244.91,41,10041.31,304629556.05999976
2025-08-01 10:07:22 AM,244.9,683,167266.7,304796822.75999975
2025-08-01 10:07:24 AM,244.85,19,4652.15,304801474.9099997
2025-08-01 10:07:28 AM,244.82,0,0.0,304801474.9099997
2025-08-01 10:07:28 AM,244.89,666,163096.74,304964571.64999974
2025-08-01 10:07:30 AM,244.91,519,127108.29,305091679.93999976
2025-08-01 10:07:32 AM,244.83,0,0.0,305091679.93999976
2025-08-01 10:07:34 AM,244.85,1419,347442.14999999997,305439122.08999974
2025-08-01 10:07:35 AM,244.91,0,0.0,305439122.08999974
2025-08-01 10:07:35 AM,244.92,0,0.0,305439122.08999974
2025-08-01 10:07:36 AM,244.95,2695,660140.25,306099262.33999974
2025-08-01 10:07:40 AM,244.91,0,0.0,306099262.33999974
2025-08-01 10:07:40 AM,244.95,0,0.0,306099262.33999974
2025-08-01 10:07:40 AM,244.95,195,47765.25,306147027.58999974
2025-08-01 10:07:42 AM,244.95,39,9553.05,306156580.63999975
2025-08-01 10:07:45 AM,244.91,0,0.0,306156580.63999975
2025-08-01 10:07:46 AM,244.95,275,67361.25,306223941.88999975
2025-08-01 10:07:48 AM,244.95,7,1714.6499999999999,306225656.5399997
2025-08-01 10:07:50 AM,244.92,0,0.0,306225656.5399997
2025-08-01 10:07:52 AM,244.85,14303,3502089.55,309727746.08999974
2025-08-01 10:07:54 AM,244.9,2460,602454.0,310330200.08999974
2025-08-01 10:07:59 AM,244.9,42,10285.800000000001,310340485.88999975
2025-08-01 10:08:00 AM,244.85,109,26688.649999999998,310367174.5399997
2025-08-01 10:08:04 AM,244.91,0,0.0,310367174.5399997
2025-08-01 10:08:05 AM,244.94,121,29637.739999999998,310396812.27999973
2025-08-01 10:08:07 AM,244.88,610,149376.8,310546189.07999974
2025-08-01 10:08:09 AM,244.81,0,0.0,310546189.07999974
2025-08-01 10:08:10 AM,244.8,0,0.0,310546189.07999974
2025-08-01 10:08:11 AM,244.88,422,103339.36,310649528.43999976
2025-08-01 10:08:13 AM,244.9,1265,309798.5,310959326.93999976
2025-08-01 10:08:15 AM,244.84,0,0.0,310959326.93999976
2025-08-01 10:08:17 AM,244.84,396,96956.64,311056283.57999974
2025-08-01 10:08:19 AM,244.88,5,1224.4,311057507.9799997
2025-08-01 10:08:23 AM,244.8,0,0.0,311057507.9799997
2025-08-01 10:08:23 AM,244.8,1444,353491.2,311410999.1799997
2025-08-01 10:08:25 AM,244.87,0,0.0,311410999.1799997
2025-08-01 10:08:25 AM,244.84,105,25708.2,311436707.3799997
2025-08-01 10:08:28 AM,244.86,0,0.0,311436707.3799997
2025-08-01 10:08:29 AM,244.88,0,0.0,311436707.3799997
2025-08-01 10:08:30 AM,244.88,57,13958.16,311450665.5399997
2025-08-01 10:08:31 AM,244.9,0,0.0,311450665.5399997
2025-08-01 10:08:31 AM,244.92,210,51433.2,311502098.7399997
2025-08-01 10:08:33 AM,244.87,0,0.0,311502098.7399997
2025-08-01 10:08:34 AM,244.85,0,0.0,311502098.7399997
2025-08-01 10:08:36 AM,244.81,551,134890.31,311636989.0499997
2025-08-01 10:08:37 AM,244.94,0,0.0,311636989.0499997
2025-08-01 10:08:37 AM,244.94,30,7348.2,311644337.2499997
2025-08-01 10:08:42 AM,244.88,535,131010.8,311775348.0499997
2025-08-01 10:08:43 AM,244.78,0,0.0,311775348.0499997
2025-08-01 10:08:43 AM,244.78,2489,609257.42,312384605.46999973
2025-08-01 10:08:45 AM,244.93,0,0.0,312384605.46999973
2025-08-01 10:08:47 AM,244.81,0,0.0,312384605.46999973
2025-08-01 10:08:48 AM,244.81,35,8568.35,312393173.81999975
2025-08-01 10:08:49 AM,244.88,0,0.0,312393173.81999975
2025-08-01 10:08:49 AM,244.88,977,239247.76,312632421.57999974
2025-08-01 10:08:51 AM,244.75,0,0.0,312632421.57999974
2025-08-01 10:08:53 AM,244.89,2283,559083.87,313191505.44999975
2025-08-01 10:08:55 AM,244.8,0,0.0,313191505.44999975
2025-08-01 10:08:55 AM,244.85,108,26443.8,313217949.24999976
2025-08-01 10:08:57 AM,244.8,0,0.0,313217949.24999976
2025-08-01 10:08:59 AM,244.88,149,36487.12,313254436.36999977
2025-08-01 10:09:00 AM,244.82,0,0.0,313254436.36999977
2025-08-01 10:09:01 AM,244.93,0,0.0,313254436.36999977
2025-08-01 10:09:01 AM,244.93,31,7592.83,313262029.19999975
2025-08-01 10:09:04 AM,244.82,0,0.0,313262029.19999975
2025-08-01 10:09:05 AM,244.93,695,170226.35,313432255.5499998
2025-08-01 10:09:07 AM,244.95,651,159462.44999999998,313591717.99999976
2025-08-01 10:09:11 AM,244.94,1056,258656.63999999998,313850374.63999975
2025-08-01 10:09:13 AM,244.95,0,0.0,313850374.63999975
2025-08-01 10:09:13 AM,244.95,1050,257197.5,314107572.13999975
2025-08-01 10:09:17 AM,244.95,138,33803.1,314141375.2399998
2025-08-01 10:09:23 AM,244.94,35,8572.9,314149948.13999975
2025-08-01 10:09:24 AM,244.95,0,0.0,314149948.13999975
2025-08-01 10:09:25 AM,244.95,12,2939.3999999999996,314152887.5399997
2025-08-01 10:09:29 AM,244.95,1170,286591.5,314439479.0399997
2025-08-01 10:09:31 AM,244.95,2,489.9,314439968.9399997
2025-08-01 10:09:34 AM,244.9,0,0.0,314439968.9399997
2025-08-01 10:09:35 AM,244.95,1301,318679.95,314758648.8899997
2025-08-01 10:09:40 AM,244.95,529,129578.54999999999,314888227.4399997
2025-08-01 10:09:42 AM,244.9,125,30612.5,314918839.9399997
2025-08-01 10:09:44 AM,244.93,0,0.0,314918839.9399997
2025-08-01 10:09:46 AM,244.9,194,47510.6,314966350.5399997
2025-08-01 10:09:48 AM,244.84,210,51416.4,315017766.9399997
2025-08-01 10:09:49 AM,244.9,0,0.0,315017766.9399997
2025-08-01 10:09:52 AM,244.9,126,30857.4,315048624.3399997
2025-08-01 10:09:54 AM,244.9,55,13469.5,315062093.8399997
2025-08-01 10:09:57 AM,244.93,486,119035.98000000001,315181129.8199997
2025-08-01 10:09:58 AM,244.9,0,0.0,315181129.8199997
2025-08-01 10:09:59 AM,244.9,100,24490.0,315205619.8199997
2025-08-01 10:10:00 AM,244.93,0,0.0,315205619.8199997
2025-08-01 10:10:03 AM,244.94,0,0.0,315205619.8199997
2025-08-01 10:10:03 AM,244.94,22,5388.68,315211008.4999997
2025-08-01 10:10:05 AM,244.91,0,0.0,315211008.4999997
2025-08-01 10:10:05 AM,244.91,374,91596.34,315302604.8399997
2025-08-01 10:10:07 AM,244.94,0,0.0,315302604.8399997
2025-08-01 10:10:09 AM,244.94,5,1224.7,315303829.53999966
2025-08-01 10:10:11 AM,244.9,1,244.9,315304074.43999964
2025-08-01 10:10:13 AM,244.94,0,0.0,315304074.43999964
2025-08-01 10:10:15 AM,244.93,281,68825.33,315372899.7699996
2025-08-01 10:10:17 AM,244.93,100,24493.0,315397392.7699996
2025-08-01 10:10:21 AM,244.93,276,67600.68000000001,315464993.44999963
2025-08-01 10:10:23 AM,244.94,441,108018.54,315573011.98999965
2025-08-01 10:10:24 AM,244.93,0,0.0,315573011.98999965
2025-08-01 10:10:27 AM,244.91,15,3673.65,315576685.6399996
2025-08-01 10:10:28 AM,244.9,0,0.0,315576685.6399996
2025-08-01 10:10:28 AM,244.9,305,74694.5,315651380.1399996
2025-08-01 10:10:30 AM,244.92,0,0.0,315651380.1399996
2025-08-01 10:10:33 AM,244.9,0,0.0,315651380.1399996
2025-08-01 10:10:33 AM,244.9,2104,515269.60000000003,316166649.73999965
2025-08-01 10:10:34 AM,244.9,2,489.8,316167139.53999966
2025-08-01 10:10:39 AM,244.88,0,0.0,316167139.53999966
2025-08-01 10:10:39 AM,244.9,0,0.0,316167139.53999966
2025-08-01 10:10:39 AM,244.9,352,86204.8,316253344.3399997
2025-08-01 10:10:45 AM,244.9,11,2693.9,316256038.23999965
2025-08-01 10:10:46 AM,244.85,40,9794.0,316265832.23999965
2025-08-01 10:10:49 AM,244.9,0,0.0,316265832.23999965
2025-08-01 10:10:51 AM,244.9,46,11265.4,316277097.6399996
2025-08-01 10:10:53 AM,244.9,9,2204.1,316279301.73999965
2025-08-01 10:10:55 AM,244.88,0,0.0,316279301.73999965
2025-08-01 10:10:57 AM,244.9,0,0.0,316279301.73999965
2025-08-01 10:10:57 AM,244.9,201,49224.9,316328526.6399996
2025-08-01 10:10:58 AM,244.9,278,68082.2,316396608.8399996
2025-08-01 10:11:01 AM,244.92,0,0.0,316396608.8399996
2025-08-01 10:11:01 AM,244.94,0,0.0,316396608.8399996
2025-08-01 10:11:02 AM,244.94,6210,1521077.4,317917686.2399996
2025-08-01 10:11:06 AM,245.0,0,0.0,317917686.2399996
2025-08-01 10:11:08 AM,245.0,211,51695.0,317969381.2399996
2025-08-01 10:11:10 AM,245.0,3,735.0,317970116.2399996
2025-08-01 10:11:15 AM,244.99,478,117105.22,318087221.4599996
2025-08-01 10:11:16 AM,244.99,30,7349.700000000001,318094571.1599996
2025-08-01 10:11:21 AM,245.0,0,0.0,318094571.1599996
2025-08-01 10:11:22 AM,245.0,3,735.0,318095306.1599996
2025-08-01 10:11:25 AM,244.99,0,0.0,318095306.1599996
2025-08-01 10:11:25 AM,244.96,0,0.0,318095306.1599996
2025-08-01 10:11:26 AM,244.95,239,58543.049999999996,318153849.2099996
2025-08-01 10:11:27 AM,244.96,1,244.96,318154094.1699996
2025-08-01 10:11:32 AM,244.96,62,15187.52,318169281.6899996
2025-08-01 10:11:33 AM,244.96,20,4899.2,318174180.88999957
2025-08-01 10:11:37 AM,244.96,69,16902.24,318191083.1299996
2025-08-01 10:11:43 AM,244.96,1525,373564.0,318564647.1299996
2025-08-01 10:11:45 AM,244.96,13,3184.48,318567831.6099996
2025-08-01 10:11:46 AM,244.93,0,0.0,318567831.6099996
2025-08-01 10:11:48 AM,244.95,0,0.0,318567831.6099996
2025-08-01 10:11:49 AM,244.95,733,179548.35,318747379.9599996
2025-08-01 10:11:50 AM,244.95,78,19106.1,318766486.05999964
2025-08-01 10:11:54 AM,244.93,0,0.0,318766486.05999964
2025-08-01 10:11:55 AM,244.95,91,22290.45,318788776.50999963
2025-08-01 10:11:56 AM,244.95,248,60747.6,318849524.10999966
2025-08-01 10:12:01 AM,244.9,0,0.0,318849524.10999966
2025-08-01 10:12:01 AM,244.9,51,12489.9,318862014.00999963
2025-08-01 10:12:02 AM,244.95,4,979.8,318862993.80999964
2025-08-01 10:12:04 AM,244.94,0,0.0,318862993.80999964
2025-08-01 10:12:07 AM,244.95,1017,249114.15,319112107.9599996
2025-08-01 10:12:12 AM,244.96,0,0.0,319112107.9599996
2025-08-01 10:12:12 AM,244.93,0,0.0,319112107.9599996
2025-08-01 10:12:13 AM,244.96,1765,432354.4,319544462.3599996
2025-08-01 10:12:19 AM,244.95,155,37967.25,319582429.6099996
2025-08-01 10:12:19 AM,244.96,12,2939.52,319585369.1299996
2025-08-01 10:12:21 AM,244.95,0,0.0,319585369.1299996
2025-08-01 10:12:24 AM,244.95,311,76179.45,319661548.57999957
2025-08-01 10:12:25 AM,244.95,9,2204.5499999999997,319663753.1299996
2025-08-01 10:12:30 AM,244.95,37,9063.15,319672816.27999955
2025-08-01 10:12:31 AM,244.95,36,8818.199999999999,319681634.47999954
2025-08-01 10:12:33 AM,244.96,0,0.0,319681634.47999954
2025-08-01 10:12:36 AM,244.96,345,84511.2,319766145.67999953
2025-08-01 10:12:41 AM,244.96,73,17882.08,319784027.7599995
2025-08-01 10:12:42 AM,244.96,4,979.84,319785007.5999995
2025-08-01 10:12:47 AM,244.96,148,36254.08,319821261.6799995
2025-08-01 10:12:48 AM,244.93,466,114137.38,319935399.05999947
2025-08-01 10:12:51 AM,244.96,0,0.0,319935399.05999947
2025-08-01 10:12:53 AM,244.96,3004,735859.84,320671258.89999944
2025-08-01 10:12:53 AM,244.96,9,2204.64,320673463.5399994
2025-08-01 10:12:57 AM,244.95,0,0.0,320673463.5399994
2025-08-01 10:12:59 AM,244.96,165,40418.4,320713881.9399994
2025-08-01 10:13:05 AM,244.96,30,7348.8,320721230.7399994
2025-08-01 10:13:05 AM,244.96,19,4654.24,320725884.9799994
2025-08-01 10:13:07 AM,245.0,0,0.0,320725884.9799994
2025-08-01 10:13:10 AM,244.99,0,0.0,320725884.9799994
2025-08-01 10:13:10 AM,244.99,553,135479.47,320861364.44999945
2025-08-01 10:13:11 AM,245.0,65,15925.0,320877289.44999945
2025-08-01 10:13:16 AM,244.99,0,0.0,320877289.44999945
2025-08-01 10:13:16 AM,244.99,419,102650.81,320979940.25999945
2025-08-01 10:13:18 AM,244.96,0,0.0,320979940.25999945
2025-08-01 10:13:18 AM,244.97,0,0.0,320979940.25999945
2025-08-01 10:13:21 AM,244.99,0,0.0,320979940.25999945
2025-08-01 10:13:22 AM,244.99,2822,691361.78,321671302.0399994
2025-08-01 10:13:23 AM,244.99,248,60757.520000000004,321732059.5599994
2025-08-01 10:13:25 AM,244.98,0,0.0,321732059.5599994
2025-08-01 10:13:27 AM,244.99,0,0.0,321732059.5599994
2025-08-01 10:13:28 AM,244.96,82,20086.72,321752146.27999943
