date,price,qty,trnvr,cum_trnvr
2025-08-01 09:15:06 AM,647.0,3270,2115690.0,2115690.0
2025-08-01 09:15:08 AM,647.35,653,422719.55,2538409.55
2025-08-01 09:15:14 AM,647.0,0,0.0,2538409.55
2025-08-01 09:15:15 AM,647.15,0,0.0,2538409.55
2025-08-01 09:15:17 AM,647.2,598,387025.60000000003,2925435.15
2025-08-01 09:15:25 AM,648.5,0,0.0,2925435.15
2025-08-01 09:15:27 AM,648.5,200,129700.0,3055135.15
2025-08-01 09:15:28 AM,647.0,1462,945914.0,4001049.15
2025-08-01 09:15:30 AM,647.05,0,0.0,4001049.15
2025-08-01 09:15:34 AM,647.0,0,0.0,4001049.15
2025-08-01 09:15:35 AM,647.0,313,202511.0,4203560.15
2025-08-01 09:15:44 AM,647.0,393,254271.0,4457831.15
2025-08-01 09:15:47 AM,647.55,0,0.0,4457831.15
2025-08-01 09:15:50 AM,645.55,0,0.0,4457831.15
2025-08-01 09:15:52 AM,645.55,1342,866328.1,5324159.25
2025-08-01 09:15:54 AM,646.0,463,299098.0,5623257.25
2025-08-01 09:15:58 AM,646.8,0,0.0,5623257.25
2025-08-01 09:16:00 AM,646.8,58,37514.399999999994,5660771.65
2025-08-01 09:16:02 AM,644.15,1078,694393.7,6355165.350000001
2025-08-01 09:16:04 AM,643.95,0,0.0,6355165.350000001
2025-08-01 09:16:08 AM,643.5,418,268983.0,6624148.350000001
2025-08-01 09:16:16 AM,643.2,500,321600.0,6945748.350000001
2025-08-01 09:16:18 AM,642.8,37,23783.6,6969531.95
2025-08-01 09:16:25 AM,643.25,6,3859.5,6973391.45
2025-08-01 09:16:30 AM,643.8,0,0.0,6973391.45
2025-08-01 09:16:33 AM,643.8,150,96570.0,7069961.45
2025-08-01 09:16:34 AM,643.6,46,29605.600000000002,7099567.05
2025-08-01 09:16:40 AM,642.5,0,0.0,7099567.05
2025-08-01 09:16:41 AM,642.5,1018,654065.0,7753632.05
2025-08-01 09:16:49 AM,643.75,201,129393.75,7883025.8
2025-08-01 09:16:50 AM,644.9,0,0.0,7883025.8
2025-08-01 09:16:51 AM,644.9,56,36114.4,7919140.2
2025-08-01 09:17:06 AM,644.65,216,139244.4,8058384.600000001
2025-08-01 09:17:10 AM,645.6,0,0.0,8058384.600000001
2025-08-01 09:17:14 AM,645.6,125,80700.0,8139084.600000001
2025-08-01 09:17:17 AM,646.45,0,0.0,8139084.600000001
2025-08-01 09:17:19 AM,645.6,0,0.0,8139084.600000001
2025-08-01 09:17:22 AM,645.6,700,451920.0,8591004.600000001
2025-08-01 09:17:31 AM,645.6,1142,737275.2000000001,9328279.8
2025-08-01 09:17:39 AM,646.3,10,6463.0,9334742.8
2025-08-01 09:17:40 AM,646.45,56,36201.200000000004,9370944.0
2025-08-01 09:17:42 AM,644.9,0,0.0,9370944.0
2025-08-01 09:17:47 AM,644.8,1373,885310.3999999999,10256254.4
2025-08-01 09:17:51 AM,644.65,0,0.0,10256254.4
2025-08-01 09:17:55 AM,644.65,2,1289.3,10257543.700000001
2025-08-01 09:17:59 AM,645.1,0,0.0,10257543.700000001
2025-08-01 09:18:04 AM,645.1,116,74831.6,10332375.3
2025-08-01 09:18:21 AM,645.25,1210,780752.5,11113127.8
2025-08-01 09:18:22 AM,646.4,150,96960.0,11210087.8
2025-08-01 09:18:23 AM,645.9,0,0.0,11210087.8
2025-08-01 09:18:29 AM,646.85,46,29755.100000000002,11239842.9
2025-08-01 09:18:33 AM,645.9,0,0.0,11239842.9
2025-08-01 09:18:37 AM,645.9,5,3229.5,11243072.4
2025-08-01 09:18:41 AM,646.7,0,0.0,11243072.4
2025-08-01 09:18:45 AM,646.05,220,142131.0,11385203.4
2025-08-01 09:18:47 AM,646.65,0,0.0,11385203.4
2025-08-01 09:18:53 AM,646.7,118,76310.6,11461514.0
2025-08-01 09:18:54 AM,646.75,50,32337.5,11493851.5
2025-08-01 09:18:55 AM,646.8,0,0.0,11493851.5
2025-08-01 09:18:57 AM,645.9,0,0.0,11493851.5
2025-08-01 09:19:01 AM,645.9,52,33586.799999999996,11527438.3
2025-08-01 09:19:02 AM,645.15,1001,645795.15,12173233.450000001
2025-08-01 09:19:03 AM,645.9,0,0.0,12173233.450000001
2025-08-01 09:19:09 AM,645.9,326,210563.4,12383796.850000001
2025-08-01 09:19:11 AM,647.0,0,0.0,12383796.850000001
2025-08-01 09:19:17 AM,647.0,394,254918.0,12638714.850000001
2025-08-01 09:19:27 AM,646.35,1,646.35,12639361.200000001
2025-08-01 09:19:28 AM,647.0,0,0.0,12639361.200000001
2025-08-01 09:19:33 AM,646.5,0,0.0,12639361.200000001
2025-08-01 09:19:33 AM,646.5,252,162918.0,12802279.200000001
2025-08-01 09:19:36 AM,645.9,0,0.0,12802279.200000001
2025-08-01 09:19:42 AM,645.9,167,107865.3,12910144.500000002
2025-08-01 09:19:49 AM,646.05,0,0.0,12910144.500000002
2025-08-01 09:19:50 AM,646.05,50,32302.499999999996,12942447.000000002
2025-08-01 09:19:59 AM,646.65,80,51732.0,12994179.000000002
2025-08-01 09:20:07 AM,645.05,992,639889.6,13634068.600000001
2025-08-01 09:20:14 AM,645.6,9,5810.400000000001,13639879.000000002
2025-08-01 09:20:15 AM,646.25,50,32312.5,13672191.500000002
2025-08-01 09:20:19 AM,646.45,0,0.0,13672191.500000002
2025-08-01 09:20:21 AM,646.45,72,46544.4,13718735.900000002
2025-08-01 09:20:23 AM,646.35,400,258540.0,13977275.900000002
2025-08-01 09:20:26 AM,646.45,0,0.0,13977275.900000002
2025-08-01 09:20:29 AM,646.45,50,32322.500000000004,14009598.400000002
2025-08-01 09:20:37 AM,645.65,8,5165.2,14014763.600000001
2025-08-01 09:20:39 AM,646.4,100,64640.0,14079403.600000001
2025-08-01 09:20:43 AM,645.85,0,0.0,14079403.600000001
2025-08-01 09:20:45 AM,645.85,9,5812.650000000001,14085216.250000002
2025-08-01 09:20:50 AM,646.55,0,0.0,14085216.250000002
2025-08-01 09:20:53 AM,646.55,25,16163.749999999998,14101380.000000002
2025-08-01 09:20:57 AM,646.6,0,0.0,14101380.000000002
2025-08-01 09:21:00 AM,646.6,57,36856.200000000004,14138236.200000001
2025-08-01 09:21:02 AM,646.1,1,646.1,14138882.3
2025-08-01 09:21:38 AM,646.75,0,0.0,14138882.3
2025-08-01 09:21:40 AM,646.75,244,157807.0,14296689.3
2025-08-01 09:21:40 AM,645.05,992,639889.6,14936578.9
2025-08-01 09:21:44 AM,646.7,0,0.0,14936578.9
2025-08-01 09:21:47 AM,646.05,87,56206.35,14992785.25
2025-08-01 09:21:50 AM,646.7,0,0.0,14992785.25
2025-08-01 09:21:55 AM,646.7,20,12934.0,15005719.25
2025-08-01 09:21:57 AM,645.75,0,0.0,15005719.25
2025-08-01 09:22:02 AM,645.75,100,64575.0,15070294.25
2025-08-01 09:22:08 AM,646.5,0,0.0,15070294.25
2025-08-01 09:22:10 AM,646.5,10,6465.0,15076759.25
2025-08-01 09:22:14 AM,645.75,0,0.0,15076759.25
2025-08-01 09:22:17 AM,645.75,112,72324.0,15149083.25
2025-08-01 09:22:25 AM,645.0,0,0.0,15149083.25
2025-08-01 09:22:27 AM,645.0,111,71595.0,15220678.25
2025-08-01 09:22:29 AM,644.1,0,0.0,15220678.25
2025-08-01 09:22:33 AM,644.1,100,64410.0,15285088.25
2025-08-01 09:22:33 AM,644.7,0,0.0,15285088.25
2025-08-01 09:22:34 AM,644.65,504,324903.6,15609991.85
2025-08-01 09:22:47 AM,644.0,0,0.0,15609991.85
2025-08-01 09:22:48 AM,644.0,1189,765716.0,16375707.85
2025-08-01 09:22:50 AM,643.15,150,96472.5,16472180.35
2025-08-01 09:23:00 AM,643.6,0,0.0,16472180.35
2025-08-01 09:23:03 AM,643.6,10,6436.0,16478616.35
2025-08-01 09:23:05 AM,643.15,50,32157.5,16510773.85
2025-08-01 09:23:13 AM,643.2,50,32160.000000000004,16542933.85
2025-08-01 09:23:15 AM,643.6,0,0.0,16542933.85
2025-08-01 09:23:19 AM,643.6,10,6436.0,16549369.85
2025-08-01 09:23:27 AM,643.1,0,0.0,16549369.85
2025-08-01 09:23:28 AM,642.05,1151,738999.5499999999,17288369.4
2025-08-01 09:23:33 AM,642.5,0,0.0,17288369.4
2025-08-01 09:23:34 AM,642.5,127,81597.5,17369966.9
2025-08-01 09:23:40 AM,642.25,0,0.0,17369966.9
2025-08-01 09:23:41 AM,642.25,5,3211.25,17373178.15
2025-08-01 09:23:57 AM,642.35,11,7065.85,17380244.0
2025-08-01 09:24:04 AM,642.35,4,2569.4,17382813.4
2025-08-01 09:24:06 AM,642.0,129,82818.0,17465631.4
2025-08-01 09:24:12 AM,642.05,117,75119.84999999999,17540751.25
2025-08-01 09:24:20 AM,642.1,1,642.1,17541393.35
2025-08-01 09:24:27 AM,642.1,236,151535.6,17692928.950000003
2025-08-01 09:24:35 AM,642.5,81,52042.5,17744971.450000003
2025-08-01 09:24:50 AM,643.5,1000,643500.0,18388471.450000003
2025-08-01 09:24:56 AM,643.0,0,0.0,18388471.450000003
2025-08-01 09:24:57 AM,643.0,8,5144.0,18393615.450000003
2025-08-01 09:25:05 AM,643.0,1,643.0,18394258.450000003
2025-08-01 09:25:23 AM,642.85,0,0.0,18394258.450000003
2025-08-01 09:25:27 AM,642.85,3,1928.5500000000002,18396187.000000004
2025-08-01 09:25:29 AM,642.5,20,12850.0,18409037.000000004
2025-08-01 09:25:35 AM,643.15,100,64315.0,18473352.000000004
2025-08-01 09:25:57 AM,642.5,15,9637.5,18482989.500000004
2025-08-01 09:26:07 AM,643.05,15,9645.75,18492635.250000004
2025-08-01 09:26:29 AM,642.9,0,0.0,18492635.250000004
2025-08-01 09:26:30 AM,642.9,5,3214.5,18495849.750000004
2025-08-01 09:26:42 AM,643.1,0,0.0,18495849.750000004
2025-08-01 09:26:43 AM,643.1,56,36013.6,18531863.350000005
2025-08-01 09:26:51 AM,643.15,30,19294.5,18551157.850000005
2025-08-01 09:26:54 AM,643.95,0,0.0,18551157.850000005
2025-08-01 09:26:58 AM,643.95,5,3219.75,18554377.600000005
2025-08-01 09:27:01 AM,643.15,0,0.0,18554377.600000005
2025-08-01 09:27:06 AM,644.3,351,226149.3,18780526.900000006
2025-08-01 09:27:09 AM,645.15,0,0.0,18780526.900000006
2025-08-01 09:27:13 AM,645.15,347,223867.05,19004393.950000007
2025-08-01 09:27:43 AM,645.9,0,0.0,19004393.950000007
2025-08-01 09:27:44 AM,645.9,250,161475.0,19165868.950000007
2025-08-01 09:27:48 AM,646.7,0,0.0,19165868.950000007
2025-08-01 09:27:51 AM,646.15,502,324367.3,19490236.250000007
2025-08-01 09:27:58 AM,646.9,203,131320.69999999998,19621556.950000007
2025-08-01 09:28:07 AM,646.95,25,16173.750000000002,19637730.700000007
2025-08-01 09:28:14 AM,646.95,1,646.95,19638377.650000006
2025-08-01 09:28:15 AM,646.25,25,16156.25,19654533.900000006
2025-08-01 09:28:18 AM,646.9,0,0.0,19654533.900000006
2025-08-01 09:28:21 AM,646.45,1681,1086682.4500000002,20741216.350000005
2025-08-01 09:28:22 AM,646.75,0,0.0,20741216.350000005
2025-08-01 09:28:23 AM,646.75,87,56267.25,20797483.600000005
2025-08-01 09:28:28 AM,648.75,0,0.0,20797483.600000005
2025-08-01 09:28:28 AM,647.9,0,0.0,20797483.600000005
2025-08-01 09:28:29 AM,647.9,663,429557.7,21227041.300000004
2025-08-01 09:28:30 AM,648.5,2,1297.0,21228338.300000004
2025-08-01 09:28:52 AM,648.55,250,162137.5,21390475.800000004
2025-08-01 09:29:07 AM,648.25,0,0.0,21390475.800000004
2025-08-01 09:29:07 AM,648.25,60,38895.0,21429370.800000004
2025-08-01 09:29:09 AM,649.0,31,20119.0,21449489.800000004
2025-08-01 09:29:13 AM,648.5,0,0.0,21449489.800000004
2025-08-01 09:29:15 AM,648.5,40,25940.0,21475429.800000004
2025-08-01 09:29:16 AM,648.25,280,181510.0,21656939.800000004
2025-08-01 09:29:23 AM,648.3,202,130956.59999999999,21787896.400000006
2025-08-01 09:29:23 AM,648.9,0,0.0,21787896.400000006
2025-08-01 09:29:24 AM,648.25,93,60287.25,21848183.650000006
2025-08-01 09:29:28 AM,649.1,0,0.0,21848183.650000006
2025-08-01 09:29:30 AM,649.1,474,307673.4,22155857.050000004
2025-08-01 09:29:43 AM,649.95,0,0.0,22155857.050000004
2025-08-01 09:29:45 AM,649.95,703,456914.85000000003,22612771.900000006
2025-08-01 09:29:49 AM,649.4,0,0.0,22612771.900000006
2025-08-01 09:29:52 AM,649.1,110,71401.0,22684172.900000006
2025-08-01 09:29:59 AM,649.75,0,0.0,22684172.900000006
2025-08-01 09:30:00 AM,649.75,120,77970.0,22762142.900000006
2025-08-01 09:30:05 AM,649.8,0,0.0,22762142.900000006
2025-08-01 09:30:08 AM,648.95,73,47373.350000000006,22809516.250000007
2025-08-01 09:30:13 AM,648.6,0,0.0,22809516.250000007
2025-08-01 09:30:15 AM,648.6,200,129720.0,22939236.250000007
2025-08-01 09:30:20 AM,647.25,0,0.0,22939236.250000007
2025-08-01 09:30:23 AM,647.25,443,286731.75,23225968.000000007
2025-08-01 09:30:23 AM,647.95,56,36285.200000000004,23262253.200000007
2025-08-01 09:30:27 AM,648.55,0,0.0,23262253.200000007
2025-08-01 09:30:30 AM,648.55,138,89499.9,23351753.100000005
2025-08-01 09:30:34 AM,648.85,0,0.0,23351753.100000005
2025-08-01 09:30:37 AM,649.5,174,113013.0,23464766.100000005
2025-08-01 09:30:41 AM,649.35,0,0.0,23464766.100000005
2025-08-01 09:30:45 AM,649.35,2,1298.7,23466064.800000004
2025-08-01 09:30:52 AM,649.1,251,162924.1,23628988.900000006
2025-08-01 09:30:59 AM,649.0,1,649.0,23629637.900000006
2025-08-01 09:31:07 AM,649.0,64,41536.0,23671173.900000006
2025-08-01 09:31:14 AM,648.95,0,0.0,23671173.900000006
2025-08-01 09:31:14 AM,648.95,25,16223.750000000002,23687397.650000006
2025-08-01 09:31:21 AM,649.0,0,0.0,23687397.650000006
2025-08-01 09:31:22 AM,649.0,35,22715.0,23710112.650000006
2025-08-01 09:31:23 AM,648.5,0,0.0,23710112.650000006
2025-08-01 09:31:28 AM,648.55,0,0.0,23710112.650000006
2025-08-01 09:31:29 AM,648.55,75,48641.25,23758753.900000006
2025-08-01 09:31:29 AM,649.0,4,2596.0,23761349.900000006
2025-08-01 09:31:34 AM,649.35,0,0.0,23761349.900000006
2025-08-01 09:31:36 AM,648.6,402,260737.2,24022087.100000005
2025-08-01 09:31:50 AM,648.25,0,0.0,24022087.100000005
2025-08-01 09:31:50 AM,648.25,150,97237.5,24119324.600000005
2025-08-01 09:32:06 AM,648.8,0,0.0,24119324.600000005
2025-08-01 09:32:11 AM,648.8,201,130408.79999999999,24249733.400000006
2025-08-01 09:32:18 AM,648.9,10,6489.0,24256222.400000006
2025-08-01 09:32:31 AM,648.55,0,0.0,24256222.400000006
2025-08-01 09:32:32 AM,648.55,52,33724.6,24289947.000000007
2025-08-01 09:32:39 AM,648.6,2,1297.2,24291244.200000007
2025-08-01 09:32:46 AM,648.3,100,64829.99999999999,24356074.200000007
2025-08-01 09:32:53 AM,649.1,677,439440.7,24795514.900000006
2025-08-01 09:32:55 AM,649.75,0,0.0,24795514.900000006
2025-08-01 09:33:00 AM,649.75,419,272245.25,25067760.150000006
2025-08-01 09:33:06 AM,649.8,0,0.0,25067760.150000006
2025-08-01 09:33:07 AM,649.8,27,17544.6,25085304.750000007
2025-08-01 09:33:12 AM,649.9,0,0.0,25085304.750000007
2025-08-01 09:33:12 AM,649.75,0,0.0,25085304.750000007
2025-08-01 09:33:14 AM,649.75,52,33787.0,25119091.750000007
2025-08-01 09:33:20 AM,648.35,7251,4701185.850000001,29820277.60000001
2025-08-01 09:33:32 AM,648.95,0,0.0,29820277.60000001
2025-08-01 09:33:34 AM,648.95,575,373146.25,30193423.85000001
2025-08-01 09:33:45 AM,648.75,0,0.0,30193423.85000001
2025-08-01 09:33:47 AM,648.2,0,0.0,30193423.85000001
2025-08-01 09:33:48 AM,648.2,254,164642.80000000002,30358066.65000001
2025-08-01 09:33:51 AM,648.75,0,0.0,30358066.65000001
2025-08-01 09:33:55 AM,648.75,75,48656.25,30406722.90000001
2025-08-01 09:33:57 AM,648.5,0,0.0,30406722.90000001
2025-08-01 09:34:02 AM,649.45,127,82480.15000000001,30489203.05000001
2025-08-01 09:34:07 AM,648.5,0,0.0,30489203.05000001
2025-08-01 09:34:09 AM,648.5,110,71335.0,30560538.05000001
2025-08-01 09:34:16 AM,648.5,46,29831.0,30590369.05000001
2025-08-01 09:34:30 AM,648.0,0,0.0,30590369.05000001
2025-08-01 09:34:30 AM,648.0,140,90720.0,30681089.05000001
2025-08-01 09:34:32 AM,647.45,0,0.0,30681089.05000001
2025-08-01 09:34:37 AM,647.45,1,647.45,30681736.500000007
2025-08-01 09:34:51 AM,647.7,1,647.7,30682384.200000007
2025-08-01 09:35:05 AM,647.75,150,97162.5,30779546.700000007
2025-08-01 09:35:17 AM,647.35,0,0.0,30779546.700000007
2025-08-01 09:35:19 AM,647.35,25,16183.75,30795730.450000007
2025-08-01 09:35:22 AM,647.65,0,0.0,30795730.450000007
2025-08-01 09:35:26 AM,647.65,2,1295.3,30797025.750000007
2025-08-01 09:35:37 AM,647.5,0,0.0,30797025.750000007
2025-08-01 09:35:40 AM,647.5,126,81585.0,30878610.750000007
2025-08-01 09:35:46 AM,646.95,66,42698.700000000004,30921309.450000007
2025-08-01 09:35:52 AM,646.6,0,0.0,30921309.450000007
2025-08-01 09:35:53 AM,646.6,15,9699.0,30931008.450000007
2025-08-01 09:35:57 AM,647.2,0,0.0,30931008.450000007
2025-08-01 09:36:00 AM,647.2,17,11002.400000000001,30942010.850000005
2025-08-01 09:36:13 AM,647.45,0,0.0,30942010.850000005
2025-08-01 09:36:13 AM,647.45,100,64745.00000000001,31006755.850000005
2025-08-01 09:36:17 AM,647.4,0,0.0,31006755.850000005
2025-08-01 09:36:20 AM,647.4,14,9063.6,31015819.450000007
2025-08-01 09:36:33 AM,647.0,0,0.0,31015819.450000007
2025-08-01 09:36:33 AM,647.0,100,64700.0,31080519.450000007
2025-08-01 09:36:39 AM,647.15,100,64715.0,31145234.450000007
2025-08-01 09:36:52 AM,646.8,415,268422.0,31413656.450000007
2025-08-01 09:36:59 AM,646.45,80,51716.0,31465372.450000007
2025-08-01 09:37:01 AM,646.3,0,0.0,31465372.450000007
2025-08-01 09:37:06 AM,646.3,72,46533.6,31511906.05000001
2025-08-01 09:37:20 AM,646.3,229,148002.69999999998,31659908.750000007
2025-08-01 09:37:21 AM,646.0,25,16150.0,31676058.750000007
2025-08-01 09:37:27 AM,646.0,3,1938.0,31677996.750000007
2025-08-01 09:37:27 AM,645.45,20,12909.0,31690905.750000007
2025-08-01 09:37:34 AM,645.0,299,192855.0,31883760.750000007
2025-08-01 09:37:36 AM,645.75,0,0.0,31883760.750000007
2025-08-01 09:37:39 AM,645.05,0,0.0,31883760.750000007
2025-08-01 09:37:41 AM,645.1,73,47092.3,31930853.05000001
2025-08-01 09:37:45 AM,645.0,0,0.0,31930853.05000001
2025-08-01 09:37:47 AM,645.0,202,130290.0,32061143.05000001
2025-08-01 09:37:49 AM,645.45,0,0.0,32061143.05000001
2025-08-01 09:37:54 AM,645.45,2,1290.9,32062433.950000007
2025-08-01 09:38:05 AM,645.0,0,0.0,32062433.950000007
2025-08-01 09:38:07 AM,645.0,387,249615.0,32312048.950000007
2025-08-01 09:38:32 AM,644.35,0,0.0,32312048.950000007
2025-08-01 09:38:34 AM,644.95,108,69654.6,32381703.55000001
2025-08-01 09:38:38 AM,644.35,0,0.0,32381703.55000001
2025-08-01 09:38:41 AM,644.15,181,116591.15,32498294.700000007
2025-08-01 09:38:49 AM,644.0,0,0.0,32498294.700000007
2025-08-01 09:38:54 AM,644.0,427,274988.0,32773282.700000007
2025-08-01 09:39:01 AM,643.3,90,57896.99999999999,32831179.700000007
2025-08-01 09:39:02 AM,643.85,0,0.0,32831179.700000007
2025-08-01 09:39:07 AM,643.35,0,0.0,32831179.700000007
2025-08-01 09:39:08 AM,643.35,140,90069.0,32921248.700000007
2025-08-01 09:39:12 AM,643.05,0,0.0,32921248.700000007
2025-08-01 09:39:15 AM,643.7,360,231732.00000000003,33152980.700000007
2025-08-01 09:39:21 AM,643.7,1,643.7,33153624.400000006
2025-08-01 09:39:46 AM,644.0,0,0.0,33153624.400000006
2025-08-01 09:39:48 AM,644.0,2637,1698228.0,34851852.400000006
2025-08-01 09:39:55 AM,644.2,92,59266.4,34911118.800000004
2025-08-01 09:40:11 AM,643.85,0,0.0,34911118.800000004
2025-08-01 09:40:14 AM,643.85,3,1931.5500000000002,34913050.35
2025-08-01 09:40:27 AM,643.85,155,99796.75,35012847.1
2025-08-01 09:40:31 AM,644.0,0,0.0,35012847.1
2025-08-01 09:40:34 AM,644.0,90,57960.0,35070807.1
2025-08-01 09:40:40 AM,645.0,910,586950.0,35657757.1
2025-08-01 09:40:54 AM,644.8,3,1934.3999999999999,35659691.5
2025-08-01 09:41:00 AM,644.85,2,1289.7,35660981.2
2025-08-01 09:41:05 AM,645.55,0,0.0,35660981.2
2025-08-01 09:41:07 AM,645.55,73,47125.149999999994,35708106.35
2025-08-01 09:41:08 AM,646.0,1,646.0,35708752.35
2025-08-01 09:41:13 AM,645.3,0,0.0,35708752.35
2025-08-01 09:41:14 AM,645.3,101,65175.299999999996,35773927.65
2025-08-01 09:41:17 AM,645.6,0,0.0,35773927.65
2025-08-01 09:41:20 AM,645.6,4,2582.4,35776510.05
2025-08-01 09:41:21 AM,645.1,18,11611.800000000001,35788121.849999994
2025-08-01 09:41:21 AM,644.55,0,0.0,35788121.849999994
2025-08-01 09:41:25 AM,645.0,0,0.0,35788121.849999994
2025-08-01 09:41:27 AM,645.0,25,16125.0,35804246.849999994
2025-08-01 09:41:41 AM,644.8,0,0.0,35804246.849999994
2025-08-01 09:41:47 AM,644.8,100,64479.99999999999,35868726.849999994
2025-08-01 09:41:48 AM,644.8,114,73507.2,35942234.05
2025-08-01 09:41:53 AM,644.6,100,64460.0,36006694.05
2025-08-01 09:42:06 AM,644.35,20,12887.0,36019581.05
2025-08-01 09:42:20 AM,643.9,26,16741.399999999998,36036322.449999996
2025-08-01 09:42:44 AM,643.25,0,0.0,36036322.449999996
2025-08-01 09:42:45 AM,643.25,125,80406.25,36116728.699999996
2025-08-01 09:43:18 AM,643.25,36,23157.0,36139885.699999996
2025-08-01 09:43:28 AM,643.7,0,0.0,36139885.699999996
2025-08-01 09:43:31 AM,643.7,5,3218.5,36143104.199999996
2025-08-01 09:43:38 AM,643.7,25,16092.500000000002,36159196.699999996
2025-08-01 09:43:57 AM,644.1,24,15458.400000000001,36174655.099999994
2025-08-01 09:44:00 AM,644.05,0,0.0,36174655.099999994
2025-08-01 09:44:00 AM,644.2,0,0.0,36174655.099999994
2025-08-01 09:44:04 AM,643.7,0,0.0,36174655.099999994
2025-08-01 09:44:04 AM,643.7,21,13517.7,36188172.8
2025-08-01 09:44:05 AM,643.7,127,81749.90000000001,36269922.699999996
2025-08-01 09:44:18 AM,643.0,0,0.0,36269922.699999996
2025-08-01 09:44:18 AM,643.0,401,257843.0,36527765.699999996
2025-08-01 09:44:24 AM,643.3,10,6433.0,36534198.699999996
2025-08-01 09:44:36 AM,643.25,0,0.0,36534198.699999996
2025-08-01 09:44:37 AM,643.25,1,643.25,36534841.949999996
2025-08-01 09:44:51 AM,643.25,14,9005.5,36543847.449999996
2025-08-01 09:44:54 AM,643.55,0,0.0,36543847.449999996
2025-08-01 09:44:56 AM,643.55,1,643.55,36544490.99999999
2025-08-01 09:45:10 AM,643.2,378,243129.6,36787620.599999994
2025-08-01 09:45:18 AM,643.0,471,302853.0,37090473.599999994
2025-08-01 09:45:21 AM,643.15,0,0.0,37090473.599999994
2025-08-01 09:45:23 AM,643.15,50,32157.5,37122631.099999994
2025-08-01 09:46:14 AM,643.35,101,64978.350000000006,37187609.449999996
2025-08-01 09:46:26 AM,642.7,0,0.0,37187609.449999996
2025-08-01 09:46:27 AM,642.7,2,1285.4,37188894.849999994
2025-08-01 09:46:52 AM,642.7,4,2570.8,37191465.64999999
2025-08-01 09:47:34 AM,643.15,0,0.0,37191465.64999999
2025-08-01 09:47:36 AM,643.15,56,36016.4,37227482.04999999
2025-08-01 09:48:24 AM,643.75,0,0.0,37227482.04999999
2025-08-01 09:48:25 AM,643.75,20,12875.0,37240357.04999999
2025-08-01 09:49:07 AM,644.45,19,12244.550000000001,37252601.59999999
2025-08-01 09:49:19 AM,644.45,10,6444.5,37259046.09999999
2025-08-01 09:49:26 AM,644.45,11,7088.950000000001,37266135.04999999
2025-08-01 09:50:03 AM,644.75,0,0.0,37266135.04999999
2025-08-01 09:50:04 AM,644.75,1,644.75,37266779.79999999
2025-08-01 09:50:07 AM,644.45,500,322225.0,37589004.79999999
2025-08-01 09:50:28 AM,644.6,0,0.0,37589004.79999999
2025-08-01 09:50:29 AM,644.6,52,33519.200000000004,37622523.99999999
2025-08-01 09:50:30 AM,644.05,0,0.0,37622523.99999999
2025-08-01 09:50:32 AM,644.05,75,48303.75,37670827.74999999
2025-08-01 09:50:33 AM,644.2,0,0.0,37670827.74999999
2025-08-01 09:50:35 AM,644.2,13,8374.6,37679202.349999994
2025-08-01 09:50:58 AM,644.0,0,0.0,37679202.349999994
2025-08-01 09:51:00 AM,644.0,100,64400.0,37743602.349999994
2025-08-01 09:51:06 AM,644.9,0,0.0,37743602.349999994
2025-08-01 09:51:07 AM,644.9,130,83837.0,37827439.349999994
2025-08-01 09:51:09 AM,644.05,100,64404.99999999999,37891844.349999994
2025-08-01 09:51:18 AM,644.7,0,0.0,37891844.349999994
2025-08-01 09:51:20 AM,644.7,107,68982.90000000001,37960827.24999999
2025-08-01 09:51:21 AM,645.0,5,3225.0,37964052.24999999
2025-08-01 09:51:45 AM,645.0,67,43215.0,38007267.24999999
2025-08-01 09:51:53 AM,645.45,0,0.0,38007267.24999999
2025-08-01 09:51:57 AM,645.45,326,210416.7,38217683.949999996
2025-08-01 09:52:05 AM,644.9,22,14187.8,38231871.74999999
2025-08-01 09:52:11 AM,644.9,50,32245.0,38264116.74999999
2025-08-01 09:52:52 AM,644.1,25,16102.5,38280219.24999999
2025-08-01 09:52:54 AM,644.9,159,102539.09999999999,38382758.349999994
2025-08-01 09:53:00 AM,644.9,25,16122.5,38398880.849999994
2025-08-01 09:53:03 AM,648.2,0,0.0,38398880.849999994
2025-08-01 09:53:03 AM,648.2,2192,1420854.4000000001,39819735.24999999
2025-08-01 09:53:08 AM,648.85,0,0.0,39819735.24999999
2025-08-01 09:53:10 AM,648.85,4250,2757612.5,42577347.74999999
2025-08-01 09:53:11 AM,647.8,0,0.0,42577347.74999999
2025-08-01 09:53:12 AM,647.8,50,32389.999999999996,42609737.74999999
2025-08-01 09:53:22 AM,649.0,0,0.0,42609737.74999999
2025-08-01 09:53:23 AM,649.0,5165,3352085.0,45961822.74999999
2025-08-01 09:53:28 AM,648.65,0,0.0,45961822.74999999
2025-08-01 09:53:29 AM,648.65,25,16216.25,45978038.99999999
2025-08-01 09:53:31 AM,648.4,200,129680.0,46107718.99999999
2025-08-01 09:53:33 AM,650.0,0,0.0,46107718.99999999
2025-08-01 09:53:34 AM,650.0,5628,3658200.0,49765918.99999999
2025-08-01 09:53:37 AM,649.45,1874,1217069.3,50982988.29999999
2025-08-01 09:53:43 AM,648.9,0,0.0,50982988.29999999
2025-08-01 09:53:43 AM,648.9,110,71379.0,51054367.29999999
2025-08-01 09:53:44 AM,649.4,0,0.0,51054367.29999999
2025-08-01 09:53:48 AM,649.4,100,64940.0,51119307.29999999
2025-08-01 09:53:54 AM,649.4,15,9741.0,51129048.29999999
2025-08-01 09:53:55 AM,649.0,0,0.0,51129048.29999999
2025-08-01 09:54:00 AM,649.0,62,40238.0,51169286.29999999
2025-08-01 09:54:06 AM,649.15,102,66213.3,51235499.59999999
2025-08-01 09:54:09 AM,648.45,0,0.0,51235499.59999999
2025-08-01 09:54:12 AM,648.45,17,11023.650000000001,51246523.249999985
2025-08-01 09:54:15 AM,649.15,0,0.0,51246523.249999985
2025-08-01 09:54:19 AM,648.3,1571,1018479.2999999999,52265002.54999998
2025-08-01 09:54:25 AM,648.65,250,162162.5,52427165.04999998
2025-08-01 09:54:31 AM,649.05,138,89568.9,52516733.94999998
2025-08-01 09:54:34 AM,649.35,0,0.0,52516733.94999998
2025-08-01 09:54:37 AM,649.35,110,71428.5,52588162.44999998
2025-08-01 09:54:44 AM,649.2,0,0.0,52588162.44999998
2025-08-01 09:54:44 AM,649.2,4,2596.8,52590759.24999998
2025-08-01 09:55:12 AM,649.2,8,5193.6,52595952.84999998
2025-08-01 09:55:14 AM,648.4,0,0.0,52595952.84999998
2025-08-01 09:55:18 AM,648.3,158,102431.4,52698384.24999998
2025-08-01 09:55:35 AM,648.4,0,0.0,52698384.24999998
2025-08-01 09:55:36 AM,648.4,32,20748.8,52719133.049999975
2025-08-01 09:55:42 AM,647.55,417,270028.35,52989161.399999976
2025-08-01 09:55:43 AM,649.0,4725,3066525.0,56055686.399999976
2025-08-01 09:56:07 AM,650.0,0,0.0,56055686.399999976
2025-08-01 09:56:07 AM,650.0,100,65000.0,56120686.399999976
2025-08-01 09:56:11 AM,649.35,0,0.0,56120686.399999976
2025-08-01 09:56:13 AM,649.35,1,649.35,56121335.74999998
2025-08-01 09:56:19 AM,649.35,4,2597.4,56123933.149999976
2025-08-01 09:56:25 AM,649.35,20,12987.0,56136920.149999976
2025-08-01 09:56:29 AM,648.45,0,0.0,56136920.149999976
2025-08-01 09:56:30 AM,648.45,500,324225.0,56461145.149999976
2025-08-01 09:56:49 AM,649.35,50,32467.5,56493612.649999976
2025-08-01 09:57:06 AM,649.9,0,0.0,56493612.649999976
2025-08-01 09:57:06 AM,649.9,130,84487.0,56578099.649999976
2025-08-01 09:57:08 AM,649.35,399,259090.65000000002,56837190.299999975
2025-08-01 09:57:18 AM,649.3,0,0.0,56837190.299999975
2025-08-01 09:57:18 AM,649.3,20,12986.0,56850176.299999975
2025-08-01 09:57:24 AM,649.5,50,32475.0,56882651.299999975
2025-08-01 09:57:29 AM,648.8,7,4541.599999999999,56887192.899999976
2025-08-01 09:57:38 AM,648.8,8,5190.4,56892383.299999975
2025-08-01 09:57:44 AM,648.45,4,2593.8,56894977.09999997
2025-08-01 09:57:48 AM,648.8,4,2595.2,56897572.299999975
2025-08-01 09:57:58 AM,648.4,0,0.0,56897572.299999975
2025-08-01 09:58:00 AM,648.4,200,129680.0,57027252.299999975
2025-08-01 09:58:18 AM,648.3,1,648.3,57027900.59999997
2025-08-01 09:58:26 AM,647.65,51,33030.15,57060930.74999997
2025-08-01 09:58:32 AM,647.5,500,323750.0,57384680.74999997
2025-08-01 09:58:39 AM,647.35,0,0.0,57384680.74999997
2025-08-01 09:58:39 AM,647.35,10,6473.5,57391154.24999997
2025-08-01 09:58:42 AM,647.5,52,33670.0,57424824.24999997
2025-08-01 09:58:45 AM,647.5,23,14892.5,57439716.74999997
2025-08-01 09:58:54 AM,647.5,10,6475.0,57446191.74999997
2025-08-01 09:59:41 AM,647.45,0,0.0,57446191.74999997
2025-08-01 09:59:41 AM,647.45,455,294589.75,57740781.49999997
2025-08-01 10:00:12 AM,647.1,0,0.0,57740781.49999997
2025-08-01 10:00:12 AM,647.1,8,5176.8,57745958.29999997
2025-08-01 10:00:16 AM,646.35,0,0.0,57745958.29999997
2025-08-01 10:00:16 AM,646.35,30,19390.5,57765348.79999997
2025-08-01 10:00:30 AM,646.9,0,0.0,57765348.79999997
2025-08-01 10:00:31 AM,646.9,2,1293.8,57766642.599999964
2025-08-01 10:00:36 AM,646.35,0,0.0,57766642.599999964
2025-08-01 10:00:37 AM,646.35,10,6463.5,57773106.099999964
2025-08-01 10:00:41 AM,646.35,1,646.35,57773752.449999966
2025-08-01 10:00:44 AM,646.35,11,7109.85,57780862.29999997
2025-08-01 10:00:47 AM,647.0,0,0.0,57780862.29999997
2025-08-01 10:00:47 AM,647.0,55,35585.0,57816447.29999997
2025-08-01 10:00:53 AM,647.3,200,129459.99999999999,57945907.29999997
2025-08-01 10:00:59 AM,646.5,0,0.0,57945907.29999997
2025-08-01 10:01:00 AM,646.5,100,64650.0,58010557.29999997
2025-08-01 10:01:09 AM,647.2,3,1941.6000000000001,58012498.89999997
2025-08-01 10:01:18 AM,647.0,5,3235.0,58015733.89999997
2025-08-01 10:01:28 AM,647.55,0,0.0,58015733.89999997
2025-08-01 10:01:28 AM,647.55,83,53746.649999999994,58069480.54999997
2025-08-01 10:02:24 AM,647.55,1,647.55,58070128.099999964
2025-08-01 10:02:58 AM,647.5,40,25900.0,58096028.099999964
2025-08-01 10:03:08 AM,648.0,1,648.0,58096676.099999964
2025-08-01 10:03:15 AM,648.0,116,75168.0,58171844.099999964
2025-08-01 10:03:34 AM,648.0,19,12312.0,58184156.099999964
2025-08-01 10:03:59 AM,648.0,100,64800.0,58248956.099999964
2025-08-01 10:04:14 AM,648.15,69,44722.35,58293678.449999966
2025-08-01 10:04:49 AM,648.15,25,16203.75,58309882.199999966
2025-08-01 10:04:57 AM,647.75,82,53115.5,58362997.699999966
2025-08-01 10:05:03 AM,648.15,0,0.0,58362997.699999966
2025-08-01 10:05:04 AM,648.15,1001,648798.15,59011795.849999964
2025-08-01 10:05:20 AM,648.15,10,6481.5,59018277.349999964
2025-08-01 10:06:02 AM,647.75,40,25910.0,59044187.349999964
2025-08-01 10:06:12 AM,647.1,0,0.0,59044187.349999964
2025-08-01 10:06:14 AM,647.1,28,18118.8,59062306.14999996
2025-08-01 10:06:38 AM,647.1,23,14883.300000000001,59077189.44999996
2025-08-01 10:06:40 AM,647.55,23,14893.65,59092083.09999996
2025-08-01 10:06:46 AM,646.1,76,49103.6,59141186.69999996
2025-08-01 10:06:58 AM,645.85,0,0.0,59141186.69999996
2025-08-01 10:06:59 AM,645.85,25,16146.25,59157332.94999996
2025-08-01 10:07:21 AM,646.1,17,10983.7,59168316.64999996
2025-08-01 10:07:42 AM,646.15,1,646.15,59168962.79999996
2025-08-01 10:07:55 AM,646.1,0,0.0,59168962.79999996
2025-08-01 10:07:58 AM,646.1,1,646.1,59169608.89999996
2025-08-01 10:08:13 AM,647.05,70,45293.5,59214902.39999996
2025-08-01 10:08:33 AM,647.5,0,0.0,59214902.39999996
2025-08-01 10:08:35 AM,647.5,23,14892.5,59229794.89999996
2025-08-01 10:08:52 AM,646.85,0,0.0,59229794.89999996
2025-08-01 10:08:53 AM,646.85,25,16171.25,59245966.14999996
2025-08-01 10:09:17 AM,647.55,10,6475.5,59252441.64999996
2025-08-01 10:09:55 AM,647.5,0,0.0,59252441.64999996
2025-08-01 10:09:57 AM,647.5,1,647.5,59253089.14999996
2025-08-01 10:10:08 AM,646.9,0,0.0,59253089.14999996
2025-08-01 10:10:09 AM,646.9,2,1293.8,59254382.94999996
2025-08-01 10:10:10 AM,647.45,6,3884.7000000000003,59258267.64999996
2025-08-01 10:10:25 AM,646.2,0,0.0,59258267.64999996
2025-08-01 10:10:26 AM,646.2,127,82067.40000000001,59340335.04999996
2025-08-01 10:10:32 AM,646.7,10,6467.0,59346802.04999996
2025-08-01 10:10:34 AM,647.05,100,64704.99999999999,59411507.04999996
2025-08-01 10:11:14 AM,647.15,12,7765.799999999999,59419272.84999996
2025-08-01 10:11:20 AM,647.5,45,29137.5,59448410.34999996
2025-08-01 10:11:31 AM,647.5,19,12302.5,59460712.84999996
2025-08-01 10:11:38 AM,647.5,643,416342.5,59877055.34999996
2025-08-01 10:12:06 AM,646.85,0,0.0,59877055.34999996
2025-08-01 10:12:07 AM,646.85,22,14230.7,59891286.04999996
2025-08-01 10:12:24 AM,647.3,0,0.0,59891286.04999996
2025-08-01 10:12:24 AM,647.3,1,647.3,59891933.34999996
2025-08-01 10:12:39 AM,647.85,0,0.0,59891933.34999996
2025-08-01 10:12:41 AM,647.85,5,3239.25,59895172.59999996
2025-08-01 10:12:47 AM,647.85,201,130217.85,60025390.44999996
2025-08-01 10:12:59 AM,648.2,2,1296.4,60026686.84999996
2025-08-01 10:14:03 AM,648.7,0,0.0,60026686.84999996
2025-08-01 10:14:03 AM,648.7,15,9730.5,60036417.34999996
2025-08-01 10:14:16 AM,648.15,16,10370.4,60046787.749999955
2025-08-01 10:14:54 AM,648.2,0,0.0,60046787.749999955
2025-08-01 10:14:55 AM,648.2,23,14908.6,60061696.34999996
2025-08-01 10:14:58 AM,648.6,0,0.0,60061696.34999996
2025-08-01 10:15:01 AM,648.6,50,32430.0,60094126.34999996
2025-08-01 10:15:06 AM,648.7,0,0.0,60094126.34999996
2025-08-01 10:15:07 AM,648.7,100,64870.00000000001,60158996.34999996
2025-08-01 10:15:15 AM,648.65,0,0.0,60158996.34999996
2025-08-01 10:15:19 AM,648.65,45,29189.25,60188185.59999996
2025-08-01 10:15:31 AM,648.65,21,13621.65,60201807.249999955
2025-08-01 10:15:33 AM,648.05,0,0.0,60201807.249999955
2025-08-01 10:15:35 AM,648.0,0,0.0,60201807.249999955
2025-08-01 10:15:37 AM,648.0,22,14256.0,60216063.249999955
2025-08-01 10:16:32 AM,647.85,0,0.0,60216063.249999955
2025-08-01 10:16:36 AM,647.85,5,3239.25,60219302.499999955
2025-08-01 10:16:45 AM,648.0,0,0.0,60219302.499999955
2025-08-01 10:16:47 AM,648.0,1,648.0,60219950.499999955
2025-08-01 10:17:26 AM,647.85,0,0.0,60219950.499999955
2025-08-01 10:17:27 AM,647.85,3,1943.5500000000002,60221894.04999995
2025-08-01 10:17:44 AM,648.0,0,0.0,60221894.04999995
2025-08-01 10:17:44 AM,648.0,50,32400.0,60254294.04999995
2025-08-01 10:17:50 AM,648.0,3,1944.0,60256238.04999995
2025-08-01 10:18:07 AM,648.0,10,6480.0,60262718.04999995
2025-08-01 10:18:09 AM,647.45,0,0.0,60262718.04999995
2025-08-01 10:18:13 AM,647.45,150,97117.5,60359835.54999995
2025-08-01 10:18:13 AM,647.95,18,11663.1,60371498.649999954
2025-08-01 10:18:19 AM,647.95,6,3887.7000000000003,60375386.34999996
2025-08-01 10:18:26 AM,647.35,0,0.0,60375386.34999996
2025-08-01 10:18:31 AM,647.35,45,29130.75,60404517.09999996
2025-08-01 10:18:36 AM,647.65,77,49869.049999999996,60454386.149999954
2025-08-01 10:18:54 AM,647.65,3,1942.9499999999998,60456329.09999996
2025-08-01 10:18:57 AM,647.05,0,0.0,60456329.09999996
2025-08-01 10:18:59 AM,647.05,15,9705.75,60466034.84999996
2025-08-01 10:19:16 AM,647.05,2,1294.1,60467328.94999996
2025-08-01 10:19:28 AM,647.05,100,64704.99999999999,60532033.94999996
2025-08-01 10:19:49 AM,647.75,0,0.0,60532033.94999996
2025-08-01 10:19:51 AM,647.75,110,71252.5,60603286.44999996
2025-08-01 10:19:55 AM,647.85,0,0.0,60603286.44999996
2025-08-01 10:19:56 AM,647.85,40,25914.0,60629200.44999996
2025-08-01 10:20:42 AM,647.4,0,0.0,60629200.44999996
2025-08-01 10:20:43 AM,647.4,50,32370.0,60661570.44999996
2025-08-01 10:20:49 AM,647.8,95,61540.99999999999,60723111.44999996
2025-08-01 10:21:06 AM,647.95,0,0.0,60723111.44999996
2025-08-01 10:21:07 AM,647.95,100,64795.00000000001,60787906.44999996
2025-08-01 10:21:38 AM,647.05,410,265290.5,61053196.94999996
2025-08-01 10:21:51 AM,647.0,0,0.0,61053196.94999996
2025-08-01 10:21:52 AM,647.0,2000,1294000.0,62347196.94999996
2025-08-01 10:22:49 AM,647.6,32,20723.2,62367920.14999996
2025-08-01 10:23:06 AM,647.65,0,0.0,62367920.14999996
2025-08-01 10:23:06 AM,647.65,8,5181.2,62373101.349999964
2025-08-01 10:23:15 AM,647.65,1,647.65,62373748.99999996
2025-08-01 10:23:26 AM,647.05,0,0.0,62373748.99999996
2025-08-01 10:23:26 AM,647.05,60,38823.0,62412571.99999996
2025-08-01 10:23:41 AM,647.95,200,129590.00000000001,62542161.99999996
2025-08-01 10:23:45 AM,647.3,0,0.0,62542161.99999996
2025-08-01 10:23:46 AM,647.3,5,3236.5,62545398.49999996
2025-08-01 10:23:59 AM,647.95,18,11663.1,62557061.599999964
2025-08-01 10:24:10 AM,647.45,3,1942.3500000000001,62559003.949999966
2025-08-01 10:24:23 AM,648.0,0,0.0,62559003.949999966
2025-08-01 10:24:25 AM,648.0,15,9720.0,62568723.949999966
2025-08-01 10:24:41 AM,648.0,50,32400.0,62601123.949999966
2025-08-01 10:24:43 AM,648.0,9,5832.0,62606955.949999966
2025-08-01 10:25:29 AM,647.9,10,6479.0,62613434.949999966
2025-08-01 10:25:57 AM,647.9,8,5183.2,62618618.14999997
2025-08-01 10:26:00 AM,647.9,136,88114.4,62706732.54999997
2025-08-01 10:26:17 AM,647.9,20,12958.0,62719690.54999997
2025-08-01 10:26:24 AM,648.0,1582,1025136.0,63744826.54999997
2025-08-01 10:26:27 AM,648.05,0,0.0,63744826.54999997
2025-08-01 10:26:28 AM,648.05,514,333097.69999999995,64077924.24999997
2025-08-01 10:27:47 AM,648.3,10,6483.0,64084407.24999997
2025-08-01 10:28:08 AM,648.3,1,648.3,64085055.54999997
2025-08-01 10:28:11 AM,648.8,0,0.0,64085055.54999997
2025-08-01 10:28:11 AM,648.8,124,80451.2,64165506.74999997
2025-08-01 10:28:13 AM,648.3,0,0.0,64165506.74999997
2025-08-01 10:28:13 AM,648.3,3,1944.8999999999999,64167451.64999997
2025-08-01 10:28:36 AM,648.5,0,0.0,64167451.64999997
2025-08-01 10:28:36 AM,648.5,51,33073.5,64200525.14999997
2025-08-01 10:28:38 AM,648.9,0,0.0,64200525.14999997
2025-08-01 10:28:38 AM,648.9,69,44774.1,64245299.24999997
2025-08-01 10:28:42 AM,648.5,0,0.0,64245299.24999997
2025-08-01 10:28:44 AM,648.5,10,6485.0,64251784.24999997
2025-08-01 10:28:58 AM,649.0,199,129151.0,64380935.24999997
2025-08-01 10:29:31 AM,648.3,528,342302.39999999997,64723237.64999997
2025-08-01 10:29:35 AM,647.8,0,0.0,64723237.64999997
2025-08-01 10:29:35 AM,648.0,0,0.0,64723237.64999997
2025-08-01 10:29:37 AM,648.0,375,243000.0,64966237.64999997
2025-08-01 10:29:39 AM,646.6,0,0.0,64966237.64999997
2025-08-01 10:29:40 AM,646.9,892,577034.7999999999,65543272.449999966
2025-08-01 10:29:43 AM,646.4,0,0.0,65543272.449999966
2025-08-01 10:29:45 AM,646.4,16,10342.4,65553614.849999964
2025-08-01 10:29:53 AM,647.2,0,0.0,65553614.849999964
2025-08-01 10:29:53 AM,647.2,200,129440.00000000001,65683054.849999964
2025-08-01 10:30:13 AM,646.65,1,646.65,65683701.49999996
2025-08-01 10:30:22 AM,647.2,10,6472.0,65690173.49999996
2025-08-01 10:30:49 AM,647.15,0,0.0,65690173.49999996
2025-08-01 10:30:50 AM,646.55,19,12284.449999999999,65702457.949999966
2025-08-01 10:31:22 AM,647.65,0,0.0,65702457.949999966
2025-08-01 10:31:22 AM,647.65,500,323825.0,66026282.949999966
2025-08-01 10:31:36 AM,647.7,0,0.0,66026282.949999966
2025-08-01 10:31:36 AM,647.7,150,97155.0,66123437.949999966
2025-08-01 10:31:53 AM,646.95,50,32347.500000000004,66155785.449999966
2025-08-01 10:31:58 AM,646.8,0,0.0,66155785.449999966
2025-08-01 10:32:00 AM,646.8,39,25225.199999999997,66181010.64999997
2025-08-01 10:32:36 AM,646.85,25,16171.25,66197181.89999997
2025-08-01 10:32:47 AM,646.7,100,64670.00000000001,66261851.89999997
2025-08-01 10:32:50 AM,647.4,15,9711.0,66271562.89999997
2025-08-01 10:33:06 AM,646.55,0,0.0,66271562.89999997
2025-08-01 10:33:07 AM,646.55,4,2586.2,66274149.09999997
2025-08-01 10:33:15 AM,647.45,200,129490.00000000001,66403639.09999997
2025-08-01 10:33:24 AM,646.75,0,0.0,66403639.09999997
2025-08-01 10:33:24 AM,647.65,103,66707.95,66470347.049999975
2025-08-01 10:33:32 AM,646.8,2,1293.6,66471640.649999976
2025-08-01 10:34:20 AM,647.45,20,12949.0,66484589.649999976
2025-08-01 10:34:48 AM,646.75,450,291037.5,66775627.149999976
2025-08-01 10:34:49 AM,647.45,0,0.0,66775627.149999976
2025-08-01 10:34:51 AM,647.45,90,58270.50000000001,66833897.649999976
2025-08-01 10:35:17 AM,647.65,0,0.0,66833897.649999976
2025-08-01 10:35:17 AM,647.65,1,647.65,66834545.299999975
2025-08-01 10:35:28 AM,647.3,0,0.0,66834545.299999975
2025-08-01 10:35:28 AM,647.3,2,1294.6,66835839.899999976
2025-08-01 10:36:04 AM,647.3,1,647.3,66836487.19999997
2025-08-01 10:37:19 AM,646.8,0,0.0,66836487.19999997
2025-08-01 10:37:19 AM,646.8,9,5821.2,66842308.399999976
2025-08-01 10:37:52 AM,647.55,0,0.0,66842308.399999976
2025-08-01 10:37:52 AM,647.55,100,64754.99999999999,66907063.399999976
2025-08-01 10:38:21 AM,646.95,0,0.0,66907063.399999976
2025-08-01 10:38:23 AM,646.6,204,131906.4,67038969.799999975
2025-08-01 10:38:23 AM,646.1,0,0.0,67038969.799999975
2025-08-01 10:38:25 AM,646.1,15,9691.5,67048661.299999975
2025-08-01 10:38:29 AM,646.0,590,381140.0,67429801.29999998
2025-08-01 10:38:30 AM,645.1,0,0.0,67429801.29999998
2025-08-01 10:38:32 AM,645.1,154,99345.40000000001,67529146.69999999
2025-08-01 10:38:49 AM,645.9,0,0.0,67529146.69999999
2025-08-01 10:38:49 AM,645.9,50,32295.0,67561441.69999999
2025-08-01 10:39:13 AM,645.45,0,0.0,67561441.69999999
2025-08-01 10:39:14 AM,645.45,78,50345.100000000006,67611786.79999998
2025-08-01 10:39:16 AM,645.75,0,0.0,67611786.79999998
2025-08-01 10:39:17 AM,645.75,50,32287.5,67644074.29999998
2025-08-01 10:39:56 AM,645.7,3,1937.1000000000001,67646011.39999998
2025-08-01 10:40:01 AM,645.4,5,3227.0,67649238.39999998
2025-08-01 10:40:02 AM,645.1,0,0.0,67649238.39999998
2025-08-01 10:40:04 AM,645.0,0,0.0,67649238.39999998
2025-08-01 10:40:04 AM,645.0,71,45795.0,67695033.39999998
2025-08-01 10:40:28 AM,646.05,0,0.0,67695033.39999998
2025-08-01 10:40:29 AM,646.05,650,419932.49999999994,68114965.89999998
2025-08-01 10:40:52 AM,645.05,0,0.0,68114965.89999998
2025-08-01 10:40:54 AM,645.0,0,0.0,68114965.89999998
2025-08-01 10:40:54 AM,645.0,76,49020.0,68163985.89999998
2025-08-01 10:41:03 AM,645.05,0,0.0,68163985.89999998
2025-08-01 10:41:05 AM,645.05,2,1290.1,68165275.99999997
2025-08-01 10:41:08 AM,645.05,39,25156.949999999997,68190432.94999997
2025-08-01 10:41:11 AM,645.05,100,64504.99999999999,68254937.94999997
2025-08-01 10:41:17 AM,645.05,10,6450.5,68261388.44999997
2025-08-01 10:41:34 AM,645.05,651,419927.55,68681315.99999997
2025-08-01 10:41:35 AM,646.45,312,201692.40000000002,68883008.39999998
2025-08-01 10:41:42 AM,645.7,0,0.0,68883008.39999998
2025-08-01 10:41:45 AM,645.7,78,50364.600000000006,68933372.99999997
2025-08-01 10:41:50 AM,645.75,0,0.0,68933372.99999997
2025-08-01 10:41:50 AM,645.75,50,32287.5,68965660.49999997
2025-08-01 10:41:52 AM,645.45,0,0.0,68965660.49999997
2025-08-01 10:41:55 AM,645.45,218,140708.1,69106368.59999996
2025-08-01 10:42:01 AM,644.9,344,221845.6,69328214.19999996
2025-08-01 10:42:28 AM,644.6,0,0.0,69328214.19999996
2025-08-01 10:42:29 AM,644.6,36,23205.600000000002,69351419.79999995
2025-08-01 10:42:32 AM,644.75,0,0.0,69351419.79999995
2025-08-01 10:42:34 AM,644.75,915,589946.25,69941366.04999995
2025-08-01 10:43:24 AM,644.75,76,49001.0,69990367.04999995
2025-08-01 10:43:59 AM,644.95,0,0.0,69990367.04999995
2025-08-01 10:44:00 AM,644.95,40,25798.0,70016165.04999995
2025-08-01 10:44:03 AM,645.05,0,0.0,70016165.04999995
2025-08-01 10:44:05 AM,645.05,25,16126.249999999998,70032291.29999995
2025-08-01 10:44:13 AM,645.15,0,0.0,70032291.29999995
2025-08-01 10:44:13 AM,645.15,78,50321.7,70082612.99999996
2025-08-01 10:44:19 AM,645.35,0,0.0,70082612.99999996
2025-08-01 10:44:19 AM,645.35,3,1936.0500000000002,70084549.04999995
2025-08-01 10:44:25 AM,645.35,2,1290.7,70085839.74999996
2025-08-01 10:44:33 AM,646.05,0,0.0,70085839.74999996
2025-08-01 10:44:35 AM,646.05,50,32302.499999999996,70118142.24999996
2025-08-01 10:44:57 AM,646.0,15,9690.0,70127832.24999996
2025-08-01 10:45:02 AM,645.15,0,0.0,70127832.24999996
2025-08-01 10:45:02 AM,645.15,52,33547.799999999996,70161380.04999995
2025-08-01 10:45:03 AM,645.05,0,0.0,70161380.04999995
2025-08-01 10:45:04 AM,645.4,0,0.0,70161380.04999995
2025-08-01 10:45:05 AM,645.4,54,34851.6,70196231.64999995
2025-08-01 10:45:09 AM,645.05,0,0.0,70196231.64999995
2025-08-01 10:45:11 AM,645.05,20,12901.0,70209132.64999995
2025-08-01 10:45:49 AM,645.55,50,32277.499999999996,70241410.14999995
2025-08-01 10:45:52 AM,645.5,0,0.0,70241410.14999995
2025-08-01 10:45:54 AM,645.5,127,81978.5,70323388.64999995
2025-08-01 10:46:11 AM,644.4,111,71528.4,70394917.04999995
2025-08-01 10:46:23 AM,645.25,200,129050.0,70523967.04999995
2025-08-01 10:46:42 AM,644.15,0,0.0,70523967.04999995
2025-08-01 10:46:45 AM,644.15,78,50243.7,70574210.74999996
2025-08-01 10:47:00 AM,644.0,0,0.0,70574210.74999996
2025-08-01 10:47:01 AM,644.0,250,161000.0,70735210.74999996
2025-08-01 10:47:34 AM,644.0,76,48944.0,70784154.74999996
2025-08-01 10:47:34 AM,644.55,0,0.0,70784154.74999996
2025-08-01 10:47:36 AM,644.55,53,34161.149999999994,70818315.89999996
2025-08-01 10:47:46 AM,644.25,0,0.0,70818315.89999996
2025-08-01 10:47:47 AM,644.25,5,3221.25,70821537.14999996
2025-08-01 10:47:52 AM,644.25,23,14817.75,70836354.89999996
2025-08-01 10:47:55 AM,644.25,19,12240.75,70848595.64999996
2025-08-01 10:48:01 AM,643.6,343,220754.80000000002,71069350.44999996
2025-08-01 10:48:14 AM,643.95,21,13522.95,71082873.39999996
2025-08-01 10:48:22 AM,643.35,0,0.0,71082873.39999996
2025-08-01 10:48:22 AM,643.35,76,48894.6,71131767.99999996
2025-08-01 10:48:32 AM,643.5,0,0.0,71131767.99999996
2025-08-01 10:48:33 AM,643.5,10,6435.0,71138202.99999996
2025-08-01 10:48:39 AM,643.5,5,3217.5,71141420.49999996
2025-08-01 10:49:02 AM,643.5,140,90090.0,71231510.49999996
2025-08-01 10:49:12 AM,643.5,78,50193.0,71281703.49999996
2025-08-01 10:49:28 AM,643.75,21,13518.75,71295222.24999996
2025-08-01 10:49:32 AM,643.85,0,0.0,71295222.24999996
2025-08-01 10:49:33 AM,643.85,25,16096.25,71311318.49999996
2025-08-01 10:49:44 AM,643.5,64,41184.0,71352502.49999996
2025-08-01 10:50:02 AM,643.15,0,0.0,71352502.49999996
2025-08-01 10:50:05 AM,643.55,0,0.0,71352502.49999996
2025-08-01 10:50:05 AM,643.55,79,50840.45,71403342.94999996
2025-08-01 10:50:09 AM,643.6,0,0.0,71403342.94999996
2025-08-01 10:50:11 AM,643.6,11,7079.6,71410422.54999995
2025-08-01 10:50:22 AM,643.2,0,0.0,71410422.54999995
2025-08-01 10:50:22 AM,643.2,50,32160.000000000004,71442582.54999995
2025-08-01 10:50:35 AM,643.15,0,0.0,71442582.54999995
2025-08-01 10:50:39 AM,643.15,300,192945.0,71635527.54999995
2025-08-01 10:50:56 AM,643.15,76,48879.4,71684406.94999996
2025-08-01 10:50:58 AM,643.2,0,0.0,71684406.94999996
2025-08-01 10:51:02 AM,643.15,2668,1715924.2,73400331.14999996
2025-08-01 10:51:17 AM,643.05,0,0.0,73400331.14999996
2025-08-01 10:51:17 AM,643.15,0,0.0,73400331.14999996
2025-08-01 10:51:19 AM,643.15,53,34086.95,73434418.09999996
2025-08-01 10:51:21 AM,643.25,0,0.0,73434418.09999996
2025-08-01 10:51:24 AM,643.25,20,12865.0,73447283.09999996
2025-08-01 10:51:42 AM,643.0,0,0.0,73447283.09999996
2025-08-01 10:51:45 AM,642.75,0,0.0,73447283.09999996
2025-08-01 10:51:46 AM,642.75,117,75201.75,73522484.84999996
2025-08-01 10:51:59 AM,643.05,0,0.0,73522484.84999996
2025-08-01 10:52:02 AM,643.05,1,643.05,73523127.89999996
2025-08-01 10:52:13 AM,643.05,1,643.05,73523770.94999996
2025-08-01 10:52:24 AM,643.05,8,5144.4,73528915.34999996
2025-08-01 10:52:33 AM,642.9,0,0.0,73528915.34999996
2025-08-01 10:52:34 AM,642.9,21,13500.9,73542416.24999997
2025-08-01 10:52:45 AM,642.8,0,0.0,73542416.24999997
2025-08-01 10:52:45 AM,642.8,4,2571.2,73544987.44999997
2025-08-01 10:53:11 AM,642.8,2,1285.6,73546273.04999997
2025-08-01 10:53:15 AM,643.05,0,0.0,73546273.04999997
2025-08-01 10:53:16 AM,643.05,100,64304.99999999999,73610578.04999997
2025-08-01 10:53:22 AM,642.7,76,48845.200000000004,73659423.24999997
2025-08-01 10:54:03 AM,643.5,0,0.0,73659423.24999997
2025-08-01 10:54:04 AM,643.5,100,64350.0,73723773.24999997
2025-08-01 10:54:13 AM,642.8,0,0.0,73723773.24999997
2025-08-01 10:54:16 AM,642.8,79,50781.2,73774554.44999997
2025-08-01 10:54:47 AM,642.8,50,32139.999999999996,73806694.44999997
2025-08-01 10:55:03 AM,642.7,0,0.0,73806694.44999997
2025-08-01 10:55:03 AM,642.7,76,48845.200000000004,73855539.64999998
2025-08-01 10:55:52 AM,642.7,76,48845.200000000004,73904384.84999998
2025-08-01 10:56:02 AM,642.7,25,16067.500000000002,73920452.34999998
2025-08-01 10:56:21 AM,643.6,0,0.0,73920452.34999998
2025-08-01 10:56:23 AM,643.6,91,58567.6,73979019.94999997
2025-08-01 10:56:37 AM,643.45,0,0.0,73979019.94999997
2025-08-01 10:56:39 AM,643.45,25,16086.250000000002,73995106.19999997
2025-08-01 10:56:42 AM,643.0,0,0.0,73995106.19999997
2025-08-01 10:56:44 AM,643.0,78,50154.0,74045260.19999997
2025-08-01 10:56:51 AM,643.0,2,1286.0,74046546.19999997
2025-08-01 10:56:55 AM,642.7,4,2570.8,74049116.99999997
2025-08-01 10:56:59 AM,642.55,0,0.0,74049116.99999997
2025-08-01 10:57:00 AM,642.55,500,321275.0,74370391.99999997
2025-08-01 10:57:05 AM,642.1,0,0.0,74370391.99999997
2025-08-01 10:57:05 AM,642.1,302,193914.2,74564306.19999997
2025-08-01 10:57:10 AM,642.0,752,482784.0,75047090.19999997
2025-08-01 10:57:11 AM,642.0,25,16050.0,75063140.19999997
2025-08-01 10:57:15 AM,641.6,0,0.0,75063140.19999997
2025-08-01 10:57:16 AM,641.6,10,6416.0,75069556.19999997
2025-08-01 10:57:32 AM,641.7,76,48769.200000000004,75118325.39999998
2025-08-01 10:58:19 AM,641.7,1,641.7,75118967.09999998
2025-08-01 10:58:23 AM,641.9,0,0.0,75118967.09999998
2025-08-01 10:58:25 AM,641.9,77,49426.299999999996,75168393.39999998
2025-08-01 10:58:44 AM,642.0,0,0.0,75168393.39999998
2025-08-01 10:58:47 AM,642.0,77,49434.0,75217827.39999998
2025-08-01 10:59:01 AM,641.95,0,0.0,75217827.39999998
2025-08-01 10:59:03 AM,641.95,4,2567.8,75220395.19999997
2025-08-01 10:59:12 AM,641.6,0,0.0,75220395.19999997
2025-08-01 10:59:13 AM,642.0,0,0.0,75220395.19999997
2025-08-01 10:59:13 AM,642.0,103,66126.0,75286521.19999997
2025-08-01 10:59:28 AM,642.0,1,642.0,75287163.19999997
2025-08-01 10:59:33 AM,642.0,14,8988.0,75296151.19999997
2025-08-01 10:59:55 AM,642.0,1,642.0,75296793.19999997
2025-08-01 11:00:01 AM,642.0,100,64200.0,75360993.19999997
2025-08-01 11:00:04 AM,641.6,0,0.0,75360993.19999997
2025-08-01 11:00:07 AM,641.6,76,48761.6,75409754.79999997
2025-08-01 11:00:14 AM,642.5,0,0.0,75409754.79999997
2025-08-01 11:00:18 AM,642.5,1000,642500.0,76052254.79999997
2025-08-01 11:00:26 AM,641.5,0,0.0,76052254.79999997
2025-08-01 11:00:30 AM,641.5,238,152677.0,76204931.79999997
2025-08-01 11:00:35 AM,641.5,15,9622.5,76214554.29999997
2025-08-01 11:00:52 AM,640.9,0,0.0,76214554.29999997
2025-08-01 11:00:52 AM,640.85,0,0.0,76214554.29999997
2025-08-01 11:00:54 AM,640.65,0,0.0,76214554.29999997
2025-08-01 11:00:56 AM,640.65,1088,697027.2,76911581.49999997
2025-08-01 11:00:58 AM,641.3,0,0.0,76911581.49999997
2025-08-01 11:01:01 AM,640.9,75,48067.5,76959648.99999997
2025-08-01 11:01:10 AM,641.35,0,0.0,76959648.99999997
2025-08-01 11:01:12 AM,641.35,2,1282.7,76960931.69999997
2025-08-01 11:01:42 AM,640.9,0,0.0,76960931.69999997
2025-08-01 11:01:43 AM,640.9,78,49990.2,77010921.89999998
2025-08-01 11:01:49 AM,640.9,1,640.9,77011562.79999998
2025-08-01 11:02:04 AM,641.45,50,32072.500000000004,77043635.29999998
2025-08-01 11:02:32 AM,641.75,419,268893.25,77312528.54999998
2025-08-01 11:03:10 AM,641.0,0,0.0,77312528.54999998
2025-08-01 11:03:10 AM,641.0,200,128200.0,77440728.54999998
2025-08-01 11:03:23 AM,641.45,0,0.0,77440728.54999998
2025-08-01 11:03:24 AM,641.45,81,51957.450000000004,77492685.99999999
2025-08-01 11:03:37 AM,641.55,0,0.0,77492685.99999999
2025-08-01 11:03:39 AM,641.55,79,50682.45,77543368.44999999
2025-08-01 11:03:42 AM,641.5,0,0.0,77543368.44999999
2025-08-01 11:03:45 AM,641.25,1637,1049726.25,78593094.69999999
2025-08-01 11:03:50 AM,641.0,0,0.0,78593094.69999999
2025-08-01 11:03:50 AM,641.0,1,641.0,78593735.69999999
2025-08-01 11:04:13 AM,641.0,78,49998.0,78643733.69999999
2025-08-01 11:04:49 AM,641.55,5,3207.75,78646941.44999999
2025-08-01 11:05:03 AM,641.0,0,0.0,78646941.44999999
2025-08-01 11:05:03 AM,641.0,76,48716.0,78695657.44999999
2025-08-01 11:05:25 AM,641.6,3,1924.8000000000002,78697582.24999999
2025-08-01 11:05:50 AM,641.75,0,0.0,78697582.24999999
2025-08-01 11:05:52 AM,641.15,91,58344.65,78755926.89999999
2025-08-01 11:06:06 AM,641.2,0,0.0,78755926.89999999
2025-08-01 11:06:08 AM,641.2,502,321882.4,79077809.3
2025-08-01 11:06:42 AM,641.1,0,0.0,79077809.3
2025-08-01 11:06:44 AM,641.1,278,178225.80000000002,79256035.1
2025-08-01 11:07:16 AM,641.55,0,0.0,79256035.1
2025-08-01 11:07:16 AM,641.55,200,128309.99999999999,79384345.1
2025-08-01 11:07:23 AM,641.55,16,10264.8,79394609.89999999
2025-08-01 11:07:32 AM,641.1,0,0.0,79394609.89999999
2025-08-01 11:07:32 AM,641.1,76,48723.6,79443333.49999999
2025-08-01 11:07:40 AM,641.0,0,0.0,79443333.49999999
2025-08-01 11:07:43 AM,641.0,575,368575.0,79811908.49999999
2025-08-01 11:07:46 AM,641.15,0,0.0,79811908.49999999
2025-08-01 11:07:49 AM,641.15,56,35904.4,79847812.89999999
2025-08-01 11:08:22 AM,640.55,0,0.0,79847812.89999999
2025-08-01 11:08:23 AM,640.1,142,90894.2,79938707.1
2025-08-01 11:08:24 AM,639.9,0,0.0,79938707.1
2025-08-01 11:08:26 AM,639.9,275,175972.5,80114679.6
2025-08-01 11:08:30 AM,639.75,0,0.0,80114679.6
2025-08-01 11:08:31 AM,639.75,1,639.75,80115319.35
2025-08-01 11:08:33 AM,639.75,1,639.75,80115959.1
2025-08-01 11:08:40 AM,639.55,0,0.0,80115959.1
2025-08-01 11:08:41 AM,639.55,23,14709.65,80130668.75
2025-08-01 11:08:52 AM,640.25,10,6402.5,80137071.25
2025-08-01 11:08:58 AM,639.2,0,0.0,80137071.25
2025-08-01 11:09:00 AM,639.1,301,192369.1,80329440.35
2025-08-01 11:09:01 AM,639.45,0,0.0,80329440.35
2025-08-01 11:09:03 AM,639.45,1,639.45,80330079.8
2025-08-01 11:09:23 AM,639.45,1,639.45,80330719.25
2025-08-01 11:09:28 AM,639.3,45,28768.499999999996,80359487.75
2025-08-01 11:09:31 AM,639.05,0,0.0,80359487.75
2025-08-01 11:09:31 AM,639.05,110,70295.5,80429783.25
2025-08-01 11:10:01 AM,639.6,0,0.0,80429783.25
2025-08-01 11:10:03 AM,639.6,4,2558.4,80432341.65
2025-08-01 11:10:19 AM,639.05,0,0.0,80432341.65
2025-08-01 11:10:19 AM,639.05,2,1278.1,80433619.75
2025-08-01 11:11:03 AM,639.1,0,0.0,80433619.75
2025-08-01 11:11:04 AM,639.1,1,639.1,80434258.85
2025-08-01 11:11:27 AM,639.6,0,0.0,80434258.85
2025-08-01 11:11:31 AM,639.6,296,189321.6,80623580.44999999
2025-08-01 11:11:35 AM,640.45,0,0.0,80623580.44999999
2025-08-01 11:11:36 AM,640.45,25,16011.250000000002,80639591.69999999
2025-08-01 11:12:26 AM,639.95,0,0.0,80639591.69999999
2025-08-01 11:12:30 AM,639.95,1,639.95,80640231.64999999
2025-08-01 11:13:06 AM,639.95,23,14718.85,80654950.49999999
2025-08-01 11:13:22 AM,640.0,0,0.0,80654950.49999999
2025-08-01 11:13:23 AM,640.8,178,114062.4,80769012.89999999
2025-08-01 11:13:26 AM,640.3,0,0.0,80769012.89999999
2025-08-01 11:13:28 AM,640.3,30,19209.0,80788221.89999999
2025-08-01 11:13:45 AM,640.3,236,151110.8,80939332.69999999
2025-08-01 11:13:46 AM,640.3,8,5122.4,80944455.1
2025-08-01 11:14:06 AM,640.3,10,6403.0,80950858.1
2025-08-01 11:14:29 AM,640.3,6,3841.7999999999997,80954699.89999999
2025-08-01 11:14:44 AM,640.3,1,640.3,80955340.19999999
2025-08-01 11:14:46 AM,640.55,0,0.0,80955340.19999999
2025-08-01 11:14:47 AM,641.15,0,0.0,80955340.19999999
2025-08-01 11:14:49 AM,641.15,1642,1052768.3,82008108.49999999
2025-08-01 11:14:55 AM,642.0,2,1284.0,82009392.49999999
2025-08-01 11:15:00 AM,642.0,2,1284.0,82010676.49999999
2025-08-01 11:15:02 AM,641.55,0,0.0,82010676.49999999
2025-08-01 11:15:04 AM,641.5,0,0.0,82010676.49999999
2025-08-01 11:15:06 AM,641.5,36,23094.0,82033770.49999999
2025-08-01 11:15:11 AM,641.5,2,1283.0,82035053.49999999
2025-08-01 11:15:17 AM,641.5,40,25660.0,82060713.49999999
2025-08-01 11:15:18 AM,641.95,0,0.0,82060713.49999999
2025-08-01 11:15:21 AM,641.95,2,1283.9,82061997.39999999
2025-08-01 11:15:27 AM,641.95,2,1283.9,82063281.3
2025-08-01 11:15:28 AM,641.75,0,0.0,82063281.3
2025-08-01 11:15:30 AM,641.95,0,0.0,82063281.3
2025-08-01 11:15:32 AM,641.95,2,1283.9,82064565.2
2025-08-01 11:15:37 AM,641.95,1,641.95,82065207.15
2025-08-01 11:15:42 AM,641.9,0,0.0,82065207.15
2025-08-01 11:15:43 AM,641.95,0,0.0,82065207.15
2025-08-01 11:15:43 AM,641.95,2,1283.9,82066491.05000001
2025-08-01 11:15:46 AM,641.65,0,0.0,82066491.05000001
2025-08-01 11:15:48 AM,641.65,9,5774.849999999999,82072265.9
2025-08-01 11:15:53 AM,641.5,80,51320.0,82123585.9
2025-08-01 11:16:00 AM,642.0,0,0.0,82123585.9
2025-08-01 11:16:03 AM,642.0,2,1284.0,82124869.9
2025-08-01 11:16:08 AM,642.0,1,642.0,82125511.9
2025-08-01 11:16:14 AM,642.45,46,29552.7,82155064.60000001
2025-08-01 11:16:19 AM,642.45,2,1284.9,82156349.50000001
2025-08-01 11:16:22 AM,642.25,0,0.0,82156349.50000001
2025-08-01 11:16:24 AM,642.4,0,0.0,82156349.50000001
2025-08-01 11:16:25 AM,642.4,2,1284.8,82157634.30000001
2025-08-01 11:16:30 AM,642.35,0,0.0,82157634.30000001
2025-08-01 11:16:30 AM,642.35,2,1284.7,82158919.00000001
2025-08-01 11:16:35 AM,642.45,1,642.45,82159561.45000002
2025-08-01 11:16:41 AM,642.0,62,39804.0,82199365.45000002
2025-08-01 11:16:45 AM,642.0,78,50076.0,82249441.45000002
2025-08-01 11:16:46 AM,642.2,0,0.0,82249441.45000002
2025-08-01 11:16:47 AM,642.2,1,642.2,82250083.65000002
2025-08-01 11:16:48 AM,642.35,0,0.0,82250083.65000002
2025-08-01 11:16:50 AM,642.35,1,642.35,82250726.00000001
2025-08-01 11:16:54 AM,642.0,0,0.0,82250726.00000001
2025-08-01 11:16:56 AM,642.0,27,17334.0,82268060.00000001
2025-08-01 11:16:58 AM,642.55,0,0.0,82268060.00000001
2025-08-01 11:16:58 AM,642.55,440,282722.0,82550782.00000001
2025-08-01 11:17:00 AM,642.5,0,0.0,82550782.00000001
2025-08-01 11:17:01 AM,642.5,1,642.5,82551424.50000001
2025-08-01 11:17:06 AM,642.45,0,0.0,82551424.50000001
2025-08-01 11:17:07 AM,642.45,2,1284.9,82552709.40000002
2025-08-01 11:17:10 AM,642.5,0,0.0,82552709.40000002
2025-08-01 11:17:12 AM,642.5,2,1285.0,82553994.40000002
2025-08-01 11:17:14 AM,641.8,26,16686.8,82570681.20000002
2025-08-01 11:17:16 AM,641.7,0,0.0,82570681.20000002
2025-08-01 11:17:17 AM,642.35,2,1284.7,82571965.90000002
2025-08-01 11:17:22 AM,642.45,0,0.0,82571965.90000002
2025-08-01 11:17:22 AM,642.45,2,1284.9,82573250.80000003
2025-08-01 11:17:28 AM,642.4,0,0.0,82573250.80000003
2025-08-01 11:17:28 AM,642.4,1,642.4,82573893.20000003
2025-08-01 11:17:32 AM,641.7,0,0.0,82573893.20000003
2025-08-01 11:17:33 AM,641.7,78,50052.600000000006,82623945.80000003
2025-08-01 11:17:35 AM,642.4,2,1284.8,82625230.60000002
2025-08-01 11:17:40 AM,642.3,0,0.0,82625230.60000002
2025-08-01 11:17:41 AM,642.3,1,642.3,82625872.90000002
2025-08-01 11:17:42 AM,642.4,0,0.0,82625872.90000002
2025-08-01 11:17:44 AM,642.4,1,642.4,82626515.30000003
2025-08-01 11:17:46 AM,642.35,2,1284.7,82627800.00000003
2025-08-01 11:17:55 AM,642.35,2,1284.7,82629084.70000003
2025-08-01 11:18:00 AM,642.35,1,642.35,82629727.05000003
2025-08-01 11:18:07 AM,642.35,2,1284.7,82631011.75000003
2025-08-01 11:18:10 AM,642.3,0,0.0,82631011.75000003
2025-08-01 11:18:11 AM,642.3,2,1284.6,82632296.35000002
2025-08-01 11:18:16 AM,642.15,0,0.0,82632296.35000002
2025-08-01 11:18:16 AM,642.15,2,1284.3,82633580.65000002
2025-08-01 11:18:22 AM,641.55,78,50040.899999999994,82683621.55000003
2025-08-01 11:18:28 AM,642.3,0,0.0,82683621.55000003
2025-08-01 11:18:29 AM,642.3,1,642.3,82684263.85000002
2025-08-01 11:18:34 AM,642.25,0,0.0,82684263.85000002
2025-08-01 11:18:34 AM,641.55,49,31435.949999999997,82715699.80000003
2025-08-01 11:18:40 AM,642.25,2,1284.5,82716984.30000003
2025-08-01 11:18:48 AM,641.75,0,0.0,82716984.30000003
2025-08-01 11:18:50 AM,641.75,7,4492.25,82721476.55000003
2025-08-01 11:18:56 AM,641.75,11,7059.25,82728535.80000003
2025-08-01 11:18:58 AM,642.35,0,0.0,82728535.80000003
2025-08-01 11:19:02 AM,642.35,1,642.35,82729178.15000002
2025-08-01 11:19:08 AM,642.35,2,1284.7,82730462.85000002
2025-08-01 11:19:11 AM,642.3,0,0.0,82730462.85000002
2025-08-01 11:19:12 AM,641.7,0,0.0,82730462.85000002
2025-08-01 11:19:13 AM,641.7,80,51336.0,82781798.85000002
2025-08-01 11:19:16 AM,641.95,0,0.0,82781798.85000002
2025-08-01 11:19:19 AM,641.95,16,10271.2,82792070.05000003
2025-08-01 11:19:23 AM,642.2,0,0.0,82792070.05000003
2025-08-01 11:19:24 AM,642.2,1,642.2,82792712.25000003
2025-08-01 11:19:28 AM,642.35,0,0.0,82792712.25000003
2025-08-01 11:19:30 AM,642.35,2,1284.7,82793996.95000003
2025-08-01 11:19:35 AM,642.35,2,1284.7,82795281.65000004
2025-08-01 11:19:40 AM,642.25,2,1284.5,82796566.15000004
2025-08-01 11:19:44 AM,641.5,0,0.0,82796566.15000004
2025-08-01 11:19:46 AM,642.25,87,55875.75,82852441.90000004
2025-08-01 11:19:57 AM,642.25,1,642.25,82853084.15000004
2025-08-01 11:19:59 AM,642.3,0,0.0,82853084.15000004
2025-08-01 11:20:02 AM,641.65,0,0.0,82853084.15000004
2025-08-01 11:20:02 AM,641.65,82,52615.299999999996,82905699.45000003
2025-08-01 11:20:05 AM,642.35,0,0.0,82905699.45000003
2025-08-01 11:20:07 AM,642.35,2,1284.7,82906984.15000004
2025-08-01 11:20:13 AM,642.35,2,1284.7,82908268.85000004
2025-08-01 11:20:17 AM,642.4,0,0.0,82908268.85000004
2025-08-01 11:20:18 AM,642.4,2,1284.8,82909553.65000004
2025-08-01 11:20:23 AM,642.4,1,642.4,82910196.05000004
2025-08-01 11:20:27 AM,642.5,0,0.0,82910196.05000004
2025-08-01 11:20:29 AM,642.5,3,1927.5,82912123.55000004
2025-08-01 11:20:35 AM,642.55,0,0.0,82912123.55000004
2025-08-01 11:20:36 AM,642.5,0,0.0,82912123.55000004
2025-08-01 11:20:37 AM,642.4,0,0.0,82912123.55000004
2025-08-01 11:20:39 AM,642.4,152,97644.8,83009768.35000004
2025-08-01 11:20:41 AM,642.45,0,0.0,83009768.35000004
2025-08-01 11:20:44 AM,642.45,2,1284.9,83011053.25000004
2025-08-01 11:20:49 AM,642.45,2,1284.9,83012338.15000005
2025-08-01 11:20:52 AM,642.1,0,0.0,83012338.15000005
2025-08-01 11:20:53 AM,642.05,0,0.0,83012338.15000005
2025-08-01 11:20:54 AM,642.05,27,17335.35,83029673.50000004
2025-08-01 11:20:59 AM,642.45,0,0.0,83029673.50000004
2025-08-01 11:20:59 AM,642.45,61,39189.450000000004,83068862.95000005
2025-08-01 11:21:06 AM,641.95,0,0.0,83068862.95000005
2025-08-01 11:21:09 AM,642.45,0,0.0,83068862.95000005
2025-08-01 11:21:10 AM,642.45,135,86730.75,83155593.70000005
2025-08-01 11:21:11 AM,642.55,0,0.0,83155593.70000005
2025-08-01 11:21:15 AM,642.55,2,1285.1,83156878.80000004
2025-08-01 11:21:21 AM,642.5,4,2570.0,83159448.80000004
2025-08-01 11:21:22 AM,642.9,0,0.0,83159448.80000004
2025-08-01 11:21:23 AM,642.95,0,0.0,83159448.80000004
2025-08-01 11:21:26 AM,642.95,1339,860910.05,84020358.85000004
2025-08-01 11:21:29 AM,643.0,0,0.0,84020358.85000004
2025-08-01 11:21:31 AM,643.0,2,1286.0,84021644.85000004
2025-08-01 11:21:35 AM,642.6,0,0.0,84021644.85000004
2025-08-01 11:21:37 AM,642.6,138,88678.8,84110323.65000004
2025-08-01 11:21:41 AM,643.0,0,0.0,84110323.65000004
2025-08-01 11:21:42 AM,642.6,82,52693.200000000004,84163016.85000004
2025-08-01 11:21:47 AM,643.0,0,0.0,84163016.85000004
2025-08-01 11:21:47 AM,643.0,1,643.0,84163659.85000004
2025-08-01 11:21:57 AM,643.0,2,1286.0,84164945.85000004
2025-08-01 11:21:57 AM,642.85,0,0.0,84164945.85000004
2025-08-01 11:21:57 AM,642.85,3,1928.5500000000002,84166874.40000004
2025-08-01 11:22:05 AM,643.0,0,0.0,84166874.40000004
2025-08-01 11:22:07 AM,643.0,2,1286.0,84168160.40000004
2025-08-01 11:22:13 AM,643.0,647,416021.0,84584181.40000004
2025-08-01 11:22:17 AM,643.85,0,0.0,84584181.40000004
2025-08-01 11:22:18 AM,643.85,1,643.85,84584825.25000003
2025-08-01 11:22:23 AM,643.9,0,0.0,84584825.25000003
2025-08-01 11:22:23 AM,643.9,2,1287.8,84586113.05000003
2025-08-01 11:22:29 AM,643.9,2,1287.8,84587400.85000002
2025-08-01 11:22:32 AM,643.5,0,0.0,84587400.85000002
2025-08-01 11:22:34 AM,643.25,0,0.0,84587400.85000002
2025-08-01 11:22:34 AM,643.25,78,50173.5,84637574.35000002
2025-08-01 11:22:41 AM,643.9,0,0.0,84637574.35000002
2025-08-01 11:22:45 AM,643.9,2,1287.8,84638862.15000002
2025-08-01 11:22:50 AM,643.9,1,643.9,84639506.05000003
2025-08-01 11:22:55 AM,643.9,2,1287.8,84640793.85000002
2025-08-01 11:22:57 AM,644.0,0,0.0,84640793.85000002
2025-08-01 11:23:00 AM,644.0,25,16100.0,84656893.85000002
2025-08-01 11:23:02 AM,643.65,0,0.0,84656893.85000002
2025-08-01 11:23:05 AM,643.65,102,65652.3,84722546.15000002
2025-08-01 11:23:11 AM,643.8,2,1287.6,84723833.75000001
2025-08-01 11:23:16 AM,643.75,1,643.75,84724477.50000001
2025-08-01 11:23:22 AM,643.35,2,1286.7,84725764.20000002
2025-08-01 11:23:22 AM,643.1,0,0.0,84725764.20000002
2025-08-01 11:23:23 AM,642.85,0,0.0,84725764.20000002
2025-08-01 11:23:27 AM,642.85,226,145284.1,84871048.30000001
2025-08-01 11:23:29 AM,643.5,0,0.0,84871048.30000001
2025-08-01 11:23:32 AM,643.5,2,1287.0,84872335.30000001
2025-08-01 11:23:35 AM,643.55,0,0.0,84872335.30000001
2025-08-01 11:23:37 AM,643.55,2,1287.1,84873622.4
2025-08-01 11:23:41 AM,643.5,0,0.0,84873622.4
2025-08-01 11:23:42 AM,643.5,2,1287.0,84874909.4
2025-08-01 11:23:46 AM,643.7,0,0.0,84874909.4
2025-08-01 11:23:47 AM,643.7,1,643.7,84875553.10000001
2025-08-01 11:23:50 AM,643.55,0,0.0,84875553.10000001
2025-08-01 11:23:52 AM,643.6,4,2574.4,84878127.50000001
2025-08-01 11:23:57 AM,642.9,55,35359.5,84913487.00000001
2025-08-01 11:24:05 AM,643.55,0,0.0,84913487.00000001
2025-08-01 11:24:07 AM,643.55,2,1287.1,84914774.10000001
2025-08-01 11:24:12 AM,642.9,80,51432.0,84966206.10000001
2025-08-01 11:24:15 AM,643.55,0,0.0,84966206.10000001
2025-08-01 11:24:17 AM,643.55,16,10296.8,84976502.9
2025-08-01 11:24:19 AM,643.65,0,0.0,84976502.9
2025-08-01 11:24:23 AM,643.7,12,7724.400000000001,84984227.30000001
2025-08-01 11:24:28 AM,643.6,2,1287.2,84985514.50000001
2025-08-01 11:24:34 AM,643.6,2,1287.2,84986801.70000002
2025-08-01 11:24:41 AM,643.55,0,0.0,84986801.70000002
2025-08-01 11:24:44 AM,643.55,1,643.55,84987445.25000001
2025-08-01 11:24:47 AM,643.6,0,0.0,84987445.25000001
2025-08-01 11:24:49 AM,643.6,2,1287.2,84988732.45000002
2025-08-01 11:24:53 AM,643.55,0,0.0,84988732.45000002
2025-08-01 11:24:55 AM,643.55,2,1287.1,84990019.55000001
2025-08-01 11:24:58 AM,643.25,0,0.0,84990019.55000001
2025-08-01 11:24:59 AM,643.75,0,0.0,84990019.55000001
2025-08-01 11:25:00 AM,643.75,3,1931.25,84991950.80000001
2025-08-01 11:25:02 AM,642.95,0,0.0,84991950.80000001
2025-08-01 11:25:04 AM,643.7,0,0.0,84991950.80000001
2025-08-01 11:25:06 AM,643.7,80,51496.0,85043446.80000001
2025-08-01 11:25:11 AM,643.65,1,643.65,85044090.45000002
2025-08-01 11:25:16 AM,643.7,2,1287.4,85045377.85000002
2025-08-01 11:25:26 AM,643.7,2,1287.4,85046665.25000003
2025-08-01 11:25:31 AM,643.7,2,1287.4,85047952.65000004
2025-08-01 11:25:36 AM,643.7,2,1287.4,85049240.05000004
2025-08-01 11:25:41 AM,643.65,0,0.0,85049240.05000004
2025-08-01 11:25:42 AM,643.65,1,643.65,85049883.70000005
2025-08-01 11:25:47 AM,643.65,2,1287.3,85051171.00000004
2025-08-01 11:25:52 AM,643.7,0,0.0,85051171.00000004
2025-08-01 11:25:52 AM,643.85,111,71467.35,85122638.35000004
2025-08-01 11:25:59 AM,643.9,0,0.0,85122638.35000004
2025-08-01 11:26:02 AM,643.9,2,1287.8,85123926.15000004
2025-08-01 11:26:03 AM,643.7,119,76600.3,85200526.45000003
2025-08-01 11:26:11 AM,643.9,0,0.0,85200526.45000003
2025-08-01 11:26:13 AM,643.9,1,643.9,85201170.35000004
2025-08-01 11:26:18 AM,643.9,2,1287.8,85202458.15000004
2025-08-01 11:26:23 AM,643.9,2,1287.8,85203745.95000003
2025-08-01 11:26:27 AM,643.85,0,0.0,85203745.95000003
2025-08-01 11:26:28 AM,643.85,3,1931.5500000000002,85205677.50000003
2025-08-01 11:26:38 AM,643.85,1,643.85,85206321.35000002
2025-08-01 11:26:42 AM,643.7,0,0.0,85206321.35000002
2025-08-01 11:26:43 AM,643.7,330,212421.00000000003,85418742.35000002
2025-08-01 11:26:47 AM,643.6,0,0.0,85418742.35000002
2025-08-01 11:26:48 AM,643.6,2,1287.2,85420029.55000003
2025-08-01 11:26:53 AM,643.6,2,1287.2,85421316.75000003
2025-08-01 11:26:58 AM,643.6,1,643.6,85421960.35000002
2025-08-01 11:26:59 AM,643.85,0,0.0,85421960.35000002
2025-08-01 11:27:00 AM,643.85,1,643.85,85422604.20000002
2025-08-01 11:27:05 AM,643.8,1,643.8,85423248.00000001
2025-08-01 11:27:13 AM,643.8,2,1287.6,85424535.60000001
2025-08-01 11:27:19 AM,643.8,2,1287.6,85425823.2
2025-08-01 11:27:24 AM,643.8,2,1287.6,85427110.8
2025-08-01 11:27:31 AM,643.8,2,1287.6,85428398.39999999
2025-08-01 11:27:32 AM,643.55,0,0.0,85428398.39999999
2025-08-01 11:27:33 AM,643.1,0,0.0,85428398.39999999
2025-08-01 11:27:34 AM,643.1,81,52091.1,85480489.49999999
2025-08-01 11:27:41 AM,643.8,0,0.0,85480489.49999999
2025-08-01 11:27:44 AM,643.8,2,1287.6,85481777.09999998
2025-08-01 11:27:50 AM,643.8,2,1287.6,85483064.69999997
2025-08-01 11:27:55 AM,643.8,2,1287.6,85484352.29999997
2025-08-01 11:28:00 AM,643.8,2,1287.6,85485639.89999996
2025-08-01 11:28:05 AM,643.8,1,643.8,85486283.69999996
2025-08-01 11:28:12 AM,643.8,2,1287.6,85487571.29999995
2025-08-01 11:28:17 AM,643.8,2,1287.6,85488858.89999995
2025-08-01 11:28:22 AM,643.65,0,0.0,85488858.89999995
2025-08-01 11:28:23 AM,643.6,93,59854.8,85548713.69999994
2025-08-01 11:28:29 AM,643.75,0,0.0,85548713.69999994
2025-08-01 11:28:31 AM,643.75,2,1287.5,85550001.19999994
2025-08-01 11:28:35 AM,643.8,0,0.0,85550001.19999994
2025-08-01 11:28:36 AM,643.8,1,643.8,85550644.99999994
2025-08-01 11:28:41 AM,643.85,0,0.0,85550644.99999994
2025-08-01 11:28:41 AM,643.85,2,1287.7,85551932.69999994
2025-08-01 11:28:46 AM,643.85,2,1287.7,85553220.39999995
2025-08-01 11:28:51 AM,643.75,0,0.0,85553220.39999995
2025-08-01 11:28:51 AM,643.75,2,1287.5,85554507.89999995
2025-08-01 11:28:58 AM,643.8,1,643.8,85555151.69999994
2025-08-01 11:29:05 AM,643.85,0,0.0,85555151.69999994
2025-08-01 11:29:06 AM,643.85,2,1287.7,85556439.39999995
2025-08-01 11:29:11 AM,643.9,0,0.0,85556439.39999995
2025-08-01 11:29:11 AM,643.9,2,1287.8,85557727.19999994
2025-08-01 11:29:13 AM,643.55,0,0.0,85557727.19999994
2025-08-01 11:29:14 AM,643.55,11,7079.049999999999,85564806.24999994
2025-08-01 11:29:15 AM,643.4,0,0.0,85564806.24999994
2025-08-01 11:29:17 AM,643.4,20,12868.0,85577674.24999994
2025-08-01 11:29:23 AM,643.55,0,0.0,85577674.24999994
2025-08-01 11:29:26 AM,643.55,2,1287.1,85578961.34999993
2025-08-01 11:29:31 AM,643.55,1,643.55,85579604.89999993
2025-08-01 11:29:35 AM,643.55,2,1287.1,85580891.99999993
2025-08-01 11:29:43 AM,643.55,2,1287.1,85582179.09999992
2025-08-01 11:29:46 AM,643.55,2,1287.1,85583466.19999991
2025-08-01 11:29:54 AM,643.55,2,1287.1,85584753.29999991
2025-08-01 11:30:01 AM,643.55,1,643.55,85585396.8499999
2025-08-01 11:30:02 AM,643.25,0,0.0,85585396.8499999
2025-08-01 11:30:04 AM,643.25,78,50173.5,85635570.3499999
2025-08-01 11:30:06 AM,643.25,12,7719.0,85643289.3499999
2025-08-01 11:30:10 AM,643.5,0,0.0,85643289.3499999
2025-08-01 11:30:12 AM,643.5,2,1287.0,85644576.3499999
2025-08-01 11:30:17 AM,643.5,2,1287.0,85645863.3499999
2025-08-01 11:30:25 AM,643.5,2,1287.0,85647150.3499999
2025-08-01 11:30:30 AM,643.5,1,643.5,85647793.8499999
2025-08-01 11:30:35 AM,643.55,22,14158.099999999999,85661951.9499999
2025-08-01 11:30:40 AM,643.5,0,0.0,85661951.9499999
2025-08-01 11:30:42 AM,643.5,2,1287.0,85663238.9499999
2025-08-01 11:30:47 AM,643.5,2,1287.0,85664525.9499999
2025-08-01 11:30:52 AM,643.25,21,13508.25,85678034.1999999
2025-08-01 11:30:52 AM,642.95,0,0.0,85678034.1999999
2025-08-01 11:30:54 AM,642.95,9,5786.55,85683820.7499999
2025-08-01 11:30:59 AM,642.95,1,642.95,85684463.6999999
2025-08-01 11:31:08 AM,642.95,2,1285.9,85685749.5999999
2025-08-01 11:31:13 AM,642.95,2,1285.9,85687035.49999991
2025-08-01 11:31:18 AM,642.95,2,1285.9,85688321.39999992
2025-08-01 11:31:24 AM,643.2,0,0.0,85688321.39999992
2025-08-01 11:31:25 AM,643.2,59,37948.8,85726270.19999991
2025-08-01 11:31:28 AM,643.5,0,0.0,85726270.19999991
2025-08-01 11:31:29 AM,643.5,2,1287.0,85727557.19999991
2025-08-01 11:31:35 AM,643.5,2,1287.0,85728844.19999991
2025-08-01 11:31:40 AM,643.5,2,1287.0,85730131.19999991
2025-08-01 11:31:42 AM,642.85,0,0.0,85730131.19999991
2025-08-01 11:31:43 AM,642.6,0,0.0,85730131.19999991
2025-08-01 11:31:44 AM,642.6,78,50122.8,85780253.99999991
2025-08-01 11:31:46 AM,643.35,0,0.0,85780253.99999991
2025-08-01 11:31:48 AM,643.35,2,1286.7,85781540.69999991
2025-08-01 11:31:52 AM,643.5,0,0.0,85781540.69999991
2025-08-01 11:31:53 AM,643.5,1,643.5,85782184.19999991
2025-08-01 11:32:00 AM,643.55,2,1287.1,85783471.29999991
2025-08-01 11:32:06 AM,643.55,2,1287.1,85784758.3999999
2025-08-01 11:32:11 AM,643.55,2,1287.1,85786045.4999999
2025-08-01 11:32:16 AM,643.5,0,0.0,85786045.4999999
2025-08-01 11:32:17 AM,643.5,2,1287.0,85787332.4999999
2025-08-01 11:32:25 AM,643.5,1,643.5,85787975.9999999
2025-08-01 11:32:30 AM,643.55,0,0.0,85787975.9999999
2025-08-01 11:32:30 AM,643.55,2,1287.1,85789263.09999989
2025-08-01 11:32:32 AM,643.05,78,50157.899999999994,85839420.9999999
2025-08-01 11:32:35 AM,643.55,2,1287.1,85840708.09999989
2025-08-01 11:32:41 AM,643.5,0,0.0,85840708.09999989
2025-08-01 11:32:42 AM,643.5,2,1287.0,85841995.09999989
2025-08-01 11:32:47 AM,643.5,2,1287.0,85843282.09999989
2025-08-01 11:32:56 AM,643.5,2,1287.0,85844569.09999989
2025-08-01 11:33:02 AM,643.5,2,1287.0,85845856.09999989
2025-08-01 11:33:02 AM,643.2,0,0.0,85845856.09999989
2025-08-01 11:33:03 AM,643.2,2,1286.4,85847142.4999999
2025-08-01 11:33:12 AM,643.2,2,1286.4,85848428.8999999
2025-08-01 11:33:17 AM,643.2,2,1286.4,85849715.29999991
2025-08-01 11:33:22 AM,643.05,0,0.0,85849715.29999991
2025-08-01 11:33:22 AM,643.05,80,51444.0,85901159.29999991
2025-08-01 11:33:24 AM,643.2,0,0.0,85901159.29999991
2025-08-01 11:33:27 AM,643.2,44,28300.800000000003,85929460.0999999
2025-08-01 11:33:30 AM,643.5,0,0.0,85929460.0999999
2025-08-01 11:33:32 AM,643.5,2,1287.0,85930747.0999999
2025-08-01 11:33:37 AM,643.5,4,2574.0,85933321.0999999
2025-08-01 11:33:42 AM,643.5,2,1287.0,85934608.0999999
2025-08-01 11:33:48 AM,643.5,1,643.5,85935251.5999999
2025-08-01 11:33:53 AM,643.5,2,1287.0,85936538.5999999
2025-08-01 11:33:58 AM,643.45,502,323011.9,86259550.49999991
2025-08-01 11:34:04 AM,643.5,0,0.0,86259550.49999991
2025-08-01 11:34:08 AM,643.5,2,1287.0,86260837.49999991
2025-08-01 11:34:09 AM,643.2,0,0.0,86260837.49999991
2025-08-01 11:34:13 AM,643.2,97,62390.4,86323227.89999992
2025-08-01 11:34:16 AM,643.5,0,0.0,86323227.89999992
2025-08-01 11:34:18 AM,643.5,1,643.5,86323871.39999992
2025-08-01 11:34:23 AM,643.5,2,1287.0,86325158.39999992
2025-08-01 11:34:30 AM,643.55,0,0.0,86325158.39999992
2025-08-01 11:34:33 AM,643.2,22,14150.400000000001,86339308.79999992
2025-08-01 11:34:39 AM,643.2,42,27014.4,86366323.19999993
2025-08-01 11:34:46 AM,643.4,0,0.0,86366323.19999993
2025-08-01 11:34:49 AM,643.4,1,643.4,86366966.59999993
2025-08-01 11:34:55 AM,643.4,2,1286.8,86368253.39999993
2025-08-01 11:34:58 AM,643.5,0,0.0,86368253.39999993
2025-08-01 11:35:00 AM,643.5,2,1287.0,86369540.39999993
2025-08-01 11:35:02 AM,643.2,0,0.0,86369540.39999993
2025-08-01 11:35:04 AM,643.4,0,0.0,86369540.39999993
2025-08-01 11:35:05 AM,643.4,80,51472.0,86421012.39999993
2025-08-01 11:35:10 AM,643.5,0,0.0,86421012.39999993
2025-08-01 11:35:10 AM,643.5,2,1287.0,86422299.39999993
2025-08-01 11:35:21 AM,643.5,11,7078.5,86429377.89999993
2025-08-01 11:35:24 AM,643.55,0,0.0,86429377.89999993
2025-08-01 11:35:27 AM,643.55,2,1287.1,86430664.99999993
2025-08-01 11:35:32 AM,643.55,2,1287.1,86431952.09999992
2025-08-01 11:35:37 AM,643.55,2,1287.1,86433239.19999991
2025-08-01 11:35:42 AM,643.55,2,1287.1,86434526.29999991
2025-08-01 11:35:48 AM,643.55,1,643.55,86435169.8499999
2025-08-01 11:35:52 AM,643.2,0,0.0,86435169.8499999
2025-08-01 11:35:53 AM,643.2,78,50169.600000000006,86485339.4499999
2025-08-01 11:36:00 AM,643.3,0,0.0,86485339.4499999
2025-08-01 11:36:03 AM,643.55,2,1287.1,86486626.5499999
2025-08-01 11:36:08 AM,643.55,2,1287.1,86487913.64999989
2025-08-01 11:36:13 AM,643.55,1,643.55,86488557.19999988
2025-08-01 11:36:18 AM,643.55,2,1287.1,86489844.29999988
2025-08-01 11:36:23 AM,643.55,2,1287.1,86491131.39999987
2025-08-01 11:36:28 AM,643.7,2,1287.4,86492418.79999988
2025-08-01 11:36:35 AM,643.6,0,0.0,86492418.79999988
2025-08-01 11:36:39 AM,643.6,2,1287.2,86493705.99999988
2025-08-01 11:36:41 AM,643.55,0,0.0,86493705.99999988
2025-08-01 11:36:42 AM,643.2,0,0.0,86493705.99999988
2025-08-01 11:36:44 AM,643.2,79,50812.8,86544518.79999988
2025-08-01 11:36:48 AM,643.55,0,0.0,86544518.79999988
2025-08-01 11:36:50 AM,643.55,2,1287.1,86545805.89999987
2025-08-01 11:36:55 AM,643.6,2,1287.2,86547093.09999987
2025-08-01 11:37:00 AM,643.6,2,1287.2,86548380.29999988
2025-08-01 11:37:05 AM,643.5,2,1287.0,86549667.29999988
2025-08-01 11:37:16 AM,643.5,1,643.5,86550310.79999988
2025-08-01 11:37:21 AM,643.5,2,1287.0,86551597.79999988
2025-08-01 11:37:27 AM,643.5,2,1287.0,86552884.79999988
2025-08-01 11:37:32 AM,643.4,80,51472.0,86604356.79999988
2025-08-01 11:37:36 AM,643.5,0,0.0,86604356.79999988
2025-08-01 11:37:37 AM,643.5,4,2574.0,86606930.79999988
2025-08-01 11:37:42 AM,643.5,1,643.5,86607574.29999988
2025-08-01 11:37:47 AM,643.5,2,1287.0,86608861.29999988
2025-08-01 11:37:49 AM,643.65,0,0.0,86608861.29999988
2025-08-01 11:37:53 AM,643.8,12,7725.599999999999,86616586.89999987
2025-08-01 11:38:02 AM,643.7,3,1931.1000000000001,86618517.99999987
2025-08-01 11:38:05 AM,643.85,0,0.0,86618517.99999987
2025-08-01 11:38:07 AM,643.85,1,643.85,86619161.84999986
2025-08-01 11:38:08 AM,643.7,114,73381.8,86692543.64999986
2025-08-01 11:38:11 AM,643.55,0,0.0,86692543.64999986
2025-08-01 11:38:12 AM,643.55,1,643.55,86693187.19999985
2025-08-01 11:38:17 AM,643.75,2,1287.5,86694474.69999985
2025-08-01 11:38:22 AM,643.25,0,0.0,86694474.69999985
2025-08-01 11:38:22 AM,643.25,80,51460.0,86745934.69999985
2025-08-01 11:38:28 AM,643.6,1,643.6,86746578.29999985
2025-08-01 11:38:30 AM,643.75,0,0.0,86746578.29999985
2025-08-01 11:38:33 AM,643.75,1,643.75,86747222.04999985
2025-08-01 11:38:37 AM,643.8,0,0.0,86747222.04999985
2025-08-01 11:38:38 AM,643.8,1,643.8,86747865.84999985
2025-08-01 11:38:41 AM,643.6,0,0.0,86747865.84999985
2025-08-01 11:38:42 AM,643.65,0,0.0,86747865.84999985
2025-08-01 11:38:43 AM,643.65,2,1287.3,86749153.14999984
2025-08-01 11:38:48 AM,643.65,2,1287.3,86750440.44999984
2025-08-01 11:38:53 AM,643.6,0,0.0,86750440.44999984
2025-08-01 11:38:53 AM,643.6,2,1287.2,86751727.64999984
2025-08-01 11:38:58 AM,643.95,250,160987.5,86912715.14999984
2025-08-01 11:38:59 AM,643.85,0,0.0,86912715.14999984
2025-08-01 11:38:59 AM,643.85,2,1287.7,86914002.84999985
2025-08-01 11:39:06 AM,643.7,0,0.0,86914002.84999985
2025-08-01 11:39:08 AM,643.7,1,643.7,86914646.54999985
2025-08-01 11:39:11 AM,643.85,0,0.0,86914646.54999985
2025-08-01 11:39:12 AM,643.6,0,0.0,86914646.54999985
2025-08-01 11:39:13 AM,643.8,83,53435.399999999994,86968081.94999985
2025-08-01 11:39:17 AM,643.7,0,0.0,86968081.94999985
2025-08-01 11:39:18 AM,643.7,2,1287.4,86969369.34999986
2025-08-01 11:39:23 AM,643.7,2,1287.4,86970656.74999987
2025-08-01 11:39:29 AM,643.7,2,1287.4,86971944.14999987
2025-08-01 11:39:34 AM,643.45,0,0.0,86971944.14999987
2025-08-01 11:39:34 AM,643.45,1,643.45,86972587.59999987
2025-08-01 11:39:37 AM,643.2,0,0.0,86972587.59999987
2025-08-01 11:39:39 AM,643.15,657,422549.55,87395137.14999987
2025-08-01 11:39:42 AM,643.4,0,0.0,87395137.14999987
2025-08-01 11:39:45 AM,643.4,2,1286.8,87396423.94999987
2025-08-01 11:39:46 AM,643.5,2,1287.0,87397710.94999987
2025-08-01 11:39:54 AM,643.6,0,0.0,87397710.94999987
2025-08-01 11:39:55 AM,643.6,2,1287.2,87398998.14999987
2025-08-01 11:40:00 AM,643.65,0,0.0,87398998.14999987
2025-08-01 11:40:00 AM,643.65,2,1287.3,87400285.44999987
2025-08-01 11:40:01 AM,642.9,78,50146.2,87450431.64999987
2025-08-01 11:40:05 AM,643.65,1,643.65,87451075.29999988
2025-08-01 11:40:10 AM,643.65,2,1287.3,87452362.59999987
2025-08-01 11:40:17 AM,643.6,2,1287.2,87453649.79999988
2025-08-01 11:40:22 AM,643.35,0,0.0,87453649.79999988
2025-08-01 11:40:22 AM,643.35,1,643.35,87454293.14999987
2025-08-01 11:40:24 AM,643.55,0,0.0,87454293.14999987
2025-08-01 11:40:26 AM,643.55,2,1287.1,87455580.24999987
2025-08-01 11:40:29 AM,643.6,0,0.0,87455580.24999987
2025-08-01 11:40:31 AM,643.6,2,1287.2,87456867.44999987
2025-08-01 11:40:35 AM,643.5,0,0.0,87456867.44999987
2025-08-01 11:40:36 AM,643.5,1,643.5,87457510.94999987
2025-08-01 11:40:41 AM,643.55,0,0.0,87457510.94999987
2025-08-01 11:40:41 AM,643.55,2,1287.1,87458798.04999986
2025-08-01 11:40:47 AM,643.35,0,0.0,87458798.04999986
2025-08-01 11:40:47 AM,643.35,2,1286.7,87460084.74999987
2025-08-01 11:40:52 AM,642.7,78,50130.600000000006,87510215.34999986
2025-08-01 11:41:01 AM,643.35,1,643.35,87510858.69999985
2025-08-01 11:41:06 AM,643.2,0,0.0,87510858.69999985
2025-08-01 11:41:07 AM,643.2,7,4502.400000000001,87515361.09999986
2025-08-01 11:41:12 AM,643.3,2,1286.6,87516647.69999985
2025-08-01 11:41:17 AM,643.3,2,1286.6,87517934.29999985
2025-08-01 11:41:22 AM,643.0,2,1286.0,87519220.29999985
2025-08-01 11:41:24 AM,643.35,0,0.0,87519220.29999985
2025-08-01 11:41:27 AM,643.35,1,643.35,87519863.64999984
2025-08-01 11:41:30 AM,643.3,0,0.0,87519863.64999984
2025-08-01 11:41:31 AM,643.3,1,643.3,87520506.94999984
2025-08-01 11:41:36 AM,643.35,0,0.0,87520506.94999984
2025-08-01 11:41:36 AM,643.35,2,1286.7,87521793.64999984
2025-08-01 11:41:42 AM,642.55,80,51404.0,87573197.64999984
2025-08-01 11:41:46 AM,643.1,2,1286.2,87574483.84999985
2025-08-01 11:41:52 AM,642.55,0,0.0,87574483.84999985
2025-08-01 11:41:52 AM,642.55,59,37910.45,87612394.29999985
2025-08-01 11:42:00 AM,642.9,0,0.0,87612394.29999985
2025-08-01 11:42:02 AM,642.9,1,642.9,87613037.19999985
2025-08-01 11:42:07 AM,642.9,2,1285.8,87614322.99999985
2025-08-01 11:42:12 AM,642.9,2,1285.8,87615608.79999985
2025-08-01 11:42:17 AM,642.9,2,1285.8,87616894.59999985
2025-08-01 11:42:20 AM,642.65,0,0.0,87616894.59999985
2025-08-01 11:42:22 AM,642.65,9,5783.849999999999,87622678.44999984
2025-08-01 11:42:24 AM,642.9,0,0.0,87622678.44999984
2025-08-01 11:42:26 AM,642.55,0,0.0,87622678.44999984
2025-08-01 11:42:27 AM,642.55,152,97667.59999999999,87720346.04999983
2025-08-01 11:42:33 AM,642.6,80,51408.0,87771754.04999983
2025-08-01 11:42:35 AM,642.55,0,0.0,87771754.04999983
2025-08-01 11:42:38 AM,642.55,90,57829.49999999999,87829583.54999983
2025-08-01 11:42:41 AM,643.15,0,0.0,87829583.54999983
2025-08-01 11:42:44 AM,643.15,2,1286.3,87830869.84999983
2025-08-01 11:42:49 AM,643.15,2,1286.3,87832156.14999983
2025-08-01 11:42:54 AM,643.15,2,1286.3,87833442.44999982
2025-08-01 11:42:59 AM,643.25,1,643.25,87834085.69999982
2025-08-01 11:43:05 AM,643.25,2,1286.5,87835372.19999982
2025-08-01 11:43:11 AM,642.9,5,3214.5,87838586.69999982
2025-08-01 11:43:17 AM,643.15,2,1286.3,87839872.99999982
2025-08-01 11:43:22 AM,642.65,39,25063.35,87864936.34999982
2025-08-01 11:43:22 AM,642.55,0,0.0,87864936.34999982
2025-08-01 11:43:26 AM,642.55,39,25059.449999999997,87889995.79999982
2025-08-01 11:43:28 AM,642.85,0,0.0,87889995.79999982
2025-08-01 11:43:31 AM,642.85,52,33428.200000000004,87923423.99999982
2025-08-01 11:43:34 AM,642.8,0,0.0,87923423.99999982
2025-08-01 11:43:37 AM,642.8,2,1285.6,87924709.59999982
2025-08-01 11:43:40 AM,642.75,0,0.0,87924709.59999982
2025-08-01 11:43:42 AM,642.75,2,1285.5,87925995.09999982
2025-08-01 11:43:47 AM,642.75,2,1285.5,87927280.59999982
2025-08-01 11:43:52 AM,642.55,0,0.0,87927280.59999982
2025-08-01 11:43:52 AM,642.55,263,168990.65,88096271.24999982
2025-08-01 11:44:00 AM,642.5,0,0.0,88096271.24999982
2025-08-01 11:44:03 AM,642.5,2,1285.0,88097556.24999982
2025-08-01 11:44:06 AM,642.55,0,0.0,88097556.24999982
2025-08-01 11:44:08 AM,642.55,52,33412.6,88130968.84999982
2025-08-01 11:44:10 AM,642.25,0,0.0,88130968.84999982
2025-08-01 11:44:15 AM,642.15,131,84121.65,88215090.49999982
2025-08-01 11:44:19 AM,641.35,0,0.0,88215090.49999982
2025-08-01 11:44:21 AM,641.35,59,37839.65,88252930.14999983
2025-08-01 11:44:23 AM,641.45,0,0.0,88252930.14999983
2025-08-01 11:44:26 AM,641.45,10,6414.5,88259344.64999983
2025-08-01 11:44:31 AM,642.2,0,0.0,88259344.64999983
2025-08-01 11:44:32 AM,642.2,3,1926.6000000000001,88261271.24999982
2025-08-01 11:44:38 AM,642.2,3,1926.6000000000001,88263197.84999982
2025-08-01 11:44:43 AM,642.2,2,1284.4,88264482.24999982
2025-08-01 11:44:49 AM,642.2,2,1284.4,88265766.64999983
2025-08-01 11:44:54 AM,642.15,1,642.15,88266408.79999983
2025-08-01 11:44:59 AM,642.15,2,1284.3,88267693.09999983
2025-08-01 11:45:04 AM,641.75,0,0.0,88267693.09999983
2025-08-01 11:45:04 AM,642.3,82,52668.6,88320361.69999982
2025-08-01 11:45:11 AM,642.4,0,0.0,88320361.69999982
2025-08-01 11:45:15 AM,642.4,2,1284.8,88321646.49999982
2025-08-01 11:45:21 AM,642.4,2,1284.8,88322931.29999982
2025-08-01 11:45:23 AM,642.35,0,0.0,88322931.29999982
2025-08-01 11:45:26 AM,642.35,1,642.35,88323573.64999981
2025-08-01 11:45:28 AM,642.4,0,0.0,88323573.64999981
2025-08-01 11:45:29 AM,642.35,0,0.0,88323573.64999981
2025-08-01 11:45:31 AM,642.35,4,2569.4,88326143.04999982
2025-08-01 11:45:37 AM,642.35,2,1284.7,88327427.74999982
2025-08-01 11:45:38 AM,642.5,0,0.0,88327427.74999982
2025-08-01 11:45:41 AM,642.7,0,0.0,88327427.74999982
2025-08-01 11:45:42 AM,642.7,82,52701.4,88380129.14999983
2025-08-01 11:45:46 AM,642.6,0,0.0,88380129.14999983
2025-08-01 11:45:47 AM,642.6,1,642.6,88380771.74999982
2025-08-01 11:45:52 AM,642.35,0,0.0,88380771.74999982
2025-08-01 11:45:52 AM,642.35,78,50103.3,88430875.04999982
2025-08-01 11:45:59 AM,642.8,2,1285.6,88432160.64999981
2025-08-01 11:46:02 AM,642.5,0,0.0,88432160.64999981
2025-08-01 11:46:03 AM,642.6,83,53335.8,88485496.44999981
2025-08-01 11:46:11 AM,642.7,0,0.0,88485496.44999981
2025-08-01 11:46:14 AM,642.7,2,1285.4,88486781.84999982
2025-08-01 11:46:17 AM,642.8,0,0.0,88486781.84999982
2025-08-01 11:46:19 AM,642.8,1,642.8,88487424.64999981
2025-08-01 11:46:24 AM,642.15,0,0.0,88487424.64999981
2025-08-01 11:46:24 AM,642.15,15,9632.25,88497056.89999981
2025-08-01 11:46:29 AM,642.7,0,0.0,88497056.89999981
2025-08-01 11:46:30 AM,642.7,2,1285.4,88498342.29999982
2025-08-01 11:46:35 AM,642.85,0,0.0,88498342.29999982
2025-08-01 11:46:35 AM,642.85,2,1285.7,88499627.99999982
2025-08-01 11:46:40 AM,642.9,2,1285.8,88500913.79999982
2025-08-01 11:46:42 AM,642.15,0,0.0,88500913.79999982
2025-08-01 11:46:43 AM,641.9,0,0.0,88500913.79999982
2025-08-01 11:46:46 AM,641.9,78,50068.2,88550981.99999982
2025-08-01 11:46:46 AM,642.7,1,642.7,88551624.69999982
2025-08-01 11:46:53 AM,642.85,0,0.0,88551624.69999982
2025-08-01 11:46:57 AM,642.85,2,1285.7,88552910.39999983
2025-08-01 11:46:59 AM,643.0,0,0.0,88552910.39999983
2025-08-01 11:47:02 AM,643.0,2,1286.0,88554196.39999983
2025-08-01 11:47:07 AM,643.0,2,1286.0,88555482.39999983
2025-08-01 11:47:10 AM,642.85,0,0.0,88555482.39999983
2025-08-01 11:47:12 AM,642.85,2,1285.7,88556768.09999983
2025-08-01 11:47:14 AM,643.0,0,0.0,88556768.09999983
2025-08-01 11:47:16 AM,642.8,0,0.0,88556768.09999983
2025-08-01 11:47:17 AM,642.8,3,1928.3999999999999,88558696.49999984
2025-08-01 11:47:22 AM,642.8,2,1285.6,88559982.09999983
2025-08-01 11:47:28 AM,642.8,2,1285.6,88561267.69999982
2025-08-01 11:47:32 AM,642.15,17,10916.55,88572184.24999982
2025-08-01 11:47:32 AM,641.85,0,0.0,88572184.24999982
2025-08-01 11:47:33 AM,641.85,61,39152.85,88611337.09999982
2025-08-01 11:47:42 AM,642.15,2,1284.3,88612621.39999981
2025-08-01 11:47:48 AM,642.15,1,642.15,88613263.54999982
2025-08-01 11:47:53 AM,642.5,2,1285.0,88614548.54999982
2025-08-01 11:47:57 AM,641.7,0,0.0,88614548.54999982
2025-08-01 11:47:58 AM,641.7,20,12834.0,88627382.54999982
2025-08-01 11:48:06 AM,642.6,0,0.0,88627382.54999982
2025-08-01 11:48:08 AM,642.6,2,1285.2,88628667.74999982
2025-08-01 11:48:13 AM,642.55,0,0.0,88628667.74999982
2025-08-01 11:48:13 AM,642.55,2,1285.1,88629952.84999982
2025-08-01 11:48:17 AM,642.5,0,0.0,88629952.84999982
2025-08-01 11:48:18 AM,642.5,4,2570.0,88632522.84999982
2025-08-01 11:48:22 AM,641.4,0,0.0,88632522.84999982
2025-08-01 11:48:23 AM,641.4,78,50029.2,88682552.04999982
2025-08-01 11:48:29 AM,642.35,0,0.0,88682552.04999982
2025-08-01 11:48:33 AM,642.35,2,1284.7,88683836.74999982
2025-08-01 11:48:35 AM,642.4,0,0.0,88683836.74999982
2025-08-01 11:48:38 AM,642.4,2,1284.8,88685121.54999982
2025-08-01 11:48:43 AM,642.4,1,642.4,88685763.94999982
2025-08-01 11:48:49 AM,642.4,72,46252.799999999996,88732016.74999982
2025-08-01 11:48:53 AM,642.35,0,0.0,88732016.74999982
2025-08-01 11:48:53 AM,642.35,2,1284.7,88733301.44999982
2025-08-01 11:48:58 AM,642.25,2,1284.5,88734585.94999982
2025-08-01 11:49:00 AM,642.2,0,0.0,88734585.94999982
2025-08-01 11:49:03 AM,642.2,15,9633.0,88744218.94999982
2025-08-01 11:49:05 AM,642.25,0,0.0,88744218.94999982
2025-08-01 11:49:09 AM,642.25,2,1284.5,88745503.44999982
2025-08-01 11:49:11 AM,642.2,0,0.0,88745503.44999982
2025-08-01 11:49:12 AM,641.65,0,0.0,88745503.44999982
2025-08-01 11:49:14 AM,641.65,104,66731.59999999999,88812235.04999982
2025-08-01 11:49:17 AM,642.35,0,0.0,88812235.04999982
2025-08-01 11:49:19 AM,642.35,2,1284.7,88813519.74999982
2025-08-01 11:49:23 AM,642.5,0,0.0,88813519.74999982
2025-08-01 11:49:25 AM,642.5,2,1285.0,88814804.74999982
2025-08-01 11:49:28 AM,642.35,0,0.0,88814804.74999982
2025-08-01 11:49:30 AM,642.35,2,1284.7,88816089.44999982
2025-08-01 11:49:34 AM,642.3,0,0.0,88816089.44999982
2025-08-01 11:49:35 AM,642.3,2,1284.6,88817374.04999982
2025-08-01 11:49:38 AM,643.0,0,0.0,88817374.04999982
2025-08-01 11:49:40 AM,642.6,0,0.0,88817374.04999982
2025-08-01 11:49:40 AM,642.6,501,321942.60000000003,89139316.64999981
2025-08-01 11:49:46 AM,642.6,2,1285.2,89140601.84999982
2025-08-01 11:49:52 AM,642.5,0,0.0,89140601.84999982
2025-08-01 11:49:54 AM,643.35,0,0.0,89140601.84999982
2025-08-01 11:49:56 AM,643.35,502,322961.7,89463563.54999982
2025-08-01 11:49:58 AM,642.85,0,0.0,89463563.54999982
2025-08-01 11:50:01 AM,642.85,16,10285.6,89473849.14999981
2025-08-01 11:50:01 AM,642.4,78,50107.2,89523956.34999982
2025-08-01 11:50:04 AM,642.85,0,0.0,89523956.34999982
2025-08-01 11:50:06 AM,642.85,16,10285.6,89534241.94999981
2025-08-01 11:50:10 AM,642.35,0,0.0,89534241.94999981
2025-08-01 11:50:11 AM,642.35,1,642.35,89534884.2999998
2025-08-01 11:50:17 AM,642.55,2,1285.1,89536169.3999998
2025-08-01 11:50:27 AM,642.55,2,1285.1,89537454.49999979
2025-08-01 11:50:32 AM,642.55,2,1285.1,89538739.59999979
2025-08-01 11:50:37 AM,642.55,1,642.55,89539382.14999978
2025-08-01 11:50:41 AM,642.5,0,0.0,89539382.14999978
2025-08-01 11:50:42 AM,642.5,2,1285.0,89540667.14999978
2025-08-01 11:50:47 AM,642.55,0,0.0,89540667.14999978
2025-08-01 11:50:47 AM,642.55,2,1285.1,89541952.24999978
2025-08-01 11:50:52 AM,642.15,3,1926.4499999999998,89543878.69999978
2025-08-01 11:50:52 AM,641.75,0,0.0,89543878.69999978
2025-08-01 11:50:57 AM,641.75,77,49414.75,89593293.44999978
2025-08-01 11:50:59 AM,642.55,0,0.0,89593293.44999978
2025-08-01 11:51:01 AM,642.55,2,1285.1,89594578.54999977
2025-08-01 11:51:06 AM,642.55,1,642.55,89595221.09999977
2025-08-01 11:51:12 AM,642.55,2,1285.1,89596506.19999976
2025-08-01 11:51:16 AM,642.55,2,1285.1,89597791.29999976
2025-08-01 11:51:26 AM,642.55,2,1285.1,89599076.39999975
2025-08-01 11:51:31 AM,642.55,2,1285.1,89600361.49999975
2025-08-01 11:51:36 AM,642.55,1,642.55,89601004.04999974
2025-08-01 11:51:41 AM,642.55,2,1285.1,89602289.14999974
2025-08-01 11:51:41 AM,641.95,78,50072.100000000006,89652361.24999973
2025-08-01 11:51:47 AM,642.55,0,0.0,89652361.24999973
2025-08-01 11:51:51 AM,642.55,2,1285.1,89653646.34999973
2025-08-01 11:51:56 AM,642.55,2,1285.1,89654931.44999972
2025-08-01 11:52:01 AM,642.55,2,1285.1,89656216.54999971
2025-08-01 11:52:05 AM,642.45,0,0.0,89656216.54999971
2025-08-01 11:52:06 AM,642.45,1,642.45,89656858.99999972
2025-08-01 11:52:11 AM,642.45,2,1284.9,89658143.89999972
2025-08-01 11:52:17 AM,642.5,0,0.0,89658143.89999972
2025-08-01 11:52:17 AM,642.5,2,1285.0,89659428.89999972
2025-08-01 11:52:23 AM,642.45,0,0.0,89659428.89999972
2025-08-01 11:52:26 AM,642.45,2,1284.9,89660713.79999973
2025-08-01 11:52:29 AM,642.4,0,0.0,89660713.79999973
2025-08-01 11:52:31 AM,642.4,2,1284.8,89661998.59999973
2025-08-01 11:52:32 AM,641.8,0,0.0,89661998.59999973
2025-08-01 11:52:32 AM,641.8,78,50060.399999999994,89712058.99999973
2025-08-01 11:52:35 AM,642.45,0,0.0,89712058.99999973
2025-08-01 11:52:36 AM,642.45,1,642.45,89712701.44999973
2025-08-01 11:52:39 AM,642.4,0,0.0,89712701.44999973
2025-08-01 11:52:39 AM,642.45,0,0.0,89712701.44999973
2025-08-01 11:52:41 AM,642.45,12,7709.400000000001,89720410.84999974
2025-08-01 11:52:47 AM,642.4,0,0.0,89720410.84999974
2025-08-01 11:52:48 AM,642.4,2,1284.8,89721695.64999974
2025-08-01 11:52:53 AM,642.35,2,1284.7,89722980.34999974
2025-08-01 11:52:59 AM,642.25,0,0.0,89722980.34999974
2025-08-01 11:53:02 AM,642.25,1,642.25,89723622.59999974
2025-08-01 11:53:05 AM,642.2,0,0.0,89723622.59999974
2025-08-01 11:53:07 AM,642.2,2,1284.4,89724906.99999975
2025-08-01 11:53:12 AM,642.25,2,1284.5,89726191.49999975
2025-08-01 11:53:16 AM,642.4,0,0.0,89726191.49999975
2025-08-01 11:53:17 AM,642.4,2,1284.8,89727476.29999974
2025-08-01 11:53:22 AM,642.05,0,0.0,89727476.29999974
2025-08-01 11:53:22 AM,642.05,22,14125.099999999999,89741601.39999974
2025-08-01 11:53:23 AM,642.0,0,0.0,89741601.39999974
2025-08-01 11:53:23 AM,642.0,10,6420.0,89748021.39999974
2025-08-01 11:53:33 AM,642.0,1,642.0,89748663.39999974
2025-08-01 11:53:36 AM,642.6,0,0.0,89748663.39999974
2025-08-01 11:53:38 AM,642.6,1047,672802.2000000001,90421465.59999974
2025-08-01 11:53:40 AM,642.45,0,0.0,90421465.59999974
2025-08-01 11:53:42 AM,642.6,0,0.0,90421465.59999974
2025-08-01 11:53:43 AM,642.6,2,1285.2,90422750.79999974
2025-08-01 11:53:48 AM,642.6,47,30202.2,90452952.99999975
2025-08-01 11:53:54 AM,642.75,0,0.0,90452952.99999975
2025-08-01 11:53:58 AM,642.75,2,1285.5,90454238.49999975
2025-08-01 11:54:03 AM,642.75,1,642.75,90454881.24999975
2025-08-01 11:54:08 AM,642.75,2,1285.5,90456166.74999975
2025-08-01 11:54:11 AM,642.5,0,0.0,90456166.74999975
2025-08-01 11:54:12 AM,641.75,0,0.0,90456166.74999975
2025-08-01 11:54:13 AM,641.75,103,66100.25,90522266.99999975
2025-08-01 11:54:14 AM,642.2,0,0.0,90522266.99999975
2025-08-01 11:54:18 AM,642.5,4,2570.0,90524836.99999975
2025-08-01 11:54:24 AM,642.5,2,1285.0,90526121.99999975
2025-08-01 11:54:34 AM,642.5,3,1927.5,90528049.49999975
2025-08-01 11:54:44 AM,642.5,2,1285.0,90529334.49999975
2025-08-01 11:54:44 AM,642.5,10,6425.0,90535759.49999975
2025-08-01 11:54:54 AM,642.5,2,1285.0,90537044.49999975
2025-08-01 11:54:59 AM,642.5,8,5140.0,90542184.49999975
2025-08-01 11:55:00 AM,642.45,15,9636.75,90551821.24999975
2025-08-01 11:55:04 AM,642.45,78,50111.100000000006,90601932.34999974
2025-08-01 11:55:18 AM,641.85,0,0.0,90601932.34999974
2025-08-01 11:55:19 AM,641.85,448,287548.8,90889481.14999974
2025-08-01 11:55:33 AM,640.8,0,0.0,90889481.14999974
2025-08-01 11:55:34 AM,640.8,237,151869.59999999998,91041350.74999973
2025-08-01 11:55:37 AM,640.2,0,0.0,91041350.74999973
2025-08-01 11:55:39 AM,640.2,50,32010.000000000004,91073360.74999973
2025-08-01 11:55:53 AM,640.0,0,0.0,91073360.74999973
2025-08-01 11:55:54 AM,640.2,79,50575.8,91123936.54999973
2025-08-01 11:56:17 AM,640.1,0,0.0,91123936.54999973
2025-08-01 11:56:20 AM,640.1,20,12802.0,91136738.54999973
2025-08-01 11:56:30 AM,640.85,5,3204.25,91139942.79999973
2025-08-01 11:56:42 AM,640.3,0,0.0,91139942.79999973
2025-08-01 11:56:45 AM,640.3,80,51224.0,91191166.79999973
2025-08-01 11:56:54 AM,640.5,0,0.0,91191166.79999973
2025-08-01 11:56:55 AM,640.5,10,6405.0,91197571.79999973
2025-08-01 11:57:01 AM,640.55,0,0.0,91197571.79999973
2025-08-01 11:57:01 AM,640.55,33,21138.149999999998,91218709.94999973
2025-08-01 11:57:07 AM,640.45,0,0.0,91218709.94999973
2025-08-01 11:57:09 AM,641.1,0,0.0,91218709.94999973
2025-08-01 11:57:10 AM,641.1,122,78214.2,91296924.14999974
2025-08-01 11:57:32 AM,640.2,0,0.0,91296924.14999974
2025-08-01 11:57:33 AM,641.15,0,0.0,91296924.14999974
2025-08-01 11:57:35 AM,641.15,178,114124.7,91411048.84999974
2025-08-01 11:58:00 AM,640.65,14,8969.1,91420017.94999973
2025-08-01 11:58:21 AM,640.3,0,0.0,91420017.94999973
2025-08-01 11:58:22 AM,640.2,26,16645.2,91436663.14999974
2025-08-01 11:58:22 AM,640.15,0,0.0,91436663.14999974
2025-08-01 11:58:23 AM,640.15,52,33287.799999999996,91469950.94999973
2025-08-01 11:58:35 AM,640.65,0,0.0,91469950.94999973
2025-08-01 11:58:36 AM,640.2,0,0.0,91469950.94999973
2025-08-01 11:58:38 AM,640.2,2,1280.4,91471231.34999974
2025-08-01 11:58:59 AM,640.2,20,12804.0,91484035.34999974
2025-08-01 11:59:14 AM,640.2,80,51216.0,91535251.34999974
2025-08-01 11:59:42 AM,640.2,104,66580.8,91601832.14999974
2025-08-01 11:59:42 AM,640.0,0,0.0,91601832.14999974
2025-08-01 11:59:45 AM,640.0,300,192000.0,91793832.14999974
2025-08-01 11:59:57 AM,639.75,0,0.0,91793832.14999974
2025-08-01 11:59:57 AM,639.75,1,639.75,91794471.89999974
2025-08-01 12:00:10 PM,639.85,0,0.0,91794471.89999974
2025-08-01 12:00:12 PM,639.85,20,12797.0,91807268.89999974
2025-08-01 12:00:36 PM,639.9,0,0.0,91807268.89999974
2025-08-01 12:00:37 PM,639.9,35,22396.5,91829665.39999974
2025-08-01 12:00:46 PM,639.95,0,0.0,91829665.39999974
2025-08-01 12:00:47 PM,639.9,135,86386.5,91916051.89999974
2025-08-01 12:01:03 PM,639.85,0,0.0,91916051.89999974
2025-08-01 12:01:04 PM,639.85,11,7038.35,91923090.24999973
2025-08-01 12:01:10 PM,639.15,0,0.0,91923090.24999973
2025-08-01 12:01:11 PM,639.15,75,47936.25,91971026.49999973
2025-08-01 12:01:30 PM,639.15,5,3195.75,91974222.24999973
2025-08-01 12:02:03 PM,639.15,83,53049.45,92027271.69999973
2025-08-01 12:02:10 PM,639.15,14,8948.1,92036219.79999973
2025-08-01 12:02:20 PM,639.15,250,159787.5,92196007.29999973
2025-08-01 12:02:35 PM,639.15,800,511320.0,92707327.29999973
2025-08-01 12:02:39 PM,639.15,1,639.15,92707966.44999973
2025-08-01 12:02:55 PM,639.55,10,6395.5,92714361.94999973
2025-08-01 12:03:08 PM,639.2,0,0.0,92714361.94999973
2025-08-01 12:03:09 PM,639.2,200,127840.00000000001,92842201.94999973
2025-08-01 12:03:18 PM,639.55,0,0.0,92842201.94999973
2025-08-01 12:03:18 PM,639.55,8,5116.4,92847318.34999974
2025-08-01 12:03:29 PM,639.7,0,0.0,92847318.34999974
2025-08-01 12:03:30 PM,639.7,1,639.7,92847958.04999974
2025-08-01 12:03:43 PM,639.2,0,0.0,92847958.04999974
2025-08-01 12:03:43 PM,639.2,97,62002.4,92909960.44999975
2025-08-01 12:03:56 PM,639.65,11,7036.15,92916996.59999976
2025-08-01 12:04:09 PM,639.3,0,0.0,92916996.59999976
2025-08-01 12:04:09 PM,639.3,2,1278.6,92918275.19999975
2025-08-01 12:04:38 PM,639.3,9,5753.7,92924028.89999975
2025-08-01 12:05:34 PM,639.2,0,0.0,92924028.89999975
2025-08-01 12:05:34 PM,639.2,400,255680.00000000003,93179708.89999975
2025-08-01 12:05:53 PM,639.25,0,0.0,93179708.89999975
2025-08-01 12:05:54 PM,639.25,35,22373.75,93202082.64999975
2025-08-01 12:06:45 PM,639.75,0,0.0,93202082.64999975
2025-08-01 12:06:48 PM,639.75,4,2559.0,93204641.64999975
2025-08-01 12:07:01 PM,640.0,0,0.0,93204641.64999975
2025-08-01 12:07:03 PM,640.0,1143,731520.0,93936161.64999975
2025-08-01 12:07:15 PM,640.65,0,0.0,93936161.64999975
2025-08-01 12:07:19 PM,640.65,16,10250.4,93946412.04999976
2025-08-01 12:07:29 PM,640.65,1,640.65,93947052.69999976
2025-08-01 12:07:31 PM,640.2,0,0.0,93947052.69999976
2025-08-01 12:07:34 PM,640.2,82,52496.4,93999549.09999977
2025-08-01 12:07:42 PM,640.25,0,0.0,93999549.09999977
2025-08-01 12:07:44 PM,640.25,5,3201.25,94002750.34999977
2025-08-01 12:07:51 PM,640.6,0,0.0,94002750.34999977
2025-08-01 12:07:54 PM,640.6,9,5765.400000000001,94008515.74999978
2025-08-01 12:08:01 PM,640.65,0,0.0,94008515.74999978
2025-08-01 12:08:04 PM,640.65,90,57658.5,94066174.24999978
2025-08-01 12:08:21 PM,639.95,0,0.0,94066174.24999978
2025-08-01 12:08:24 PM,639.95,53,33917.350000000006,94100091.59999977
2025-08-01 12:08:47 PM,639.65,0,0.0,94100091.59999977
2025-08-01 12:08:49 PM,639.65,61,39018.65,94139110.24999978
2025-08-01 12:08:59 PM,639.65,1,639.65,94139749.89999978
2025-08-01 12:09:04 PM,639.65,1,639.65,94140389.54999979
2025-08-01 12:09:43 PM,639.75,0,0.0,94140389.54999979
2025-08-01 12:09:44 PM,639.75,10,6397.5,94146787.04999979
2025-08-01 12:09:54 PM,640.0,0,0.0,94146787.04999979
2025-08-01 12:09:58 PM,640.0,20,12800.0,94159587.04999979
2025-08-01 12:10:29 PM,640.25,0,0.0,94159587.04999979
2025-08-01 12:10:29 PM,640.25,92,58903.0,94218490.04999979
2025-08-01 12:10:41 PM,640.5,0,0.0,94218490.04999979
2025-08-01 12:10:44 PM,640.5,43,27541.5,94246031.54999979
2025-08-01 12:10:59 PM,640.0,0,0.0,94246031.54999979
2025-08-01 12:11:03 PM,640.0,1,640.0,94246671.54999979
2025-08-01 12:11:14 PM,640.0,249,159360.0,94406031.54999979
2025-08-01 12:11:43 PM,640.0,84,53760.0,94459791.54999979
2025-08-01 12:12:32 PM,640.0,82,52480.0,94512271.54999979
2025-08-01 12:13:00 PM,640.5,0,0.0,94512271.54999979
2025-08-01 12:13:03 PM,640.5,12,7686.0,94519957.54999979
2025-08-01 12:13:22 PM,640.0,0,0.0,94519957.54999979
2025-08-01 12:13:23 PM,640.0,82,52480.0,94572437.54999979
2025-08-01 12:14:07 PM,640.0,60,38400.0,94610837.54999979
2025-08-01 12:14:13 PM,640.0,84,53760.0,94664597.54999979
2025-08-01 12:14:43 PM,640.0,1,640.0,94665237.54999979
2025-08-01 12:15:03 PM,640.0,82,52480.0,94717717.54999979
2025-08-01 12:15:11 PM,640.05,0,0.0,94717717.54999979
2025-08-01 12:15:13 PM,640.05,105,67205.25,94784922.79999979
2025-08-01 12:15:29 PM,640.05,50,32002.499999999996,94816925.29999979
2025-08-01 12:15:39 PM,640.05,50,32002.499999999996,94848927.79999979
2025-08-01 12:15:53 PM,640.3,0,0.0,94848927.79999979
2025-08-01 12:15:54 PM,640.3,87,55706.1,94904633.89999978
2025-08-01 12:16:37 PM,640.45,0,0.0,94904633.89999978
2025-08-01 12:16:38 PM,640.45,4,2561.8,94907195.69999978
2025-08-01 12:16:41 PM,640.05,0,0.0,94907195.69999978
2025-08-01 12:16:43 PM,640.05,42,26882.1,94934077.79999977
2025-08-01 12:17:27 PM,639.85,0,0.0,94934077.79999977
2025-08-01 12:17:27 PM,639.85,80,51188.0,94985265.79999977
2025-08-01 12:18:03 PM,639.5,0,0.0,94985265.79999977
2025-08-01 12:18:06 PM,639.5,249,159235.5,95144501.29999977
2025-08-01 12:18:11 PM,639.85,1,639.85,95145141.14999977
2025-08-01 12:18:27 PM,639.55,0,0.0,95145141.14999977
2025-08-01 12:18:30 PM,639.55,4,2558.2,95147699.34999977
2025-08-01 12:19:11 PM,639.5,110,70345.0,95218044.34999977
2025-08-01 12:19:15 PM,639.55,0,0.0,95218044.34999977
2025-08-01 12:19:16 PM,639.55,11,7035.049999999999,95225079.39999977
2025-08-01 12:19:23 PM,639.5,0,0.0,95225079.39999977
2025-08-01 12:19:25 PM,639.3,0,0.0,95225079.39999977
2025-08-01 12:19:26 PM,639.3,858,548519.3999999999,95773598.79999977
2025-08-01 12:19:39 PM,639.2,0,0.0,95773598.79999977
2025-08-01 12:19:41 PM,639.2,103,65837.6,95839436.39999977
2025-08-01 12:19:46 PM,639.2,2,1278.4,95840714.79999977
2025-08-01 12:20:43 PM,639.15,162,103542.3,95944257.09999977
2025-08-01 12:20:44 PM,639.1,0,0.0,95944257.09999977
2025-08-01 12:20:45 PM,639.25,0,0.0,95944257.09999977
2025-08-01 12:20:48 PM,639.25,25,15981.25,95960238.34999977
2025-08-01 12:21:26 PM,639.0,0,0.0,95960238.34999977
2025-08-01 12:21:28 PM,639.0,70,44730.0,96004968.34999977
2025-08-01 12:21:41 PM,639.0,50,31950.0,96036918.34999977
2025-08-01 12:22:05 PM,639.25,0,0.0,96036918.34999977
2025-08-01 12:22:07 PM,639.25,15,9588.75,96046507.09999977
2025-08-01 12:22:19 PM,639.0,0,0.0,96046507.09999977
2025-08-01 12:22:22 PM,639.0,6,3834.0,96050341.09999977
2025-08-01 12:22:26 PM,639.25,0,0.0,96050341.09999977
2025-08-01 12:22:28 PM,639.25,1,639.25,96050980.34999977
2025-08-01 12:23:18 PM,639.25,5,3196.25,96054176.59999977
2025-08-01 12:23:27 PM,639.25,10,6392.5,96060569.09999977
