date,price,qty,trnvr,cum_trnvr
2025-08-01 09:15:03 AM,1475.0,3642,5371950.0,5371950.0
2025-08-01 09:15:05 AM,1477.4,308,455039.2,5826989.2
2025-08-01 09:15:12 AM,1476.4,0,0.0,5826989.2
2025-08-01 09:15:15 AM,1475.1,1347,1986959.7,7813948.9
2025-08-01 09:15:16 AM,1477.3,208,307278.39999999997,8121227.300000001
2025-08-01 09:15:21 AM,1477.9,0,0.0,8121227.300000001
2025-08-01 09:15:23 AM,1480.0,0,0.0,8121227.300000001
2025-08-01 09:15:25 AM,1483.8,1541,2286535.8,10407763.100000001
2025-08-01 09:15:26 AM,1483.8,19,28192.2,10435955.3
2025-08-01 09:15:32 AM,1484.4,0,0.0,10435955.3
2025-08-01 09:15:33 AM,1485.0,416,617760.0,11053715.3
2025-08-01 09:15:35 AM,1486.8,118,175442.4,11229157.700000001
2025-08-01 09:15:41 AM,1484.0,0,0.0,11229157.700000001
2025-08-01 09:15:42 AM,1484.0,1139,1690276.0,12919433.700000001
2025-08-01 09:15:43 AM,1484.0,38,56392.0,12975825.700000001
2025-08-01 09:15:48 AM,1483.6,0,0.0,12975825.700000001
2025-08-01 09:15:50 AM,1483.5,910,1349985.0,14325810.700000001
2025-08-01 09:15:52 AM,1484.4,61,90548.40000000001,14416359.100000001
2025-08-01 09:15:54 AM,1483.3,0,0.0,14416359.100000001
2025-08-01 09:15:56 AM,1482.0,0,0.0,14416359.100000001
2025-08-01 09:15:58 AM,1482.1,408,604696.7999999999,15021055.900000002
2025-08-01 09:16:00 AM,1476.4,1340,1978376.0000000002,16999431.900000002
2025-08-01 09:16:02 AM,1468.0,0,0.0,16999431.900000002
2025-08-01 09:16:06 AM,1467.2,2281,3346683.2,20346115.1
2025-08-01 09:16:06 AM,1469.0,0,0.0,20346115.1
2025-08-01 09:16:08 AM,1468.8,42,61689.6,20407804.700000003
2025-08-01 09:16:10 AM,1467.6,0,0.0,20407804.700000003
2025-08-01 09:16:14 AM,1469.3,2051,3013534.3,23421339.000000004
2025-08-01 09:16:16 AM,1467.6,316,463761.6,23885100.600000005
2025-08-01 09:16:17 AM,1466.8,0,0.0,23885100.600000005
2025-08-01 09:16:19 AM,1467.3,0,0.0,23885100.600000005
2025-08-01 09:16:23 AM,1468.3,1494,2193640.1999999997,26078740.800000004
2025-08-01 09:16:24 AM,1467.0,192,281664.0,26360404.800000004
2025-08-01 09:16:29 AM,1467.4,0,0.0,26360404.800000004
2025-08-01 09:16:31 AM,1468.4,245,359758.0,26720162.800000004
2025-08-01 09:16:32 AM,1468.5,13,19090.5,26739253.300000004
2025-08-01 09:16:37 AM,1469.6,0,0.0,26739253.300000004
2025-08-01 09:16:39 AM,1470.7,365,536805.5,27276058.800000004
2025-08-01 09:16:40 AM,1470.7,10,14707.0,27290765.800000004
2025-08-01 09:16:47 AM,1471.6,1325,1949869.9999999998,29240635.800000004
2025-08-01 09:16:49 AM,1470.8,7,10295.6,29250931.400000006
2025-08-01 09:16:55 AM,1474.0,170,250580.0,29501511.400000006
2025-08-01 09:16:57 AM,1472.2,32,47110.4,29548621.800000004
2025-08-01 09:16:57 AM,1474.0,0,0.0,29548621.800000004
2025-08-01 09:17:04 AM,1475.0,338,498550.0,30047171.800000004
2025-08-01 09:17:05 AM,1475.0,4,5900.0,30053071.800000004
2025-08-01 09:17:06 AM,1475.1,0,0.0,30053071.800000004
2025-08-01 09:17:08 AM,1476.1,0,0.0,30053071.800000004
2025-08-01 09:17:12 AM,1477.2,460,679512.0,30732583.800000004
2025-08-01 09:17:13 AM,1475.4,62,91474.8,30824058.600000005
2025-08-01 09:17:15 AM,1477.2,0,0.0,30824058.600000005
2025-08-01 09:17:17 AM,1477.3,0,0.0,30824058.600000005
2025-08-01 09:17:20 AM,1479.1,1118,1653633.7999999998,32477692.400000006
2025-08-01 09:17:21 AM,1478.9,32,47324.8,32525017.200000007
2025-08-01 09:17:23 AM,1477.6,0,0.0,32525017.200000007
2025-08-01 09:17:25 AM,1477.8,0,0.0,32525017.200000007
2025-08-01 09:17:28 AM,1479.9,484,716271.6000000001,33241288.80000001
2025-08-01 09:17:29 AM,1479.1,18,26623.8,33267912.60000001
2025-08-01 09:17:32 AM,1479.9,0,0.0,33267912.60000001
2025-08-01 09:17:34 AM,1480.0,0,0.0,33267912.60000001
2025-08-01 09:17:37 AM,1476.2,2179,3216639.8000000003,36484552.400000006
2025-08-01 09:17:38 AM,1475.0,393,579675.0,37064227.400000006
2025-08-01 09:17:40 AM,1474.4,0,0.0,37064227.400000006
2025-08-01 09:17:42 AM,1473.0,0,0.0,37064227.400000006
2025-08-01 09:17:45 AM,1473.0,2291,3374643.0,40438870.400000006
2025-08-01 09:17:46 AM,1474.0,284,418616.0,40857486.400000006
2025-08-01 09:17:49 AM,1473.1,0,0.0,40857486.400000006
2025-08-01 09:17:51 AM,1478.0,0,0.0,40857486.400000006
2025-08-01 09:17:53 AM,1479.5,978,1446951.0,42304437.400000006
2025-08-01 09:17:54 AM,1477.8,3,4433.4,42308870.800000004
2025-08-01 09:17:58 AM,1479.3,0,0.0,42308870.800000004
2025-08-01 09:18:00 AM,1475.9,0,0.0,42308870.800000004
2025-08-01 09:18:02 AM,1477.9,652,963590.8,43272461.6
2025-08-01 09:18:03 AM,1478.1,164,242408.4,43514870.0
2025-08-01 09:18:05 AM,1479.9,0,0.0,43514870.0
2025-08-01 09:18:08 AM,1483.9,0,0.0,43514870.0
2025-08-01 09:18:10 AM,1482.3,1180,1749114.0,45263984.0
2025-08-01 09:18:13 AM,1483.5,0,0.0,45263984.0
2025-08-01 09:18:15 AM,1481.8,0,0.0,45263984.0
2025-08-01 09:18:18 AM,1483.5,120,178020.0,45442004.0
2025-08-01 09:18:20 AM,1484.0,30,44520.0,45486524.0
2025-08-01 09:18:22 AM,1488.5,0,0.0,45486524.0
2025-08-01 09:18:24 AM,1487.2,0,0.0,45486524.0
2025-08-01 09:18:27 AM,1488.1,2171,3230665.0999999996,48717189.1
2025-08-01 09:18:28 AM,1488.0,28,41664.0,48758853.1
2025-08-01 09:18:29 AM,1488.8,0,0.0,48758853.1
2025-08-01 09:18:31 AM,1488.7,0,0.0,48758853.1
2025-08-01 09:18:35 AM,1487.1,467,694475.7,49453328.800000004
2025-08-01 09:18:36 AM,1488.4,77,114606.8,49567935.6
2025-08-01 09:18:37 AM,1488.1,0,0.0,49567935.6
2025-08-01 09:18:43 AM,1489.0,440,655160.0,50223095.6
2025-08-01 09:18:44 AM,1489.0,134,199526.0,50422621.6
2025-08-01 09:18:47 AM,1490.0,0,0.0,50422621.6
2025-08-01 09:18:51 AM,1490.0,696,1037040.0,51459661.6
2025-08-01 09:18:52 AM,1489.9,189,281591.10000000003,51741252.7
2025-08-01 09:18:53 AM,1490.3,0,0.0,51741252.7
2025-08-01 09:18:59 AM,1486.5,796,1183254.0,52924506.7
2025-08-01 09:19:00 AM,1488.1,81,120536.09999999999,53045042.800000004
2025-08-01 09:19:01 AM,1486.9,0,0.0,53045042.800000004
2025-08-01 09:19:04 AM,1488.0,0,0.0,53045042.800000004
2025-08-01 09:19:07 AM,1489.0,381,567309.0,53612351.800000004
2025-08-01 09:19:08 AM,1486.0,17,25262.0,53637613.800000004
2025-08-01 09:19:09 AM,1487.4,0,0.0,53637613.800000004
2025-08-01 09:19:11 AM,1485.9,0,0.0,53637613.800000004
2025-08-01 09:19:15 AM,1488.4,206,306610.4,53944224.2
2025-08-01 09:19:17 AM,1487.7,13,19340.100000000002,53963564.300000004
2025-08-01 09:19:17 AM,1486.3,0,0.0,53963564.300000004
2025-08-01 09:19:23 AM,1486.7,169,251252.30000000002,54214816.6
2025-08-01 09:19:25 AM,1486.7,22,32707.4,54247524.0
2025-08-01 09:19:31 AM,1485.9,0,0.0,54247524.0
2025-08-01 09:19:31 AM,1485.9,375,557212.5,54804736.5
2025-08-01 09:19:33 AM,1486.4,370,549968.0,55354704.5
2025-08-01 09:19:34 AM,1488.0,0,0.0,55354704.5
2025-08-01 09:19:39 AM,1487.6,0,0.0,55354704.5
2025-08-01 09:19:40 AM,1488.0,946,1407648.0,56762352.5
2025-08-01 09:19:41 AM,1488.0,44,65472.0,56827824.5
2025-08-01 09:19:42 AM,1487.2,0,0.0,56827824.5
2025-08-01 09:19:47 AM,1488.0,0,0.0,56827824.5
2025-08-01 09:19:48 AM,1488.0,1898,2824224.0,59652048.5
2025-08-01 09:19:49 AM,1486.8,0,0.0,59652048.5
2025-08-01 09:19:49 AM,1486.8,237,352371.6,60004420.1
2025-08-01 09:19:55 AM,1486.9,0,0.0,60004420.1
2025-08-01 09:19:56 AM,1486.9,175,260207.50000000003,60264627.6
2025-08-01 09:19:56 AM,1486.7,0,0.0,60264627.6
2025-08-01 09:19:57 AM,1486.7,19,28247.3,60292874.9
2025-08-01 09:20:03 AM,1486.8,0,0.0,60292874.9
2025-08-01 09:20:03 AM,1486.8,336,499564.8,60792439.699999996
2025-08-01 09:20:05 AM,1487.5,79,117512.5,60909952.199999996
2025-08-01 09:20:10 AM,1486.0,0,0.0,60909952.199999996
2025-08-01 09:20:11 AM,1485.8,0,0.0,60909952.199999996
2025-08-01 09:20:12 AM,1485.8,287,426424.6,61336376.8
2025-08-01 09:20:13 AM,1486.7,19,28247.3,61364624.099999994
2025-08-01 09:20:17 AM,1486.0,0,0.0,61364624.099999994
2025-08-01 09:20:19 AM,1486.0,435,646410.0,62011034.099999994
2025-08-01 09:20:21 AM,1485.6,133,197584.8,62208618.89999999
2025-08-01 09:20:27 AM,1487.4,496,737750.4,62946369.29999999
2025-08-01 09:20:29 AM,1487.5,2,2975.0,62949344.29999999
2025-08-01 09:20:31 AM,1487.6,0,0.0,62949344.29999999
2025-08-01 09:20:35 AM,1487.5,94,139825.0,63089169.29999999
2025-08-01 09:20:37 AM,1487.6,70,104132.0,63193301.29999999
2025-08-01 09:20:38 AM,1486.4,0,0.0,63193301.29999999
2025-08-01 09:20:42 AM,1487.9,0,0.0,63193301.29999999
2025-08-01 09:20:43 AM,1487.9,340,505886.00000000006,63699187.29999999
2025-08-01 09:20:44 AM,1488.0,16,23808.0,63722995.29999999
2025-08-01 09:20:49 AM,1487.7,0,0.0,63722995.29999999
2025-08-01 09:20:51 AM,1488.0,153,227664.0,63950659.29999999
2025-08-01 09:20:52 AM,1488.0,49,72912.0,64023571.29999999
2025-08-01 09:20:58 AM,1490.0,726,1081740.0,65105311.29999999
2025-08-01 09:20:59 AM,1490.1,0,0.0,65105311.29999999
2025-08-01 09:21:00 AM,1490.1,1353,2016105.2999999998,67121416.6
2025-08-01 09:21:03 AM,1492.0,0,0.0,67121416.6
2025-08-01 09:21:05 AM,1493.9,0,0.0,67121416.6
2025-08-01 09:21:06 AM,1492.4,316,471598.4,67593015.0
2025-08-01 09:21:10 AM,1490.8,0,0.0,67593015.0
2025-08-01 09:21:12 AM,1492.0,0,0.0,67593015.0
2025-08-01 09:21:14 AM,1492.0,433,646036.0,68239051.0
2025-08-01 09:21:15 AM,1492.0,2,2984.0,68242035.0
2025-08-01 09:21:17 AM,1492.1,0,0.0,68242035.0
2025-08-01 09:21:19 AM,1493.0,0,0.0,68242035.0
2025-08-01 09:21:22 AM,1494.0,1259,1880946.0,70122981.0
2025-08-01 09:21:23 AM,1493.9,32,47804.8,70170785.8
2025-08-01 09:21:26 AM,1491.7,0,0.0,70170785.8
2025-08-01 09:21:30 AM,1490.2,1000,1490200.0,71660985.8
2025-08-01 09:21:31 AM,1492.7,183,273164.10000000003,71934149.89999999
2025-08-01 09:21:31 AM,1493.0,0,0.0,71934149.89999999
2025-08-01 09:21:33 AM,1492.8,0,0.0,71934149.89999999
2025-08-01 09:21:36 AM,1492.1,0,0.0,71934149.89999999
2025-08-01 09:21:38 AM,1493.6,292,436131.19999999995,72370281.1
2025-08-01 09:21:38 AM,1492.8,29,43291.2,72413572.3
2025-08-01 09:21:40 AM,1493.4,0,0.0,72413572.3
2025-08-01 09:21:42 AM,1492.0,0,0.0,72413572.3
2025-08-01 09:21:45 AM,1493.9,621,927711.9,73341284.2
2025-08-01 09:21:45 AM,1493.0,0,0.0,73341284.2
2025-08-01 09:21:46 AM,1493.0,24,35832.0,73377116.2
2025-08-01 09:21:49 AM,1492.7,0,0.0,73377116.2
2025-08-01 09:21:52 AM,1493.0,0,0.0,73377116.2
2025-08-01 09:21:53 AM,1493.0,1129,1685597.0,75062713.2
2025-08-01 09:21:54 AM,1492.2,61,91024.2,75153737.4
2025-08-01 09:21:56 AM,1494.0,0,0.0,75153737.4
2025-08-01 09:21:59 AM,1493.0,0,0.0,75153737.4
2025-08-01 09:22:00 AM,1493.0,720,1074960.0,76228697.4
2025-08-01 09:22:01 AM,1494.0,157,234558.0,76463255.4
2025-08-01 09:22:06 AM,1497.0,0,0.0,76463255.4
2025-08-01 09:22:08 AM,1497.0,1116,1670652.0,78133907.4
2025-08-01 09:22:09 AM,1495.9,55,82274.5,78216181.9
2025-08-01 09:22:10 AM,1497.0,0,0.0,78216181.9
2025-08-01 09:22:13 AM,1496.0,0,0.0,78216181.9
2025-08-01 09:22:16 AM,1496.0,372,556512.0,78772693.9
2025-08-01 09:22:17 AM,1497.5,459,687352.5,79460046.4
2025-08-01 09:22:17 AM,1496.6,0,0.0,79460046.4
2025-08-01 09:22:23 AM,1495.8,519,776320.2,80236366.60000001
2025-08-01 09:22:24 AM,1496.5,0,0.0,80236366.60000001
2025-08-01 09:22:25 AM,1496.5,77,115230.5,80351597.10000001
2025-08-01 09:22:27 AM,1496.0,0,0.0,80351597.10000001
2025-08-01 09:22:31 AM,1494.4,229,342217.60000000003,80693814.7
2025-08-01 09:22:31 AM,1496.0,0,0.0,80693814.7
2025-08-01 09:22:32 AM,1496.0,225,336600.0,81030414.7
2025-08-01 09:22:34 AM,1496.2,0,0.0,81030414.7
2025-08-01 09:22:38 AM,1496.0,375,561000.0,81591414.7
2025-08-01 09:22:40 AM,1496.0,10,14960.0,81606374.7
2025-08-01 09:22:41 AM,1495.6,0,0.0,81606374.7
2025-08-01 09:22:45 AM,1498.0,0,0.0,81606374.7
2025-08-01 09:22:46 AM,1496.0,649,970904.0,82577278.7
2025-08-01 09:22:48 AM,1496.0,43,64328.0,82641606.7
2025-08-01 09:22:51 AM,1495.9,0,0.0,82641606.7
2025-08-01 09:22:52 AM,1495.0,0,0.0,82641606.7
2025-08-01 09:22:54 AM,1495.9,243,363503.7,83005110.4
2025-08-01 09:22:55 AM,1494.9,171,255627.90000000002,83260738.30000001
2025-08-01 09:22:58 AM,1493.4,0,0.0,83260738.30000001
2025-08-01 09:23:00 AM,1494.8,0,0.0,83260738.30000001
2025-08-01 09:23:01 AM,1493.4,1008,1505347.2000000002,84766085.50000001
2025-08-01 09:23:03 AM,1492.2,232,346190.4,85112275.90000002
2025-08-01 09:23:05 AM,1493.9,0,0.0,85112275.90000002
2025-08-01 09:23:07 AM,1494.2,0,0.0,85112275.90000002
2025-08-01 09:23:09 AM,1493.6,328,489900.8,85602176.70000002
2025-08-01 09:23:11 AM,1494.9,62,92683.8,85694860.50000001
2025-08-01 09:23:14 AM,1493.6,0,0.0,85694860.50000001
2025-08-01 09:23:17 AM,1493.6,225,336060.0,86030920.50000001
2025-08-01 09:23:18 AM,1493.4,88,131419.2,86162339.70000002
2025-08-01 09:23:19 AM,1493.6,0,0.0,86162339.70000002
2025-08-01 09:23:24 AM,1493.3,392,585373.6,86747713.30000001
2025-08-01 09:23:26 AM,1493.0,2,2986.0,86750699.30000001
2025-08-01 09:23:32 AM,1492.9,789,1177898.1,87928597.4
2025-08-01 09:23:32 AM,1494.0,0,0.0,87928597.4
2025-08-01 09:23:33 AM,1494.5,0,0.0,87928597.4
2025-08-01 09:23:34 AM,1494.5,229,342240.5,88270837.9
2025-08-01 09:23:39 AM,1494.9,560,837144.0,89107981.9
2025-08-01 09:23:41 AM,1494.9,145,216760.5,89324742.4
2025-08-01 09:23:45 AM,1495.0,0,0.0,89324742.4
2025-08-01 09:23:47 AM,1495.0,513,766935.0,90091677.4
2025-08-01 09:23:49 AM,1496.6,1295,1938096.9999999998,92029774.4
2025-08-01 09:23:55 AM,1499.0,804,1205196.0,93234970.4
2025-08-01 09:23:56 AM,1499.9,555,832444.5,94067414.9
2025-08-01 09:23:58 AM,1498.9,0,0.0,94067414.9
2025-08-01 09:24:02 AM,1499.0,258,386742.0,94454156.9
2025-08-01 09:24:04 AM,1498.9,75,112417.5,94566574.4
2025-08-01 09:24:05 AM,1499.6,0,0.0,94566574.4
2025-08-01 09:24:10 AM,1500.0,492,738000.0,95304574.4
2025-08-01 09:24:12 AM,1500.0,355,532500.0,95837074.4
2025-08-01 09:24:18 AM,1502.9,1521,2285910.9,98122985.30000001
2025-08-01 09:24:18 AM,1503.9,0,0.0,98122985.30000001
2025-08-01 09:24:19 AM,1504.1,212,318869.19999999995,98441854.50000001
2025-08-01 09:24:24 AM,1505.0,0,0.0,98441854.50000001
2025-08-01 09:24:25 AM,1505.0,1003,1509515.0,99951369.50000001
2025-08-01 09:24:27 AM,1505.0,158,237790.0,100189159.50000001
2025-08-01 09:24:30 AM,1504.1,0,0.0,100189159.50000001
2025-08-01 09:24:33 AM,1507.2,1613,2431113.6,102620273.10000001
2025-08-01 09:24:35 AM,1506.2,60,90372.0,102710645.10000001
2025-08-01 09:24:36 AM,1507.0,0,0.0,102710645.10000001
2025-08-01 09:24:40 AM,1507.2,322,485318.4,103195963.50000001
2025-08-01 09:24:42 AM,1508.0,210,316680.0,103512643.50000001
2025-08-01 09:24:42 AM,1507.2,0,0.0,103512643.50000001
2025-08-01 09:24:48 AM,1509.0,855,1290195.0,104802838.50000001
2025-08-01 09:24:50 AM,1509.0,314,473826.0,105276664.50000001
2025-08-01 09:24:55 AM,1511.2,1489,2250176.8000000003,107526841.30000001
2025-08-01 09:24:56 AM,1510.5,0,0.0,107526841.30000001
2025-08-01 09:24:57 AM,1510.9,736,1112022.4000000001,108638863.70000002
2025-08-01 09:25:02 AM,1512.0,0,0.0,108638863.70000002
2025-08-01 09:25:03 AM,1512.0,521,787752.0,109426615.70000002
2025-08-01 09:25:03 AM,1511.0,0,0.0,109426615.70000002
2025-08-01 09:25:05 AM,1511.9,279,421820.10000000003,109848435.80000001
2025-08-01 09:25:09 AM,1514.3,0,0.0,109848435.80000001
2025-08-01 09:25:10 AM,1512.5,2901,4387762.5,114236198.30000001
2025-08-01 09:25:12 AM,1513.1,36,54471.6,114290669.9
2025-08-01 09:25:16 AM,1514.9,0,0.0,114290669.9
2025-08-01 09:25:18 AM,1513.8,1220,1846836.0,116137505.9
2025-08-01 09:25:20 AM,1514.1,232,351271.19999999995,116488777.10000001
2025-08-01 09:25:21 AM,1513.4,0,0.0,116488777.10000001
2025-08-01 09:25:22 AM,1515.0,0,0.0,116488777.10000001
2025-08-01 09:25:25 AM,1514.0,1746,2643444.0,119132221.10000001
2025-08-01 09:25:27 AM,1512.5,226,341825.0,119474046.10000001
2025-08-01 09:25:27 AM,1510.9,0,0.0,119474046.10000001
2025-08-01 09:25:28 AM,1512.6,0,0.0,119474046.10000001
2025-08-01 09:25:33 AM,1513.1,2136,3231981.5999999996,122706027.7
2025-08-01 09:25:35 AM,1515.5,756,1145718.0,123851745.7
2025-08-01 09:25:39 AM,1513.1,0,0.0,123851745.7
2025-08-01 09:25:40 AM,1514.7,1121,1697978.7,125549724.4
2025-08-01 09:25:40 AM,1514.6,0,0.0,125549724.4
2025-08-01 09:25:42 AM,1514.7,125,189337.5,125739061.9
2025-08-01 09:25:45 AM,1515.1,0,0.0,125739061.9
2025-08-01 09:25:45 AM,1513.4,0,0.0,125739061.9
2025-08-01 09:25:48 AM,1513.6,602,911187.2,126650249.10000001
2025-08-01 09:25:50 AM,1515.2,130,196976.0,126847225.10000001
2025-08-01 09:25:50 AM,1516.5,0,0.0,126847225.10000001
2025-08-01 09:25:55 AM,1515.2,368,557593.6,127404818.7
2025-08-01 09:25:57 AM,1515.0,0,0.0,127404818.7
2025-08-01 09:25:57 AM,1514.9,115,174213.5,127579032.2
2025-08-01 09:25:57 AM,1514.3,0,0.0,127579032.2
2025-08-01 09:26:00 AM,1514.9,0,0.0,127579032.2
2025-08-01 09:26:01 AM,1514.9,752,1139204.8,128718237.0
2025-08-01 09:26:01 AM,1515.0,0,0.0,128718237.0
2025-08-01 09:26:02 AM,1515.0,12,18180.0,128736417.0
2025-08-01 09:26:02 AM,1513.5,0,0.0,128736417.0
2025-08-01 09:26:02 AM,1513.1,0,0.0,128736417.0
2025-08-01 09:26:03 AM,1513.1,1022,1546388.2,130282805.2
2025-08-01 09:26:03 AM,1514.2,50,75710.0,130358515.2
2025-08-01 09:26:03 AM,1514.5,0,0.0,130358515.2
2025-08-01 09:26:04 AM,1515.0,210,318150.0,130676665.2
2025-08-01 09:26:04 AM,1514.7,0,0.0,130676665.2
2025-08-01 09:26:05 AM,1514.7,13,19691.100000000002,130696356.3
2025-08-01 09:26:06 AM,1514.7,6,9088.2,130705444.5
2025-08-01 09:26:06 AM,1514.8,0,0.0,130705444.5
2025-08-01 09:26:06 AM,1514.8,51,77254.8,130782699.3
2025-08-01 09:26:07 AM,1513.5,0,0.0,130782699.3
2025-08-01 09:26:08 AM,1513.1,342,517480.19999999995,131300179.5
2025-08-01 09:26:08 AM,1514.6,0,0.0,131300179.5
2025-08-01 09:26:08 AM,1514.6,79,119653.4,131419832.9
2025-08-01 09:26:09 AM,1513.4,33,49942.200000000004,131469775.10000001
2025-08-01 09:26:09 AM,1514.0,0,0.0,131469775.10000001
2025-08-01 09:26:09 AM,1514.0,40,60560.0,131530335.10000001
2025-08-01 09:26:10 AM,1513.3,143,216401.9,131746737.00000001
2025-08-01 09:26:10 AM,1513.0,0,0.0,131746737.00000001
2025-08-01 09:26:10 AM,1513.0,27,40851.0,131787588.00000001
2025-08-01 09:26:11 AM,1514.0,0,0.0,131787588.00000001
2025-08-01 09:26:11 AM,1514.0,115,174110.0,131961698.00000001
2025-08-01 09:26:12 AM,1513.5,1,1513.5,131963211.50000001
2025-08-01 09:26:12 AM,1514.0,0,0.0,131963211.50000001
2025-08-01 09:26:13 AM,1514.0,56,84784.0,132047995.50000001
2025-08-01 09:26:13 AM,1513.5,0,0.0,132047995.50000001
2025-08-01 09:26:13 AM,1513.5,966,1462041.0,133510036.50000001
2025-08-01 09:26:14 AM,1514.0,94,142316.0,133652352.50000001
2025-08-01 09:26:14 AM,1512.2,0,0.0,133652352.50000001
2025-08-01 09:26:14 AM,1513.7,0,0.0,133652352.50000001
2025-08-01 09:26:15 AM,1512.2,114,172390.80000000002,133824743.30000001
2025-08-01 09:26:15 AM,1514.3,0,0.0,133824743.30000001
2025-08-01 09:26:15 AM,1512.7,0,0.0,133824743.30000001
2025-08-01 09:26:16 AM,1512.7,101,152782.7,133977526.00000001
2025-08-01 09:26:16 AM,1513.0,9,13617.0,133991143.00000001
2025-08-01 09:26:16 AM,1514.0,0,0.0,133991143.00000001
2025-08-01 09:26:17 AM,1514.0,25,37850.0,134028993.00000001
2025-08-01 09:26:17 AM,1512.8,2,3025.6,134032018.60000001
2025-08-01 09:26:18 AM,1513.2,11,16645.2,134048663.80000001
2025-08-01 09:26:19 AM,1512.3,118,178451.4,134227115.20000002
2025-08-01 09:26:20 AM,1512.4,30,45372.0,134272487.20000002
2025-08-01 09:26:20 AM,1513.9,56,84778.40000000001,134357265.60000002
2025-08-01 09:26:21 AM,1513.0,130,196690.0,134553955.60000002
2025-08-01 09:26:21 AM,1512.9,0,0.0,134553955.60000002
2025-08-01 09:26:22 AM,1512.9,1,1512.9,134555468.50000003
2025-08-01 09:26:23 AM,1512.9,1,1512.9,134556981.40000004
2025-08-01 09:26:23 AM,1513.0,110,166430.0,134723411.40000004
2025-08-01 09:26:24 AM,1512.4,170,257108.00000000003,134980519.40000004
2025-08-01 09:26:24 AM,1512.9,0,0.0,134980519.40000004
2025-08-01 09:26:25 AM,1512.9,33,49925.700000000004,135030445.10000002
2025-08-01 09:26:25 AM,1512.0,315,476280.0,135506725.10000002
2025-08-01 09:26:26 AM,1512.0,12,18144.0,135524869.10000002
2025-08-01 09:26:26 AM,1513.0,220,332860.0,135857729.10000002
2025-08-01 09:26:27 AM,1511.6,347,524525.2,136382254.3
2025-08-01 09:26:27 AM,1512.3,0,0.0,136382254.3
2025-08-01 09:26:28 AM,1512.3,77,116447.09999999999,136498701.4
2025-08-01 09:26:28 AM,1512.3,1,1512.3,136500213.70000002
2025-08-01 09:26:29 AM,1510.5,64,96672.0,136596885.70000002
2025-08-01 09:26:30 AM,1512.6,337,509746.19999999995,137106631.9
2025-08-01 09:26:30 AM,1512.7,0,0.0,137106631.9
2025-08-01 09:26:31 AM,1512.7,109,164884.30000000002,137271516.20000002
2025-08-01 09:26:31 AM,1512.7,25,37817.5,137309333.70000002
2025-08-01 09:26:31 AM,1512.9,55,83209.5,137392543.20000002
2025-08-01 09:26:32 AM,1512.9,55,83209.5,137475752.70000002
2025-08-01 09:26:32 AM,1511.2,0,0.0,137475752.70000002
2025-08-01 09:26:33 AM,1511.6,121,182903.59999999998,137658656.3
2025-08-01 09:26:33 AM,1509.3,0,0.0,137658656.3
2025-08-01 09:26:33 AM,1509.8,253,381979.39999999997,138040635.70000002
2025-08-01 09:26:34 AM,1509.7,0,0.0,138040635.70000002
2025-08-01 09:26:34 AM,1509.7,219,330624.3,138371260.00000003
2025-08-01 09:26:35 AM,1509.7,14,21135.8,138392395.80000004
2025-08-01 09:26:35 AM,1510.7,0,0.0,138392395.80000004
2025-08-01 09:26:35 AM,1510.7,844,1275030.8,139667426.60000005
2025-08-01 09:26:36 AM,1511.1,2,3022.2,139670448.80000004
2025-08-01 09:26:37 AM,1509.0,0,0.0,139670448.80000004
2025-08-01 09:26:37 AM,1509.0,635,958215.0,140628663.80000004
2025-08-01 09:26:38 AM,1510.9,0,0.0,140628663.80000004
2025-08-01 09:26:38 AM,1510.9,38,57414.200000000004,140686078.00000003
2025-08-01 09:26:39 AM,1509.9,1,1509.9,140687587.90000004
2025-08-01 09:26:39 AM,1509.9,10,15099.0,140702686.90000004
2025-08-01 09:26:40 AM,1510.0,118,178180.0,140880866.90000004
2025-08-01 09:26:40 AM,1509.0,0,0.0,140880866.90000004
2025-08-01 09:26:41 AM,1509.0,36,54324.0,140935190.90000004
2025-08-01 09:26:42 AM,1509.9,8,12079.2,140947270.10000002
2025-08-01 09:26:43 AM,1509.9,6,9059.400000000001,140956329.50000003
2025-08-01 09:26:43 AM,1509.9,5,7549.5,140963879.00000003
2025-08-01 09:26:44 AM,1510.0,9,13590.0,140977469.00000003
2025-08-01 09:26:44 AM,1509.1,14,21127.399999999998,140998596.40000004
2025-08-01 09:26:45 AM,1507.6,182,274383.2,141272979.60000002
2025-08-01 09:26:45 AM,1508.5,0,0.0,141272979.60000002
2025-08-01 09:26:46 AM,1508.9,289,436072.10000000003,141709051.70000002
2025-08-01 09:26:46 AM,1508.9,23,34704.700000000004,141743756.4
2025-08-01 09:26:47 AM,1507.6,68,102516.79999999999,141846273.20000002
2025-08-01 09:26:47 AM,1508.9,0,0.0,141846273.20000002
2025-08-01 09:26:48 AM,1508.9,46,69409.40000000001,141915682.60000002
2025-08-01 09:26:48 AM,1509.9,120,181188.0,142096870.60000002
2025-08-01 09:26:49 AM,1509.8,30,45294.0,142142164.60000002
2025-08-01 09:26:49 AM,1509.7,93,140402.1,142282566.70000002
2025-08-01 09:26:50 AM,1509.7,10,15097.0,142297663.70000002
2025-08-01 09:26:50 AM,1508.0,173,260884.0,142558547.70000002
2025-08-01 09:26:51 AM,1509.5,2,3019.0,142561566.70000002
2025-08-01 09:26:51 AM,1508.9,579,873653.1000000001,143435219.8
2025-08-01 09:26:51 AM,1509.3,0,0.0,143435219.8
2025-08-01 09:26:52 AM,1508.1,24,36194.399999999994,143471414.20000002
2025-08-01 09:26:52 AM,1509.3,5,7546.5,143478960.70000002
2025-08-01 09:26:53 AM,1508.2,82,123672.40000000001,143602633.10000002
2025-08-01 09:26:55 AM,1509.5,211,318504.5,143921137.60000002
2025-08-01 09:26:56 AM,1508.9,70,105623.0,144026760.60000002
2025-08-01 09:26:57 AM,1508.0,123,185484.0,144212244.60000002
2025-08-01 09:26:57 AM,1507.9,0,0.0,144212244.60000002
2025-08-01 09:26:58 AM,1507.9,17,25634.300000000003,144237878.90000004
2025-08-01 09:26:58 AM,1507.9,2,3015.8,144240894.70000005
2025-08-01 09:26:59 AM,1508.0,74,111592.0,144352486.70000005
2025-08-01 09:27:01 AM,1508.0,52,78416.0,144430902.70000005
2025-08-01 09:27:01 AM,1507.1,0,0.0,144430902.70000005
2025-08-01 09:27:02 AM,1507.1,41,61791.1,144492693.80000004
2025-08-01 09:27:02 AM,1508.0,0,0.0,144492693.80000004
2025-08-01 09:27:03 AM,1508.0,25,37700.0,144530393.80000004
2025-08-01 09:27:04 AM,1507.5,0,0.0,144530393.80000004
2025-08-01 09:27:05 AM,1507.5,145,218587.5,144748981.30000004
2025-08-01 09:27:05 AM,1508.0,0,0.0,144748981.30000004
2025-08-01 09:27:06 AM,1508.0,164,247312.0,144996293.30000004
2025-08-01 09:27:06 AM,1507.7,0,0.0,144996293.30000004
2025-08-01 09:27:07 AM,1507.7,95,143231.5,145139524.80000004
2025-08-01 09:27:07 AM,1508.0,0,0.0,145139524.80000004
2025-08-01 09:27:07 AM,1508.0,20,30160.0,145169684.80000004
2025-08-01 09:27:08 AM,1508.9,15,22633.5,145192318.30000004
2025-08-01 09:27:08 AM,1508.9,20,30178.0,145222496.30000004
2025-08-01 09:27:09 AM,1508.9,65,98078.5,145320574.80000004
2025-08-01 09:27:09 AM,1507.5,0,0.0,145320574.80000004
2025-08-01 09:27:09 AM,1507.5,14,21105.0,145341679.80000004
2025-08-01 09:27:10 AM,1508.4,6,9050.400000000001,145350730.20000005
2025-08-01 09:27:10 AM,1508.8,0,0.0,145350730.20000005
2025-08-01 09:27:10 AM,1508.8,1,1508.8,145352239.00000006
2025-08-01 09:27:11 AM,1507.8,0,0.0,145352239.00000006
2025-08-01 09:27:11 AM,1507.8,633,954437.4,146306676.40000007
2025-08-01 09:27:12 AM,1506.5,5,7532.5,146314208.90000007
2025-08-01 09:27:12 AM,1507.7,0,0.0,146314208.90000007
2025-08-01 09:27:12 AM,1507.7,57,85938.90000000001,146400147.80000007
2025-08-01 09:27:13 AM,1507.5,0,0.0,146400147.80000007
2025-08-01 09:27:13 AM,1507.5,52,78390.0,146478537.80000007
2025-08-01 09:27:14 AM,1507.5,10,15075.0,146493612.80000007
2025-08-01 09:27:15 AM,1507.5,6,9045.0,146502657.80000007
2025-08-01 09:27:16 AM,1506.6,1,1506.6,146504164.40000007
2025-08-01 09:27:16 AM,1506.6,3,4519.799999999999,146508684.20000008
2025-08-01 09:27:17 AM,1507.0,0,0.0,146508684.20000008
2025-08-01 09:27:17 AM,1507.0,8,12056.0,146520740.20000008
2025-08-01 09:27:18 AM,1507.0,8,12056.0,146532796.20000008
2025-08-01 09:27:19 AM,1507.0,9,13563.0,146546359.20000008
2025-08-01 09:27:19 AM,1507.8,0,0.0,146546359.20000008
2025-08-01 09:27:19 AM,1507.8,20,30156.0,146576515.20000008
2025-08-01 09:27:20 AM,1507.5,0,0.0,146576515.20000008
2025-08-01 09:27:20 AM,1507.5,121,182407.5,146758922.70000008
2025-08-01 09:27:21 AM,1507.7,5,7538.5,146766461.20000008
2025-08-01 09:27:21 AM,1507.8,0,0.0,146766461.20000008
2025-08-01 09:27:21 AM,1507.7,30,45231.0,146811692.20000008
2025-08-01 09:27:22 AM,1506.3,1833,2761047.9,149572740.10000008
2025-08-01 09:27:23 AM,1505.2,120,180624.0,149753364.10000008
2025-08-01 09:27:23 AM,1506.6,0,0.0,149753364.10000008
2025-08-01 09:27:24 AM,1506.6,25,37665.0,149791029.10000008
2025-08-01 09:27:24 AM,1506.8,20,30136.0,149821165.10000008
2025-08-01 09:27:25 AM,1507.0,234,352638.0,150173803.10000008
2025-08-01 09:27:25 AM,1507.0,1,1507.0,150175310.10000008
2025-08-01 09:27:26 AM,1506.2,125,188275.0,150363585.10000008
2025-08-01 09:27:28 AM,1507.0,8,12056.0,150375641.10000008
2025-08-01 09:27:30 AM,1507.0,4,6028.0,150381669.10000008
2025-08-01 09:27:30 AM,1506.3,0,0.0,150381669.10000008
2025-08-01 09:27:30 AM,1506.3,1,1506.3,150383175.4000001
2025-08-01 09:27:31 AM,1506.9,6,9041.400000000001,150392216.8000001
2025-08-01 09:27:32 AM,1506.9,1,1506.9,150393723.7000001
2025-08-01 09:27:33 AM,1507.0,101,152207.0,150545930.7000001
2025-08-01 09:27:34 AM,1507.0,29,43703.0,150589633.7000001
2025-08-01 09:27:35 AM,1507.0,2,3014.0,150592647.7000001
2025-08-01 09:27:37 AM,1507.0,100,150700.0,150743347.7000001
2025-08-01 09:27:37 AM,1507.0,5,7535.0,150750882.7000001
2025-08-01 09:27:37 AM,1506.1,0,0.0,150750882.7000001
2025-08-01 09:27:38 AM,1506.1,54,81329.4,150832212.1000001
2025-08-01 09:27:38 AM,1505.1,6,9030.599999999999,150841242.7000001
2025-08-01 09:27:39 AM,1506.0,25,37650.0,150878892.7000001
2025-08-01 09:27:39 AM,1505.0,0,0.0,150878892.7000001
2025-08-01 09:27:40 AM,1505.0,28,42140.0,150921032.7000001
2025-08-01 09:27:40 AM,1506.8,1008,1518854.4,152439887.1000001
2025-08-01 09:27:41 AM,1505.3,14,21074.2,152460961.3000001
2025-08-01 09:27:41 AM,1507.0,0,0.0,152460961.3000001
2025-08-01 09:27:42 AM,1507.0,10,15070.0,152476031.3000001
2025-08-01 09:27:42 AM,1507.0,17,25619.0,152501650.3000001
2025-08-01 09:27:44 AM,1505.1,40,60204.0,152561854.3000001
2025-08-01 09:27:44 AM,1505.2,0,0.0,152561854.3000001
2025-08-01 09:27:45 AM,1505.2,12,18062.4,152579916.7000001
2025-08-01 09:27:45 AM,1507.0,81,122067.0,152701983.7000001
2025-08-01 09:27:46 AM,1507.4,92,138680.80000000002,152840664.50000012
2025-08-01 09:27:46 AM,1507.3,0,0.0,152840664.50000012
2025-08-01 09:27:47 AM,1507.3,1,1507.3,152842171.80000013
2025-08-01 09:27:47 AM,1506.8,9,13561.199999999999,152855733.00000012
2025-08-01 09:27:48 AM,1506.8,5,7534.0,152863267.00000012
2025-08-01 09:27:49 AM,1505.6,40,60224.0,152923491.00000012
2025-08-01 09:27:49 AM,1506.9,0,0.0,152923491.00000012
2025-08-01 09:27:50 AM,1507.0,21,31647.0,152955138.00000012
2025-08-01 09:27:50 AM,1505.5,0,0.0,152955138.00000012
2025-08-01 09:27:51 AM,1505.5,50,75275.0,153030413.00000012
2025-08-01 09:27:51 AM,1506.8,0,0.0,153030413.00000012
2025-08-01 09:27:52 AM,1506.3,31,46695.299999999996,153077108.30000013
2025-08-01 09:27:52 AM,1506.5,0,0.0,153077108.30000013
2025-08-01 09:27:53 AM,1506.5,5,7532.5,153084640.80000013
2025-08-01 09:27:54 AM,1506.6,25,37665.0,153122305.80000013
2025-08-01 09:27:55 AM,1506.5,7,10545.5,153132851.30000013
2025-08-01 09:27:56 AM,1506.5,3,4519.5,153137370.80000013
2025-08-01 09:27:57 AM,1506.5,7,10545.5,153147916.30000013
2025-08-01 09:27:58 AM,1506.7,5,7533.5,153155449.80000013
2025-08-01 09:27:58 AM,1506.8,0,0.0,153155449.80000013
2025-08-01 09:27:59 AM,1506.8,20,30136.0,153185585.80000013
2025-08-01 09:28:00 AM,1507.0,805,1213135.0,154398720.80000013
2025-08-01 09:28:03 AM,1506.8,0,0.0,154398720.80000013
2025-08-01 09:28:04 AM,1507.0,238,358666.0,154757386.80000013
2025-08-01 09:28:10 AM,1509.3,0,0.0,154757386.80000013
2025-08-01 09:28:12 AM,1509.5,795,1200052.5,155957439.30000013
2025-08-01 09:28:13 AM,1508.3,106,159879.8,156117319.10000014
2025-08-01 09:28:16 AM,1509.2,0,0.0,156117319.10000014
2025-08-01 09:28:19 AM,1514.4,2038,3086347.2,159203666.30000013
2025-08-01 09:28:21 AM,1514.3,19,28771.7,159232438.00000012
2025-08-01 09:28:22 AM,1512.9,0,0.0,159232438.00000012
2025-08-01 09:28:22 AM,1512.7,0,0.0,159232438.00000012
2025-08-01 09:28:27 AM,1514.0,0,0.0,159232438.00000012
2025-08-01 09:28:27 AM,1514.0,212,320968.0,159553406.00000012
2025-08-01 09:28:28 AM,1513.1,125,189137.5,159742543.50000012
2025-08-01 09:28:32 AM,1514.4,0,0.0,159742543.50000012
2025-08-01 09:28:32 AM,1513.6,0,0.0,159742543.50000012
2025-08-01 09:28:35 AM,1513.8,536,811396.7999999999,160553940.30000013
2025-08-01 09:28:36 AM,1512.7,9,13614.300000000001,160567554.60000014
2025-08-01 09:28:38 AM,1513.6,0,0.0,160567554.60000014
2025-08-01 09:28:38 AM,1513.7,0,0.0,160567554.60000014
2025-08-01 09:28:42 AM,1514.0,329,498106.0,161065660.60000014
2025-08-01 09:28:44 AM,1514.0,10,15140.0,161080800.60000014
2025-08-01 09:28:49 AM,1513.8,0,0.0,161080800.60000014
2025-08-01 09:28:50 AM,1513.8,614,929473.2,162010273.80000013
2025-08-01 09:28:51 AM,1514.0,251,380014.0,162390287.80000013
2025-08-01 09:28:53 AM,1513.6,0,0.0,162390287.80000013
2025-08-01 09:28:54 AM,1513.0,0,0.0,162390287.80000013
2025-08-01 09:28:58 AM,1514.9,222,336307.80000000005,162726595.60000014
2025-08-01 09:28:59 AM,1515.5,841,1274535.5,164001131.10000014
2025-08-01 09:29:00 AM,1515.7,0,0.0,164001131.10000014
2025-08-01 09:29:00 AM,1515.9,0,0.0,164001131.10000014
2025-08-01 09:29:05 AM,1516.0,0,0.0,164001131.10000014
2025-08-01 09:29:05 AM,1514.9,194,293890.60000000003,164295021.70000014
2025-08-01 09:29:06 AM,1515.5,0,0.0,164295021.70000014
2025-08-01 09:29:07 AM,1515.5,37,56073.5,164351095.20000014
2025-08-01 09:29:11 AM,1515.4,0,0.0,164351095.20000014
2025-08-01 09:29:12 AM,1515.9,0,0.0,164351095.20000014
2025-08-01 09:29:13 AM,1515.2,848,1284889.6,165635984.80000013
2025-08-01 09:29:14 AM,1515.9,47,71247.3,165707232.10000014
2025-08-01 09:29:17 AM,1516.5,0,0.0,165707232.10000014
2025-08-01 09:29:21 AM,1516.6,313,474695.8,166181927.90000015
2025-08-01 09:29:22 AM,1516.5,53,80374.5,166262302.40000015
2025-08-01 09:29:22 AM,1516.9,0,0.0,166262302.40000015
2025-08-01 09:29:27 AM,1517.5,0,0.0,166262302.40000015
2025-08-01 09:29:28 AM,1517.5,1860,2822550.0,169084852.40000015
2025-08-01 09:29:30 AM,1517.5,226,342955.0,169427807.40000015
2025-08-01 09:29:36 AM,1514.9,3249,4921910.100000001,174349717.50000015
2025-08-01 09:29:37 AM,1514.3,12,18171.6,174367889.10000014
2025-08-01 09:29:42 AM,1514.5,0,0.0,174367889.10000014
2025-08-01 09:29:43 AM,1514.9,837,1267971.3,175635860.40000015
2025-08-01 09:29:44 AM,1515.7,111,168242.7,175804103.10000014
2025-08-01 09:29:47 AM,1515.0,0,0.0,175804103.10000014
2025-08-01 09:29:50 AM,1512.3,1272,1923645.5999999999,177727748.70000014
2025-08-01 09:29:51 AM,1512.1,30,45363.0,177773111.70000014
2025-08-01 09:29:52 AM,1512.5,0,0.0,177773111.70000014
2025-08-01 09:29:57 AM,1510.5,0,0.0,177773111.70000014
2025-08-01 09:29:58 AM,1510.8,786,1187488.8,178960600.50000015
2025-08-01 09:29:59 AM,1510.1,147,221984.69999999998,179182585.20000014
2025-08-01 09:30:04 AM,1509.6,0,0.0,179182585.20000014
2025-08-01 09:30:06 AM,1509.3,314,473920.2,179656505.40000013
2025-08-01 09:30:07 AM,1510.6,14,21148.399999999998,179677653.80000013
2025-08-01 09:30:11 AM,1507.1,0,0.0,179677653.80000013
2025-08-01 09:30:13 AM,1507.4,2716,4094098.4000000004,183771752.20000014
2025-08-01 09:30:14 AM,1506.9,5,7534.5,183779286.70000014
2025-08-01 09:30:18 AM,1507.0,0,0.0,183779286.70000014
2025-08-01 09:30:21 AM,1506.9,174,262200.60000000003,184041487.30000013
2025-08-01 09:30:22 AM,1505.1,98,147499.8,184188987.10000014
2025-08-01 09:30:25 AM,1506.0,0,0.0,184188987.10000014
2025-08-01 09:30:28 AM,1507.0,582,877074.0,185066061.10000014
2025-08-01 09:30:29 AM,1507.0,100,150700.0,185216761.10000014
2025-08-01 09:30:32 AM,1508.4,0,0.0,185216761.10000014
2025-08-01 09:30:36 AM,1509.0,471,710739.0,185927500.10000014
2025-08-01 09:30:36 AM,1509.0,132,199188.0,186126688.10000014
2025-08-01 09:30:43 AM,1508.7,162,244409.4,186371097.50000015
2025-08-01 09:30:44 AM,1508.7,127,191604.9,186562702.40000015
2025-08-01 09:30:46 AM,1508.5,0,0.0,186562702.40000015
2025-08-01 09:30:50 AM,1508.5,197,297174.5,186859876.90000015
2025-08-01 09:30:51 AM,1508.5,11,16593.5,186876470.40000015
2025-08-01 09:30:53 AM,1507.1,0,0.0,186876470.40000015
2025-08-01 09:30:58 AM,1508.5,1330,2006305.0,188882775.40000015
2025-08-01 09:31:01 AM,1508.2,0,0.0,188882775.40000015
2025-08-01 09:31:03 AM,1506.6,0,0.0,188882775.40000015
2025-08-01 09:31:05 AM,1507.7,515,776465.5,189659240.90000015
2025-08-01 09:31:08 AM,1507.9,0,0.0,189659240.90000015
2025-08-01 09:31:09 AM,1506.4,0,0.0,189659240.90000015
2025-08-01 09:31:12 AM,1505.2,344,517788.8,190177029.70000017
2025-08-01 09:31:13 AM,1506.3,1,1506.3,190178536.00000018
2025-08-01 09:31:15 AM,1505.0,0,0.0,190178536.00000018
2025-08-01 09:31:19 AM,1505.9,0,0.0,190178536.00000018
2025-08-01 09:31:20 AM,1505.9,476,716808.4,190895344.40000018
2025-08-01 09:31:20 AM,1506.0,10,15060.0,190910404.40000018
2025-08-01 09:31:21 AM,1505.2,0,0.0,190910404.40000018
2025-08-01 09:31:27 AM,1504.9,683,1027846.7000000001,191938251.10000017
2025-08-01 09:31:27 AM,1503.7,0,0.0,191938251.10000017
2025-08-01 09:31:28 AM,1503.7,20,30074.0,191968325.10000017
2025-08-01 09:31:31 AM,1502.7,0,0.0,191968325.10000017
2025-08-01 09:31:33 AM,1502.3,0,0.0,191968325.10000017
2025-08-01 09:31:34 AM,1504.0,2683,4035232.0,196003557.10000017
2025-08-01 09:31:35 AM,1504.0,85,127840.0,196131397.10000017
2025-08-01 09:31:37 AM,1504.7,0,0.0,196131397.10000017
2025-08-01 09:31:39 AM,1501.9,0,0.0,196131397.10000017
2025-08-01 09:31:41 AM,1503.0,757,1137771.0,197269168.10000017
2025-08-01 09:31:42 AM,1501.9,25,37547.5,197306715.60000017
2025-08-01 09:31:43 AM,1502.9,0,0.0,197306715.60000017
2025-08-01 09:31:45 AM,1502.6,0,0.0,197306715.60000017
2025-08-01 09:31:48 AM,1503.0,249,374247.0,197680962.60000017
2025-08-01 09:31:49 AM,1502.2,0,0.0,197680962.60000017
2025-08-01 09:31:50 AM,1503.0,0,0.0,197680962.60000017
2025-08-01 09:31:55 AM,1502.8,0,0.0,197680962.60000017
2025-08-01 09:31:55 AM,1502.1,281,422090.1,198103052.70000017
2025-08-01 09:31:55 AM,1502.1,20,30042.0,198133094.70000017
2025-08-01 09:31:55 AM,1502.5,0,0.0,198133094.70000017
2025-08-01 09:32:00 AM,1503.0,0,0.0,198133094.70000017
2025-08-01 09:32:00 AM,1502.2,0,0.0,198133094.70000017
2025-08-01 09:32:02 AM,1502.6,160,240416.0,198373510.70000017
2025-08-01 09:32:05 AM,1502.8,0,0.0,198373510.70000017
2025-08-01 09:32:05 AM,1502.6,0,0.0,198373510.70000017
2025-08-01 09:32:09 AM,1502.5,623,936057.5,199309568.20000017
2025-08-01 09:32:11 AM,1502.6,0,0.0,199309568.20000017
2025-08-01 09:32:16 AM,1503.3,313,470532.89999999997,199780101.10000017
2025-08-01 09:32:23 AM,1504.5,0,0.0,199780101.10000017
2025-08-01 09:32:23 AM,1505.8,476,716760.7999999999,200496861.90000018
2025-08-01 09:32:29 AM,1506.5,0,0.0,200496861.90000018
2025-08-01 09:32:29 AM,1508.0,0,0.0,200496861.90000018
2025-08-01 09:32:30 AM,1506.6,222,334465.19999999995,200831327.10000017
2025-08-01 09:32:35 AM,1507.9,0,0.0,200831327.10000017
2025-08-01 09:32:35 AM,1508.6,0,0.0,200831327.10000017
2025-08-01 09:32:37 AM,1508.1,136,205101.59999999998,201036428.70000017
2025-08-01 09:32:37 AM,1508.8,10,15088.0,201051516.70000017
2025-08-01 09:32:41 AM,1508.4,0,0.0,201051516.70000017
2025-08-01 09:32:41 AM,1508.1,0,0.0,201051516.70000017
2025-08-01 09:32:44 AM,1513.7,1904,2882084.8000000003,203933601.50000018
2025-08-01 09:32:44 AM,1514.9,6,9089.400000000001,203942690.90000018
2025-08-01 09:32:47 AM,1516.0,0,0.0,203942690.90000018
2025-08-01 09:32:47 AM,1516.5,0,0.0,203942690.90000018
2025-08-01 09:32:51 AM,1519.5,3532,5366874.0,209309564.90000018
2025-08-01 09:32:53 AM,1519.0,0,0.0,209309564.90000018
2025-08-01 09:32:53 AM,1519.6,0,0.0,209309564.90000018
2025-08-01 09:32:58 AM,1519.7,397,603320.9,209912885.8000002
2025-08-01 09:32:59 AM,1519.5,0,0.0,209912885.8000002
2025-08-01 09:33:05 AM,1518.1,0,0.0,209912885.8000002
2025-08-01 09:33:05 AM,1518.1,725,1100622.5,211013508.3000002
2025-08-01 09:33:05 AM,1519.3,0,0.0,211013508.3000002
2025-08-01 09:33:11 AM,1518.7,0,0.0,211013508.3000002
2025-08-01 09:33:12 AM,1518.7,793,1204329.1,212217837.40000018
2025-08-01 09:33:19 AM,1518.9,265,402508.5,212620345.90000018
2025-08-01 09:33:21 AM,1519.0,0,0.0,212620345.90000018
2025-08-01 09:33:25 AM,1518.3,990,1503117.0,214123462.90000018
2025-08-01 09:33:26 AM,1517.1,0,0.0,214123462.90000018
2025-08-01 09:33:26 AM,1518.9,0,0.0,214123462.90000018
2025-08-01 09:33:31 AM,1519.0,0,0.0,214123462.90000018
2025-08-01 09:33:31 AM,1518.9,0,0.0,214123462.90000018
2025-08-01 09:33:32 AM,1518.9,557,846027.3,214969490.2000002
2025-08-01 09:33:36 AM,1518.5,0,0.0,214969490.2000002
2025-08-01 09:33:39 AM,1518.9,334,507312.60000000003,215476802.8000002
2025-08-01 09:33:41 AM,1519.5,0,0.0,215476802.8000002
2025-08-01 09:33:43 AM,1509.5,0,0.0,215476802.8000002
2025-08-01 09:33:46 AM,1509.8,8113,12249007.4,227725810.2000002
2025-08-01 09:33:46 AM,1509.0,0,0.0,227725810.2000002
2025-08-01 09:33:51 AM,1509.7,0,0.0,227725810.2000002
2025-08-01 09:33:53 AM,1507.9,558,841408.2000000001,228567218.40000018
2025-08-01 09:33:55 AM,1508.1,0,0.0,228567218.40000018
2025-08-01 09:33:56 AM,1507.9,0,0.0,228567218.40000018
2025-08-01 09:34:00 AM,1509.7,510,769947.0,229337165.40000018
2025-08-01 09:34:01 AM,1508.7,3,4526.1,229341691.50000018
2025-08-01 09:34:06 AM,1511.2,0,0.0,229341691.50000018
2025-08-01 09:34:07 AM,1511.2,600,906720.0,230248411.50000018
2025-08-01 09:34:11 AM,1511.6,0,0.0,230248411.50000018
2025-08-01 09:34:14 AM,1511.3,82,123926.59999999999,230372338.10000017
2025-08-01 09:34:19 AM,1511.5,0,0.0,230372338.10000017
2025-08-01 09:34:21 AM,1513.1,0,0.0,230372338.10000017
2025-08-01 09:34:21 AM,1513.1,491,742932.1,231115270.20000017
2025-08-01 09:34:24 AM,1513.0,0,0.0,231115270.20000017
2025-08-01 09:34:26 AM,1513.4,0,0.0,231115270.20000017
2025-08-01 09:34:29 AM,1513.4,117,177067.80000000002,231292338.00000018
2025-08-01 09:34:29 AM,1513.4,2,3026.8,231295364.8000002
2025-08-01 09:34:31 AM,1513.5,0,0.0,231295364.8000002
2025-08-01 09:34:34 AM,1513.7,0,0.0,231295364.8000002
2025-08-01 09:34:35 AM,1514.7,132,199940.4,231495305.2000002
2025-08-01 09:34:39 AM,1513.5,0,0.0,231495305.2000002
2025-08-01 09:34:41 AM,1514.8,0,0.0,231495305.2000002
2025-08-01 09:34:42 AM,1514.7,107,162072.9,231657378.1000002
2025-08-01 09:34:43 AM,1514.8,20,30296.0,231687674.1000002
2025-08-01 09:34:44 AM,1513.1,0,0.0,231687674.1000002
2025-08-01 09:34:46 AM,1514.4,0,0.0,231687674.1000002
2025-08-01 09:34:49 AM,1513.6,0,0.0,231687674.1000002
2025-08-01 09:34:49 AM,1512.2,1381,2088348.2,233776022.3000002
2025-08-01 09:34:51 AM,1511.9,0,0.0,233776022.3000002
2025-08-01 09:34:54 AM,1512.2,0,0.0,233776022.3000002
2025-08-01 09:34:56 AM,1513.0,157,237541.0,234013563.3000002
2025-08-01 09:35:01 AM,1512.7,0,0.0,234013563.3000002
2025-08-01 09:35:03 AM,1512.4,113,170901.2,234184464.50000018
2025-08-01 09:35:06 AM,1513.0,0,0.0,234184464.50000018
2025-08-01 09:35:06 AM,1507.0,0,0.0,234184464.50000018
2025-08-01 09:35:10 AM,1508.6,2082,3140905.1999999997,237325369.70000017
2025-08-01 09:35:10 AM,1509.7,61,92091.7,237417461.40000015
2025-08-01 09:35:16 AM,1507.9,0,0.0,237417461.40000015
2025-08-01 09:35:16 AM,1509.1,0,0.0,237417461.40000015
2025-08-01 09:35:17 AM,1507.9,36,54284.4,237471745.80000016
2025-08-01 09:35:18 AM,1509.2,20,30184.0,237501929.80000016
2025-08-01 09:35:21 AM,1509.4,0,0.0,237501929.80000016
2025-08-01 09:35:21 AM,1508.3,0,0.0,237501929.80000016
2025-08-01 09:35:24 AM,1508.1,490,738969.0,238240898.80000016
2025-08-01 09:35:26 AM,1509.7,0,0.0,238240898.80000016
2025-08-01 09:35:26 AM,1512.2,0,0.0,238240898.80000016
2025-08-01 09:35:31 AM,1511.5,0,0.0,238240898.80000016
2025-08-01 09:35:31 AM,1512.7,236,356997.2,238597896.00000015
2025-08-01 09:35:38 AM,1512.7,108,163371.6,238761267.60000014
2025-08-01 09:35:41 AM,1513.0,0,0.0,238761267.60000014
2025-08-01 09:35:45 AM,1512.7,191,288925.7,239050193.30000013
2025-08-01 09:35:46 AM,1511.6,0,0.0,239050193.30000013
2025-08-01 09:35:46 AM,1512.3,0,0.0,239050193.30000013
2025-08-01 09:35:51 AM,1512.7,0,0.0,239050193.30000013
2025-08-01 09:35:51 AM,1512.7,138,208752.6,239258945.90000013
2025-08-01 09:35:56 AM,1511.9,0,0.0,239258945.90000013
2025-08-01 09:35:56 AM,1510.7,0,0.0,239258945.90000013
2025-08-01 09:35:58 AM,1511.7,252,380948.4,239639894.30000013
2025-08-01 09:36:01 AM,1510.9,0,0.0,239639894.30000013
2025-08-01 09:36:01 AM,1512.2,0,0.0,239639894.30000013
2025-08-01 09:36:04 AM,1512.4,0,0.0,239639894.30000013
2025-08-01 09:36:04 AM,1511.7,0,0.0,239639894.30000013
2025-08-01 09:36:05 AM,1511.7,97,146634.9,239786529.20000014
2025-08-01 09:36:08 AM,1512.0,0,0.0,239786529.20000014
2025-08-01 09:36:08 AM,1511.0,0,0.0,239786529.20000014
2025-08-01 09:36:12 AM,1513.4,0,0.0,239786529.20000014
2025-08-01 09:36:12 AM,1513.4,807,1221313.8,241007843.00000015
2025-08-01 09:36:17 AM,1513.0,0,0.0,241007843.00000015
2025-08-01 09:36:17 AM,1512.6,0,0.0,241007843.00000015
2025-08-01 09:36:18 AM,1514.1,206,311904.6,241319747.60000014
2025-08-01 09:36:19 AM,1513.1,26,39340.6,241359088.20000014
2025-08-01 09:36:20 AM,1514.7,0,0.0,241359088.20000014
2025-08-01 09:36:24 AM,1513.0,0,0.0,241359088.20000014
2025-08-01 09:36:24 AM,1514.8,0,0.0,241359088.20000014
2025-08-01 09:36:25 AM,1514.8,308,466558.39999999997,241825646.60000014
2025-08-01 09:36:25 AM,1514.8,5,7574.0,241833220.60000014
2025-08-01 09:36:28 AM,1513.8,0,0.0,241833220.60000014
2025-08-01 09:36:28 AM,1514.7,0,0.0,241833220.60000014
2025-08-01 09:36:31 AM,1515.5,800,1212400.0,243045620.60000014
2025-08-01 09:36:31 AM,1515.3,25,37882.5,243083503.10000014
2025-08-01 09:36:32 AM,1516.2,0,0.0,243083503.10000014
2025-08-01 09:36:36 AM,1516.4,0,0.0,243083503.10000014
2025-08-01 09:36:36 AM,1517.9,0,0.0,243083503.10000014
2025-08-01 09:36:38 AM,1519.0,2316,3518004.0,246601507.10000014
2025-08-01 09:36:38 AM,1518.1,37,56169.7,246657676.80000013
2025-08-01 09:36:40 AM,1518.9,0,0.0,246657676.80000013
2025-08-01 09:36:40 AM,1519.0,0,0.0,246657676.80000013
2025-08-01 09:36:44 AM,1518.4,0,0.0,246657676.80000013
2025-08-01 09:36:44 AM,1519.0,1045,1587355.0,248245031.80000013
2025-08-01 09:36:44 AM,1518.4,1,1518.4,248246550.20000014
2025-08-01 09:36:48 AM,1519.0,0,0.0,248246550.20000014
2025-08-01 09:36:51 AM,1518.5,48,72888.0,248319438.20000014
2025-08-01 09:36:51 AM,1519.0,34,51646.0,248371084.20000014
2025-08-01 09:36:52 AM,1518.4,0,0.0,248371084.20000014
2025-08-01 09:36:56 AM,1519.0,0,0.0,248371084.20000014
2025-08-01 09:36:57 AM,1518.4,560,850304.0,249221388.20000014
2025-08-01 09:37:00 AM,1519.0,0,0.0,249221388.20000014
2025-08-01 09:37:04 AM,1517.4,0,0.0,249221388.20000014
2025-08-01 09:37:04 AM,1516.6,1592,2414427.1999999997,251635815.40000013
2025-08-01 09:37:05 AM,1517.4,52,78904.8,251714720.20000014
2025-08-01 09:37:05 AM,1512.8,0,0.0,251714720.20000014
2025-08-01 09:37:09 AM,1513.7,0,0.0,251714720.20000014
2025-08-01 09:37:10 AM,1512.8,0,0.0,251714720.20000014
2025-08-01 09:37:11 AM,1512.8,1314,1987819.2,253702539.40000013
2025-08-01 09:37:12 AM,1511.8,9,13606.199999999999,253716145.6000001
2025-08-01 09:37:14 AM,1513.2,0,0.0,253716145.6000001
2025-08-01 09:37:19 AM,1512.8,66,99844.8,253815990.40000013
2025-08-01 09:37:19 AM,1512.8,4,6051.2,253822041.6000001
2025-08-01 09:37:20 AM,1513.2,0,0.0,253822041.6000001
2025-08-01 09:37:24 AM,1513.8,0,0.0,253822041.6000001
2025-08-01 09:37:25 AM,1514.0,253,383042.0,254205083.6000001
2025-08-01 09:37:26 AM,1513.3,10,15133.0,254220216.6000001
2025-08-01 09:37:29 AM,1512.4,0,0.0,254220216.6000001
2025-08-01 09:37:30 AM,1511.1,0,0.0,254220216.6000001
2025-08-01 09:37:32 AM,1511.9,1570,2373683.0,256593899.6000001
2025-08-01 09:37:32 AM,1511.5,20,30230.0,256624129.6000001
2025-08-01 09:37:35 AM,1510.8,0,0.0,256624129.6000001
2025-08-01 09:37:38 AM,1511.9,0,0.0,256624129.6000001
2025-08-01 09:37:39 AM,1511.9,101,152701.90000000002,256776831.50000012
2025-08-01 09:37:42 AM,1510.0,0,0.0,256776831.50000012
2025-08-01 09:37:44 AM,1510.6,0,0.0,256776831.50000012
2025-08-01 09:37:46 AM,1510.6,1465,2213029.0,258989860.50000012
2025-08-01 09:37:46 AM,1510.7,11,16617.7,259006478.2000001
2025-08-01 09:37:46 AM,1510.8,0,0.0,259006478.2000001
2025-08-01 09:37:52 AM,1510.9,126,190373.40000000002,259196851.6000001
2025-08-01 09:37:54 AM,1510.2,0,0.0,259196851.6000001
2025-08-01 09:37:56 AM,1511.7,0,0.0,259196851.6000001
2025-08-01 09:37:59 AM,1510.2,152,229550.4,259426402.00000012
2025-08-01 09:37:59 AM,1511.3,5,7556.5,259433958.50000012
2025-08-01 09:37:59 AM,1511.4,0,0.0,259433958.50000012
2025-08-01 09:38:04 AM,1509.9,0,0.0,259433958.50000012
2025-08-01 09:38:06 AM,1510.0,0,0.0,259433958.50000012
2025-08-01 09:38:06 AM,1510.0,547,825970.0,260259928.50000012
2025-08-01 09:38:12 AM,1509.5,0,0.0,260259928.50000012
2025-08-01 09:38:13 AM,1509.5,98,147931.0,260407859.50000012
2025-08-01 09:38:13 AM,1509.5,4,6038.0,260413897.50000012
2025-08-01 09:38:16 AM,1509.6,0,0.0,260413897.50000012
2025-08-01 09:38:20 AM,1509.0,369,556821.0,260970718.50000012
2025-08-01 09:38:21 AM,1508.0,0,0.0,260970718.50000012
2025-08-01 09:38:26 AM,1509.5,972,1467234.0,262437952.50000012
2025-08-01 09:38:26 AM,1508.5,0,0.0,262437952.50000012
2025-08-01 09:38:31 AM,1509.0,0,0.0,262437952.50000012
2025-08-01 09:38:33 AM,1509.0,149,224841.0,262662793.50000012
2025-08-01 09:38:40 AM,1508.1,195,294079.5,262956873.00000012
2025-08-01 09:38:41 AM,1509.0,0,0.0,262956873.00000012
2025-08-01 09:38:46 AM,1508.4,560,844704.0,263801577.00000012
2025-08-01 09:38:48 AM,1508.5,0,0.0,263801577.00000012
2025-08-01 09:38:52 AM,1509.0,0,0.0,263801577.00000012
2025-08-01 09:38:53 AM,1509.0,236,356124.0,264157701.00000012
2025-08-01 09:38:57 AM,1508.4,0,0.0,264157701.00000012
2025-08-01 09:38:59 AM,1508.0,134,202072.0,264359773.00000012
2025-08-01 09:39:01 AM,1509.0,0,0.0,264359773.00000012
2025-08-01 09:39:01 AM,1508.1,0,0.0,264359773.00000012
2025-08-01 09:39:06 AM,1508.0,352,530816.0,264890589.00000012
2025-08-01 09:39:06 AM,1508.0,1,1508.0,264892097.00000012
2025-08-01 09:39:11 AM,1507.0,0,0.0,264892097.00000012
2025-08-01 09:39:13 AM,1507.0,364,548548.0,265440645.00000012
2025-08-01 09:39:16 AM,1508.0,0,0.0,265440645.00000012
2025-08-01 09:39:20 AM,1507.0,225,339075.0,265779720.00000012
2025-08-01 09:39:21 AM,1508.0,0,0.0,265779720.00000012
2025-08-01 09:39:27 AM,1508.0,108,162864.0,265942584.00000012
2025-08-01 09:39:33 AM,1508.0,62,93496.0,266036080.00000012
2025-08-01 09:39:33 AM,1507.9,25,37697.5,266073777.50000012
2025-08-01 09:39:37 AM,1510.1,0,0.0,266073777.50000012
2025-08-01 09:39:40 AM,1510.8,12823,19372988.4,285446765.9000001
2025-08-01 09:39:41 AM,1511.0,0,0.0,285446765.9000001
2025-08-01 09:39:46 AM,1511.0,36,54396.0,285501161.9000001
2025-08-01 09:39:49 AM,1510.6,0,0.0,285501161.9000001
2025-08-01 09:39:53 AM,1511.0,107,161677.0,285662838.9000001
2025-08-01 09:39:53 AM,1511.0,2,3022.0,285665860.9000001
2025-08-01 09:39:53 AM,1510.0,0,0.0,285665860.9000001
2025-08-01 09:39:57 AM,1511.0,0,0.0,285665860.9000001
2025-08-01 09:39:59 AM,1511.0,435,657285.0,286323145.9000001
2025-08-01 09:40:00 AM,1510.9,8,12087.2,286335233.1000001
2025-08-01 09:40:01 AM,1510.0,0,0.0,286335233.1000001
2025-08-01 09:40:02 AM,1511.0,0,0.0,286335233.1000001
2025-08-01 09:40:05 AM,1510.1,0,0.0,286335233.1000001
2025-08-01 09:40:06 AM,1510.1,219,330711.89999999997,286665945.00000006
2025-08-01 09:40:06 AM,1510.9,110,166199.0,286832144.00000006
2025-08-01 09:40:10 AM,1511.0,0,0.0,286832144.00000006
2025-08-01 09:40:12 AM,1512.0,625,945000.0,287777144.00000006
2025-08-01 09:40:13 AM,1511.9,15,22678.5,287799822.50000006
2025-08-01 09:40:16 AM,1512.0,0,0.0,287799822.50000006
2025-08-01 09:40:19 AM,1512.0,85,128520.0,287928342.50000006
2025-08-01 09:40:23 AM,1513.3,0,0.0,287928342.50000006
2025-08-01 09:40:25 AM,1513.4,424,641681.6000000001,288570024.1000001
2025-08-01 09:40:26 AM,1513.4,2,3026.8,288573050.9000001
2025-08-01 09:40:28 AM,1513.3,0,0.0,288573050.9000001
2025-08-01 09:40:30 AM,1513.5,0,0.0,288573050.9000001
2025-08-01 09:40:32 AM,1514.8,195,295386.0,288868436.9000001
2025-08-01 09:40:33 AM,1514.9,0,0.0,288868436.9000001
2025-08-01 09:40:33 AM,1514.9,3,4544.700000000001,288872981.6000001
2025-08-01 09:40:36 AM,1513.5,0,0.0,288872981.6000001
2025-08-01 09:40:39 AM,1513.4,655,991277.0000000001,289864258.6000001
2025-08-01 09:40:41 AM,1514.2,0,0.0,289864258.6000001
2025-08-01 09:40:44 AM,1514.4,0,0.0,289864258.6000001
2025-08-01 09:40:45 AM,1514.4,86,130238.40000000001,289994497.00000006
2025-08-01 09:40:49 AM,1514.0,0,0.0,289994497.00000006
2025-08-01 09:40:52 AM,1514.0,190,287660.0,290282157.00000006
2025-08-01 09:40:54 AM,1514.7,0,0.0,290282157.00000006
2025-08-01 09:40:58 AM,1515.4,62,93954.8,290376111.8000001
2025-08-01 09:40:59 AM,1514.2,25,37855.0,290413966.8000001
2025-08-01 09:40:59 AM,1515.5,0,0.0,290413966.8000001
2025-08-01 09:41:04 AM,1514.9,0,0.0,290413966.8000001
2025-08-01 09:41:05 AM,1515.7,111,168242.7,290582209.50000006
2025-08-01 09:41:06 AM,1514.9,68,103013.20000000001,290685222.70000005
2025-08-01 09:41:09 AM,1515.0,0,0.0,290685222.70000005
2025-08-01 09:41:12 AM,1516.0,1032,1564512.0,292249734.70000005
2025-08-01 09:41:14 AM,1515.0,0,0.0,292249734.70000005
2025-08-01 09:41:19 AM,1514.0,710,1074940.0,293324674.70000005
2025-08-01 09:41:19 AM,1513.9,5,7569.5,293332244.20000005
2025-08-01 09:41:20 AM,1514.2,0,0.0,293332244.20000005
2025-08-01 09:41:24 AM,1514.7,0,0.0,293332244.20000005
2025-08-01 09:41:25 AM,1513.4,326,493368.4,293825612.6
2025-08-01 09:41:26 AM,1514.0,40,60560.0,293886172.6
2025-08-01 09:41:28 AM,1514.1,0,0.0,293886172.6
2025-08-01 09:41:32 AM,1514.1,488,738880.7999999999,294625053.40000004
2025-08-01 09:41:32 AM,1514.2,0,0.0,294625053.40000004
2025-08-01 09:41:33 AM,1514.2,3,4542.6,294629596.00000006
2025-08-01 09:41:36 AM,1514.1,0,0.0,294629596.00000006
2025-08-01 09:41:38 AM,1514.0,70,105980.0,294735576.00000006
2025-08-01 09:41:39 AM,1514.0,4,6056.0,294741632.00000006
2025-08-01 09:41:44 AM,1515.4,0,0.0,294741632.00000006
2025-08-01 09:41:45 AM,1515.5,88,133364.0,294874996.00000006
2025-08-01 09:41:48 AM,1515.4,0,0.0,294874996.00000006
2025-08-01 09:41:51 AM,1516.0,251,380516.0,295255512.00000006
2025-08-01 09:41:53 AM,1514.3,0,0.0,295255512.00000006
2025-08-01 09:41:56 AM,1515.3,0,0.0,295255512.00000006
2025-08-01 09:41:58 AM,1515.0,60,90900.0,295346412.00000006
2025-08-01 09:41:59 AM,1515.0,4,6060.0,295352472.00000006
2025-08-01 09:42:00 AM,1515.4,0,0.0,295352472.00000006
2025-08-01 09:42:04 AM,1515.0,239,362085.0,295714557.00000006
2025-08-01 09:42:10 AM,1514.7,0,0.0,295714557.00000006
2025-08-01 09:42:10 AM,1515.0,0,0.0,295714557.00000006
2025-08-01 09:42:11 AM,1514.0,1089,1648746.0,297363303.00000006
2025-08-01 09:42:12 AM,1515.0,25,37875.0,297401178.00000006
2025-08-01 09:42:13 AM,1514.9,0,0.0,297401178.00000006
2025-08-01 09:42:17 AM,1514.0,0,0.0,297401178.00000006
2025-08-01 09:42:17 AM,1514.0,69,104466.0,297505644.00000006
2025-08-01 09:42:24 AM,1513.9,149,225571.1,297731215.1000001
2025-08-01 09:42:25 AM,1514.6,58,87846.79999999999,297819061.9000001
2025-08-01 09:42:27 AM,1514.0,0,0.0,297819061.9000001
2025-08-01 09:42:31 AM,1514.5,228,345306.0,298164367.9000001
2025-08-01 09:42:32 AM,1514.3,30,45429.0,298209796.9000001
2025-08-01 09:42:32 AM,1514.0,0,0.0,298209796.9000001
2025-08-01 09:42:35 AM,1514.1,0,0.0,298209796.9000001
2025-08-01 09:42:37 AM,1514.2,54,81766.8,298291563.7000001
2025-08-01 09:42:38 AM,1513.6,1,1513.6,298293077.30000013
2025-08-01 09:42:43 AM,1514.2,0,0.0,298293077.30000013
2025-08-01 09:42:43 AM,1514.2,26,39369.200000000004,298332446.5000001
2025-08-01 09:42:45 AM,1514.8,10,15148.0,298347594.5000001
2025-08-01 09:42:47 AM,1514.0,0,0.0,298347594.5000001
2025-08-01 09:42:47 AM,1514.4,0,0.0,298347594.5000001
2025-08-01 09:42:50 AM,1514.5,59,89355.5,298436950.0000001
2025-08-01 09:42:51 AM,1513.1,0,0.0,298436950.0000001
2025-08-01 09:42:51 AM,1513.1,10,15131.0,298452081.0000001
2025-08-01 09:42:55 AM,1513.0,0,0.0,298452081.0000001
2025-08-01 09:42:56 AM,1513.0,38,57494.0,298509575.0000001
2025-08-01 09:42:57 AM,1514.2,6,9085.2,298518660.2000001
2025-08-01 09:43:03 AM,1514.4,0,0.0,298518660.2000001
2025-08-01 09:43:03 AM,1514.4,34,51489.600000000006,298570149.80000013
2025-08-01 09:43:04 AM,1514.4,10,15144.0,298585293.80000013
2025-08-01 09:43:07 AM,1512.3,0,0.0,298585293.80000013
2025-08-01 09:43:10 AM,1513.4,375,567525.0,299152818.80000013
2025-08-01 09:43:11 AM,1513.9,0,0.0,299152818.80000013
2025-08-01 09:43:15 AM,1514.0,0,0.0,299152818.80000013
2025-08-01 09:43:16 AM,1512.8,339,512839.2,299665658.0000001
2025-08-01 09:43:19 AM,1513.9,0,0.0,299665658.0000001
2025-08-01 09:43:23 AM,1514.0,0,0.0,299665658.0000001
2025-08-01 09:43:23 AM,1514.0,237,358818.0,300024476.0000001
2025-08-01 09:43:24 AM,1513.6,1,1513.6,300025989.60000014
2025-08-01 09:43:27 AM,1514.0,0,0.0,300025989.60000014
2025-08-01 09:43:30 AM,1514.0,69,104466.0,300130455.60000014
2025-08-01 09:43:30 AM,1513.9,4,6055.6,300136511.20000017
2025-08-01 09:43:31 AM,1513.4,0,0.0,300136511.20000017
2025-08-01 09:43:35 AM,1513.9,0,0.0,300136511.20000017
2025-08-01 09:43:36 AM,1514.0,31,46934.0,300183445.20000017
2025-08-01 09:43:37 AM,1514.0,2,3028.0,300186473.20000017
2025-08-01 09:43:40 AM,1513.4,0,0.0,300186473.20000017
2025-08-01 09:43:43 AM,1514.0,0,0.0,300186473.20000017
2025-08-01 09:43:43 AM,1514.0,66,99924.0,300286397.20000017
2025-08-01 09:43:44 AM,1514.0,5,7570.0,300293967.20000017
2025-08-01 09:43:49 AM,1514.0,204,308856.0,300602823.20000017
2025-08-01 09:43:51 AM,1513.9,0,0.0,300602823.20000017
2025-08-01 09:43:55 AM,1514.2,0,0.0,300602823.20000017
2025-08-01 09:43:55 AM,1514.5,0,0.0,300602823.20000017
2025-08-01 09:43:56 AM,1514.5,783,1185853.5,301788676.70000017
2025-08-01 09:43:57 AM,1514.1,12,18169.199999999997,301806845.90000015
2025-08-01 09:43:59 AM,1514.5,0,0.0,301806845.90000015
2025-08-01 09:44:02 AM,1514.0,310,469340.0,302276185.90000015
2025-08-01 09:44:03 AM,1514.5,4,6058.0,302282243.90000015
2025-08-01 09:44:08 AM,1514.4,0,0.0,302282243.90000015
2025-08-01 09:44:09 AM,1514.4,115,174156.0,302456399.90000015
2025-08-01 09:44:12 AM,1514.1,0,0.0,302456399.90000015
2025-08-01 09:44:13 AM,1514.0,0,0.0,302456399.90000015
2025-08-01 09:44:16 AM,1514.4,168,254419.2,302710819.10000014
2025-08-01 09:44:17 AM,1514.4,4,6057.6,302716876.70000017
2025-08-01 09:44:18 AM,1514.5,0,0.0,302716876.70000017
2025-08-01 09:44:20 AM,1520.9,0,0.0,302716876.70000017
2025-08-01 09:44:23 AM,1521.3,11078,16852961.4,319569838.10000014
2025-08-01 09:44:24 AM,1523.1,40,60924.0,319630762.10000014
2025-08-01 09:44:25 AM,1523.6,0,0.0,319630762.10000014
2025-08-01 09:44:27 AM,1524.3,0,0.0,319630762.10000014
2025-08-01 09:44:29 AM,1523.7,0,0.0,319630762.10000014
2025-08-01 09:44:29 AM,1524.7,699,1065765.3,320696527.40000015
2025-08-01 09:44:30 AM,1524.7,6,9148.2,320705675.60000014
2025-08-01 09:44:31 AM,1524.9,0,0.0,320705675.60000014
2025-08-01 09:44:33 AM,1524.3,0,0.0,320705675.60000014
2025-08-01 09:44:35 AM,1524.5,725,1105262.5,321810938.10000014
2025-08-01 09:44:35 AM,1523.1,0,0.0,321810938.10000014
2025-08-01 09:44:36 AM,1521.7,119,181082.30000000002,321992020.40000015
2025-08-01 09:44:42 AM,1522.0,1062,1616364.0,323608384.40000015
2025-08-01 09:44:43 AM,1521.6,66,100425.59999999999,323708810.0000002
2025-08-01 09:44:47 AM,1520.1,0,0.0,323708810.0000002
2025-08-01 09:44:48 AM,1519.0,1138,1728622.0,325437432.0000002
2025-08-01 09:44:49 AM,1518.7,15,22780.5,325460212.5000002
2025-08-01 09:44:51 AM,1521.1,0,0.0,325460212.5000002
2025-08-01 09:44:53 AM,1521.5,0,0.0,325460212.5000002
2025-08-01 09:44:54 AM,1521.6,427,649723.2,326109935.70000017
2025-08-01 09:44:57 AM,1520.1,0,0.0,326109935.70000017
2025-08-01 09:44:59 AM,1519.7,0,0.0,326109935.70000017
2025-08-01 09:45:01 AM,1520.0,0,0.0,326109935.70000017
2025-08-01 09:45:01 AM,1520.0,792,1203840.0,327313775.70000017
2025-08-01 09:45:02 AM,1520.0,12,18240.0,327332015.70000017
2025-08-01 09:45:08 AM,1520.8,156,237244.8,327569260.5000002
2025-08-01 09:45:09 AM,1520.9,20,30418.0,327599678.5000002
2025-08-01 09:45:09 AM,1521.0,0,0.0,327599678.5000002
2025-08-01 09:45:11 AM,1520.0,0,0.0,327599678.5000002
2025-08-01 09:45:15 AM,1521.5,342,520353.0,328120031.5000002
2025-08-01 09:45:16 AM,1521.0,0,0.0,328120031.5000002
2025-08-01 09:45:16 AM,1520.3,31,47129.299999999996,328167160.8000002
2025-08-01 09:45:20 AM,1520.1,0,0.0,328167160.8000002
2025-08-01 09:45:21 AM,1521.6,153,232804.8,328399965.6000002
2025-08-01 09:45:22 AM,1519.1,107,162543.69999999998,328562509.3000002
2025-08-01 09:45:24 AM,1520.3,0,0.0,328562509.3000002
2025-08-01 09:45:27 AM,1520.6,33,50179.799999999996,328612689.1000002
2025-08-01 09:45:28 AM,1520.0,0,0.0,328612689.1000002
2025-08-01 09:45:29 AM,1520.0,35,53200.0,328665889.1000002
2025-08-01 09:45:34 AM,1520.0,256,389120.0,329055009.1000002
2025-08-01 09:45:35 AM,1520.0,14,21280.0,329076289.1000002
2025-08-01 09:45:39 AM,1518.4,0,0.0,329076289.1000002
2025-08-01 09:45:40 AM,1516.7,0,0.0,329076289.1000002
2025-08-01 09:45:40 AM,1516.7,455,690098.5,329766387.6000002
2025-08-01 09:45:42 AM,1518.3,16,24292.8,329790680.4000002
2025-08-01 09:45:43 AM,1518.4,0,0.0,329790680.4000002
2025-08-01 09:45:47 AM,1516.8,123,186566.4,329977246.8000002
2025-08-01 09:45:47 AM,1517.5,0,0.0,329977246.8000002
2025-08-01 09:45:48 AM,1518.0,51,77418.0,330054664.8000002
2025-08-01 09:45:54 AM,1518.0,245,371910.0,330426574.8000002
2025-08-01 09:45:54 AM,1514.1,0,0.0,330426574.8000002
2025-08-01 09:45:55 AM,1514.1,652,987193.2,331413768.0000002
2025-08-01 09:45:57 AM,1518.8,0,0.0,331413768.0000002
2025-08-01 09:46:00 AM,1518.0,18,27324.0,331441092.0000002
2025-08-01 09:46:01 AM,1518.0,22,33396.0,331474488.0000002
2025-08-01 09:46:06 AM,1518.3,0,0.0,331474488.0000002
2025-08-01 09:46:06 AM,1517.0,182,276094.0,331750582.0000002
2025-08-01 09:46:07 AM,1516.8,0,0.0,331750582.0000002
2025-08-01 09:46:08 AM,1516.1,175,265317.5,332015899.5000002
2025-08-01 09:46:11 AM,1515.6,0,0.0,332015899.5000002
2025-08-01 09:46:12 AM,1516.8,0,0.0,332015899.5000002
2025-08-01 09:46:13 AM,1516.8,100,151680.0,332167579.5000002
2025-08-01 09:46:14 AM,1515.5,25,37887.5,332205467.0000002
2025-08-01 09:46:16 AM,1517.7,0,0.0,332205467.0000002
2025-08-01 09:46:17 AM,1517.9,0,0.0,332205467.0000002
2025-08-01 09:46:19 AM,1517.9,82,124467.8,332329934.8000002
2025-08-01 09:46:21 AM,1517.7,0,0.0,332329934.8000002
2025-08-01 09:46:21 AM,1517.7,20,30354.0,332360288.8000002
2025-08-01 09:46:22 AM,1517.6,0,0.0,332360288.8000002
2025-08-01 09:46:24 AM,1516.6,0,0.0,332360288.8000002
2025-08-01 09:46:25 AM,1516.9,0,0.0,332360288.8000002
2025-08-01 09:46:26 AM,1516.9,1287,1952250.3,334312539.1000002
2025-08-01 09:46:27 AM,1517.2,4,6068.8,334318607.9000002
2025-08-01 09:46:29 AM,1518.0,0,0.0,334318607.9000002
2025-08-01 09:46:32 AM,1517.8,0,0.0,334318607.9000002
2025-08-01 09:46:32 AM,1517.6,403,611592.7999999999,334930200.7000002
2025-08-01 09:46:34 AM,1517.6,10,15176.0,334945376.7000002
2025-08-01 09:46:38 AM,1518.1,153,232269.3,335177646.00000024
2025-08-01 09:46:40 AM,1517.5,0,0.0,335177646.00000024
2025-08-01 09:46:40 AM,1515.6,259,392540.39999999997,335570186.4000002
2025-08-01 09:46:41 AM,1516.9,0,0.0,335570186.4000002
2025-08-01 09:46:44 AM,1515.5,0,0.0,335570186.4000002
2025-08-01 09:46:44 AM,1515.5,69,104569.5,335674755.9000002
2025-08-01 09:46:46 AM,1516.9,1,1516.9,335676272.8000002
2025-08-01 09:46:50 AM,1517.3,0,0.0,335676272.8000002
2025-08-01 09:46:51 AM,1517.3,137,207870.1,335884142.9000002
2025-08-01 09:46:56 AM,1517.0,0,0.0,335884142.9000002
2025-08-01 09:46:57 AM,1517.0,218,330706.0,336214848.9000002
2025-08-01 09:47:01 AM,1515.6,0,0.0,336214848.9000002
2025-08-01 09:47:03 AM,1515.6,120,181872.0,336396720.9000002
2025-08-01 09:47:04 AM,1516.9,0,0.0,336396720.9000002
2025-08-01 09:47:05 AM,1516.5,31,47011.5,336443732.4000002
2025-08-01 09:47:09 AM,1516.5,55,83407.5,336527139.9000002
2025-08-01 09:47:11 AM,1516.0,53,80348.0,336607487.9000002
2025-08-01 09:47:14 AM,1516.9,0,0.0,336607487.9000002
2025-08-01 09:47:16 AM,1516.6,747,1132900.2,337740388.1000002
2025-08-01 09:47:17 AM,1517.2,0,0.0,337740388.1000002
2025-08-01 09:47:18 AM,1517.2,31,47033.200000000004,337787421.3000002
2025-08-01 09:47:21 AM,1516.8,0,0.0,337787421.3000002
2025-08-01 09:47:22 AM,1517.2,148,224545.6,338011966.9000002
2025-08-01 09:47:24 AM,1517.0,0,0.0,338011966.9000002
2025-08-01 09:47:24 AM,1517.2,125,189650.0,338201616.9000002
2025-08-01 09:47:25 AM,1517.0,0,0.0,338201616.9000002
2025-08-01 09:47:28 AM,1517.2,0,0.0,338201616.9000002
2025-08-01 09:47:28 AM,1517.2,21,31861.2,338233478.1000002
2025-08-01 09:47:29 AM,1517.3,0,0.0,338233478.1000002
2025-08-01 09:47:30 AM,1517.2,55,83446.0,338316924.1000002
2025-08-01 09:47:33 AM,1517.0,0,0.0,338316924.1000002
2025-08-01 09:47:34 AM,1517.2,0,0.0,338316924.1000002
2025-08-01 09:47:35 AM,1517.2,748,1134865.6,339451789.7000002
2025-08-01 09:47:37 AM,1517.2,36,54619.200000000004,339506408.9000002
2025-08-01 09:47:41 AM,1517.2,69,104686.8,339611095.7000002
2025-08-01 09:47:44 AM,1517.2,14,21240.8,339632336.50000024
2025-08-01 09:47:47 AM,1516.0,0,0.0,339632336.50000024
2025-08-01 09:47:48 AM,1517.3,70,106211.0,339738547.50000024
2025-08-01 09:47:50 AM,1517.2,0,0.0,339738547.50000024
2025-08-01 09:47:51 AM,1517.2,28,42481.6,339781029.10000026
2025-08-01 09:47:54 AM,1516.0,0,0.0,339781029.10000026
2025-08-01 09:47:54 AM,1516.6,0,0.0,339781029.10000026
2025-08-01 09:47:55 AM,1517.2,121,183581.2,339964610.30000025
2025-08-01 09:47:57 AM,1516.5,250,379125.0,340343735.30000025
2025-08-01 09:47:58 AM,1516.4,0,0.0,340343735.30000025
2025-08-01 09:48:01 AM,1518.3,56,85024.8,340428760.10000026
2025-08-01 09:48:08 AM,1517.8,0,0.0,340428760.10000026
2025-08-01 09:48:08 AM,1517.8,18,27320.399999999998,340456080.50000024
2025-08-01 09:48:08 AM,1517.9,0,0.0,340456080.50000024
2025-08-01 09:48:10 AM,1517.9,1,1517.9,340457598.4000002
2025-08-01 09:48:11 AM,1518.3,0,0.0,340457598.4000002
2025-08-01 09:48:14 AM,1518.6,122,185269.19999999998,340642867.6000002
2025-08-01 09:48:15 AM,1518.3,0,0.0,340642867.6000002
2025-08-01 09:48:17 AM,1518.3,228,346172.39999999997,340989040.0000002
2025-08-01 09:48:19 AM,1517.0,0,0.0,340989040.0000002
2025-08-01 09:48:20 AM,1517.0,75,113775.0,341102815.0000002
2025-08-01 09:48:23 AM,1517.7,0,0.0,341102815.0000002
2025-08-01 09:48:23 AM,1517.7,40,60708.0,341163523.0000002
2025-08-01 09:48:27 AM,1518.0,167,253506.0,341417029.0000002
2025-08-01 09:48:30 AM,1517.0,16,24272.0,341441301.0000002
2025-08-01 09:48:31 AM,1518.0,0,0.0,341441301.0000002
2025-08-01 09:48:34 AM,1517.1,11,16688.1,341457989.1000002
2025-08-01 09:48:35 AM,1518.0,0,0.0,341457989.1000002
2025-08-01 09:48:35 AM,1517.7,0,0.0,341457989.1000002
2025-08-01 09:48:36 AM,1517.7,37,56154.9,341514144.0000002
2025-08-01 09:48:39 AM,1518.7,0,0.0,341514144.0000002
2025-08-01 09:48:40 AM,1518.7,146,221730.2,341735874.20000017
2025-08-01 09:48:42 AM,1518.7,77,116939.90000000001,341852814.10000014
2025-08-01 09:48:43 AM,1519.0,0,0.0,341852814.10000014
2025-08-01 09:48:46 AM,1519.0,4,6076.0,341858890.10000014
2025-08-01 09:48:47 AM,1519.8,0,0.0,341858890.10000014
2025-08-01 09:48:49 AM,1519.7,165,250750.5,342109640.60000014
2025-08-01 09:48:51 AM,1519.2,0,0.0,342109640.60000014
2025-08-01 09:48:51 AM,1519.3,0,0.0,342109640.60000014
2025-08-01 09:48:53 AM,1519.6,122,185391.19999999998,342295031.80000013
2025-08-01 09:48:55 AM,1519.9,30,45597.0,342340628.80000013
2025-08-01 09:48:59 AM,1518.3,0,0.0,342340628.80000013
2025-08-01 09:48:59 AM,1518.0,161,244398.0,342585026.80000013
2025-08-01 09:49:02 AM,1519.6,219,332792.39999999997,342917819.2000001
2025-08-01 09:49:03 AM,1519.8,0,0.0,342917819.2000001
2025-08-01 09:49:06 AM,1519.8,76,115504.8,343033324.0000001
2025-08-01 09:49:07 AM,1520.0,0,0.0,343033324.0000001
2025-08-01 09:49:08 AM,1519.9,91,138310.9,343171634.9000001
2025-08-01 09:49:11 AM,1519.0,0,0.0,343171634.9000001
2025-08-01 09:49:12 AM,1519.0,1,1519.0,343173153.9000001
2025-08-01 09:49:14 AM,1519.0,27,41013.0,343214166.9000001
2025-08-01 09:49:15 AM,1520.0,0,0.0,343214166.9000001
2025-08-01 09:49:18 AM,1519.6,228,346468.8,343560635.7000001
2025-08-01 09:49:19 AM,1520.3,0,0.0,343560635.7000001
2025-08-01 09:49:20 AM,1520.1,1131,1719233.0999999999,345279868.80000013
2025-08-01 09:49:22 AM,1520.7,0,0.0,345279868.80000013
2025-08-01 09:49:24 AM,1520.0,69,104880.0,345384748.80000013
2025-08-01 09:49:25 AM,1520.7,0,0.0,345384748.80000013
2025-08-01 09:49:26 AM,1520.7,14,21289.8,345406038.60000014
2025-08-01 09:49:28 AM,1523.3,0,0.0,345406038.60000014
2025-08-01 09:49:30 AM,1523.8,1138,1734084.4,347140123.0000001
2025-08-01 09:49:31 AM,1523.9,0,0.0,347140123.0000001
2025-08-01 09:49:31 AM,1524.0,0,0.0,347140123.0000001
2025-08-01 09:49:33 AM,1524.0,101,153924.0,347294047.0000001
2025-08-01 09:49:34 AM,1524.8,0,0.0,347294047.0000001
2025-08-01 09:49:34 AM,1524.9,0,0.0,347294047.0000001
2025-08-01 09:49:36 AM,1525.8,3229,4926808.2,352220855.2000001
2025-08-01 09:49:37 AM,1525.6,0,0.0,352220855.2000001
2025-08-01 09:49:39 AM,1524.8,972,1482105.5999999999,353702960.80000013
2025-08-01 09:49:40 AM,1526.3,0,0.0,353702960.80000013
2025-08-01 09:49:43 AM,1525.5,0,0.0,353702960.80000013
2025-08-01 09:49:43 AM,1525.5,208,317304.0,354020264.80000013
2025-08-01 09:49:46 AM,1525.9,34,51880.600000000006,354072145.40000015
2025-08-01 09:49:46 AM,1525.4,0,0.0,354072145.40000015
2025-08-01 09:49:49 AM,1525.0,790,1204750.0,355276895.40000015
2025-08-01 09:49:49 AM,1525.5,0,0.0,355276895.40000015
2025-08-01 09:49:52 AM,1524.0,0,0.0,355276895.40000015
2025-08-01 09:49:52 AM,1524.0,604,920496.0,356197391.40000015
2025-08-01 09:49:55 AM,1524.0,123,187452.0,356384843.40000015
2025-08-01 09:49:57 AM,1524.1,0,0.0,356384843.40000015
2025-08-01 09:49:58 AM,1524.0,175,266700.0,356651543.40000015
2025-08-01 09:50:00 AM,1523.7,0,0.0,356651543.40000015
2025-08-01 09:50:02 AM,1523.7,845,1287526.5,357939069.90000015
2025-08-01 09:50:05 AM,1523.7,97,147798.9,358086868.80000013
2025-08-01 09:50:08 AM,1525.0,457,696925.0,358783793.80000013
2025-08-01 09:50:09 AM,1523.8,0,0.0,358783793.80000013
2025-08-01 09:50:11 AM,1525.4,0,0.0,358783793.80000013
2025-08-01 09:50:11 AM,1525.4,179,273046.60000000003,359056840.40000015
2025-08-01 09:50:12 AM,1525.6,0,0.0,359056840.40000015
2025-08-01 09:50:15 AM,1526.3,0,0.0,359056840.40000015
2025-08-01 09:50:15 AM,1526.3,653,996673.9,360053514.30000013
2025-08-01 09:50:18 AM,1527.0,120,183240.0,360236754.30000013
2025-08-01 09:50:21 AM,1527.0,276,421452.0,360658206.30000013
2025-08-01 09:50:24 AM,1527.5,67,102342.5,360760548.80000013
2025-08-01 09:50:24 AM,1527.0,0,0.0,360760548.80000013
2025-08-01 09:50:26 AM,1528.0,0,0.0,360760548.80000013
2025-08-01 09:50:27 AM,1527.0,0,0.0,360760548.80000013
2025-08-01 09:50:28 AM,1527.0,2941,4490907.0,365251455.80000013
2025-08-01 09:50:29 AM,1528.0,0,0.0,365251455.80000013
2025-08-01 09:50:30 AM,1526.6,2194,3349360.4,368600816.2000001
2025-08-01 09:50:33 AM,1529.0,0,0.0,368600816.2000001
2025-08-01 09:50:34 AM,1529.0,397,607013.0,369207829.2000001
2025-08-01 09:50:35 AM,1529.1,0,0.0,369207829.2000001
2025-08-01 09:50:36 AM,1528.8,743,1135898.4,370343727.6000001
2025-08-01 09:50:36 AM,1527.5,0,0.0,370343727.6000001
2025-08-01 09:50:38 AM,1528.7,0,0.0,370343727.6000001
2025-08-01 09:50:39 AM,1529.5,0,0.0,370343727.6000001
2025-08-01 09:50:40 AM,1527.8,576,880012.7999999999,371223740.4000001
2025-08-01 09:50:41 AM,1527.9,0,0.0,371223740.4000001
2025-08-01 09:50:42 AM,1529.0,0,0.0,371223740.4000001
2025-08-01 09:50:43 AM,1528.8,29,44335.2,371268075.6000001
2025-08-01 09:50:44 AM,1529.3,0,0.0,371268075.6000001
2025-08-01 09:50:45 AM,1530.0,0,0.0,371268075.6000001
2025-08-01 09:50:46 AM,1528.9,726,1109981.4000000001,372378057.00000006
2025-08-01 09:50:47 AM,1528.6,0,0.0,372378057.00000006
2025-08-01 09:50:48 AM,1528.1,0,0.0,372378057.00000006
2025-08-01 09:50:49 AM,1529.4,255,389997.0,372768054.00000006
2025-08-01 09:50:51 AM,1529.7,0,0.0,372768054.00000006
2025-08-01 09:50:53 AM,1528.8,863,1319354.4,374087408.40000004
2025-08-01 09:50:54 AM,1530.0,0,0.0,374087408.40000004
2025-08-01 09:50:55 AM,1530.0,35,53550.0,374140958.40000004
2025-08-01 09:50:57 AM,1529.4,0,0.0,374140958.40000004
2025-08-01 09:50:59 AM,1529.7,0,0.0,374140958.40000004
2025-08-01 09:50:59 AM,1527.4,1229,1877174.6,376018133.00000006
2025-08-01 09:51:00 AM,1529.5,0,0.0,376018133.00000006
2025-08-01 09:51:01 AM,1529.5,80,122360.0,376140493.00000006
2025-08-01 09:51:03 AM,1530.0,0,0.0,376140493.00000006
2025-08-01 09:51:05 AM,1529.4,0,0.0,376140493.00000006
2025-08-01 09:51:05 AM,1529.4,1993,3048094.2,379188587.20000005
2025-08-01 09:51:06 AM,1530.0,0,0.0,379188587.20000005
2025-08-01 09:51:07 AM,1530.0,381,582930.0,379771517.20000005
2025-08-01 09:51:10 AM,1529.0,0,0.0,379771517.20000005
2025-08-01 09:51:10 AM,1527.0,0,0.0,379771517.20000005
2025-08-01 09:51:12 AM,1530.0,950,1453500.0,381225017.20000005
2025-08-01 09:51:14 AM,1530.0,17,26010.0,381251027.20000005
2025-08-01 09:51:14 AM,1528.8,0,0.0,381251027.20000005
2025-08-01 09:51:17 AM,1530.0,0,0.0,381251027.20000005
2025-08-01 09:51:18 AM,1530.0,125,191250.0,381442277.20000005
2025-08-01 09:51:20 AM,1528.2,102,155876.4,381598153.6
2025-08-01 09:51:24 AM,1528.3,40,61132.0,381659285.6
2025-08-01 09:51:26 AM,1529.8,71,108615.8,381767901.40000004
2025-08-01 09:51:29 AM,1528.2,0,0.0,381767901.40000004
2025-08-01 09:51:30 AM,1528.2,168,256737.6,382024639.00000006
2025-08-01 09:51:32 AM,1528.1,75,114607.5,382139246.50000006
2025-08-01 09:51:34 AM,1527.0,0,0.0,382139246.50000006
2025-08-01 09:51:36 AM,1530.0,685,1048050.0,383187296.50000006
2025-08-01 09:51:39 AM,1530.0,1337,2045610.0,385232906.50000006
2025-08-01 09:51:43 AM,1530.0,362,553860.0,385786766.50000006
2025-08-01 09:51:45 AM,1530.0,184,281520.0,386068286.50000006
2025-08-01 09:51:49 AM,1530.0,814,1245420.0,387313706.50000006
2025-08-01 09:51:52 AM,1530.0,160,244800.0,387558506.50000006
2025-08-01 09:51:54 AM,1529.0,0,0.0,387558506.50000006
2025-08-01 09:51:55 AM,1529.5,595,910052.5,388468559.00000006
2025-08-01 09:51:56 AM,1529.1,0,0.0,388468559.00000006
2025-08-01 09:51:58 AM,1530.0,0,0.0,388468559.00000006
2025-08-01 09:51:58 AM,1530.0,119,182070.0,388650629.00000006
2025-08-01 09:52:01 AM,1530.0,162,247860.0,388898489.00000006
2025-08-01 09:52:04 AM,1530.0,590,902700.0,389801189.00000006
2025-08-01 09:52:06 AM,1528.5,0,0.0,389801189.00000006
2025-08-01 09:52:07 AM,1528.0,509,777752.0,390578941.00000006
2025-08-01 09:52:08 AM,1529.0,0,0.0,390578941.00000006
2025-08-01 09:52:10 AM,1528.0,0,0.0,390578941.00000006
2025-08-01 09:52:10 AM,1528.0,46,70288.0,390649229.00000006
2025-08-01 09:52:11 AM,1529.0,0,0.0,390649229.00000006
2025-08-01 09:52:13 AM,1528.1,122,186428.19999999998,390835657.20000005
2025-08-01 09:52:14 AM,1528.9,0,0.0,390835657.20000005
2025-08-01 09:52:16 AM,1529.1,59,90216.9,390925874.1
2025-08-01 09:52:17 AM,1528.1,0,0.0,390925874.1
2025-08-01 09:52:18 AM,1529.8,0,0.0,390925874.1
2025-08-01 09:52:20 AM,1530.0,61,93330.0,391019204.1
2025-08-01 09:52:22 AM,1529.0,0,0.0,391019204.1
2025-08-01 09:52:22 AM,1529.0,20,30580.0,391049784.1
2025-08-01 09:52:26 AM,1528.0,0,0.0,391049784.1
2025-08-01 09:52:26 AM,1528.0,530,809840.0,391859624.1
2025-08-01 09:52:26 AM,1529.0,0,0.0,391859624.1
2025-08-01 09:52:28 AM,1529.0,407,622303.0,392481927.1
2025-08-01 09:52:29 AM,1528.0,0,0.0,392481927.1
2025-08-01 09:52:32 AM,1529.1,0,0.0,392481927.1
2025-08-01 09:52:32 AM,1529.5,85,130007.5,392611934.6
2025-08-01 09:52:35 AM,1529.8,145,221821.0,392833755.6
2025-08-01 09:52:35 AM,1529.4,0,0.0,392833755.6
2025-08-01 09:52:38 AM,1529.0,0,0.0,392833755.6
2025-08-01 09:52:38 AM,1529.0,527,805783.0,393639538.6
2025-08-01 09:52:38 AM,1529.5,0,0.0,393639538.6
2025-08-01 09:52:41 AM,1529.5,32,48944.0,393688482.6
2025-08-01 09:52:41 AM,1529.8,0,0.0,393688482.6
2025-08-01 09:52:44 AM,1529.5,0,0.0,393688482.6
2025-08-01 09:52:44 AM,1529.5,103,157538.5,393846021.1
2025-08-01 09:52:47 AM,1529.8,0,0.0,393846021.1
2025-08-01 09:52:47 AM,1529.8,296,452820.8,394298841.90000004
2025-08-01 09:52:47 AM,1529.0,0,0.0,394298841.90000004
2025-08-01 09:52:50 AM,1529.8,0,0.0,394298841.90000004
2025-08-01 09:52:50 AM,1529.8,170,260066.0,394558907.90000004
2025-08-01 09:52:53 AM,1529.8,134,204993.19999999998,394763901.1
2025-08-01 09:52:56 AM,1529.5,126,192717.0,394956618.1
2025-08-01 09:52:59 AM,1529.4,417,637759.8,395594377.90000004
2025-08-01 09:52:59 AM,1527.2,0,0.0,395594377.90000004
2025-08-01 09:53:02 AM,1529.0,35,53515.0,395647892.90000004
2025-08-01 09:53:04 AM,1529.1,6,9174.599999999999,395657067.50000006
2025-08-01 09:53:05 AM,1527.9,0,0.0,395657067.50000006
2025-08-01 09:53:05 AM,1529.0,0,0.0,395657067.50000006
2025-08-01 09:53:08 AM,1529.1,0,0.0,395657067.50000006
2025-08-01 09:53:08 AM,1529.0,390,596310.0,396253377.50000006
2025-08-01 09:53:10 AM,1527.9,41,62643.9,396316021.40000004
2025-08-01 09:53:11 AM,1529.0,0,0.0,396316021.40000004
2025-08-01 09:53:14 AM,1527.7,0,0.0,396316021.40000004
2025-08-01 09:53:15 AM,1527.7,170,259709.0,396575730.40000004
2025-08-01 09:53:17 AM,1528.2,0,0.0,396575730.40000004
2025-08-01 09:53:17 AM,1528.2,137,209363.4,396785093.8
2025-08-01 09:53:21 AM,1529.0,0,0.0,396785093.8
2025-08-01 09:53:21 AM,1529.0,49,74921.0,396860014.8
2025-08-01 09:53:23 AM,1529.0,70,107030.0,396967044.8
2025-08-01 09:53:27 AM,1529.0,51,77979.0,397045023.8
2025-08-01 09:53:29 AM,1529.0,30,45870.0,397090893.8
2025-08-01 09:53:33 AM,1529.0,522,798138.0,397889031.8
2025-08-01 09:53:33 AM,1528.2,0,0.0,397889031.8
2025-08-01 09:53:35 AM,1528.2,20,30564.0,397919595.8
2025-08-01 09:53:36 AM,1529.0,0,0.0,397919595.8
2025-08-01 09:53:39 AM,1529.0,314,480106.0,398399701.8
2025-08-01 09:53:41 AM,1529.0,50,76450.0,398476151.8
2025-08-01 09:53:46 AM,1529.5,37,56591.5,398532743.3
2025-08-01 09:53:48 AM,1529.5,105,160597.5,398693340.8
2025-08-01 09:53:51 AM,1529.4,0,0.0,398693340.8
2025-08-01 09:53:52 AM,1529.8,202,309019.6,399002360.40000004
2025-08-01 09:53:53 AM,1529.8,343,524721.4,399527081.8
2025-08-01 09:53:57 AM,1529.5,0,0.0,399527081.8
2025-08-01 09:53:58 AM,1529.8,49,74960.2,399602042.0
2025-08-01 09:54:00 AM,1529.0,33,50457.0,399652499.0
2025-08-01 09:54:00 AM,1527.7,0,0.0,399652499.0
2025-08-01 09:54:03 AM,1529.5,0,0.0,399652499.0
2025-08-01 09:54:04 AM,1528.3,582,889470.6,400541969.6
2025-08-01 09:54:06 AM,1529.4,161,246233.40000000002,400788203.0
2025-08-01 09:54:09 AM,1529.0,0,0.0,400788203.0
2025-08-01 09:54:10 AM,1529.8,316,483416.8,401271619.8
2025-08-01 09:54:12 AM,1529.0,0,0.0,401271619.8
2025-08-01 09:54:12 AM,1529.8,0,0.0,401271619.8
2025-08-01 09:54:15 AM,1529.3,0,0.0,401271619.8
2025-08-01 09:54:15 AM,1529.4,0,0.0,401271619.8
2025-08-01 09:54:17 AM,1529.4,267,408349.80000000005,401679969.6
2025-08-01 09:54:18 AM,1529.8,0,0.0,401679969.6
2025-08-01 09:54:18 AM,1529.8,16,24476.8,401704446.40000004
2025-08-01 09:54:21 AM,1529.0,0,0.0,401704446.40000004
2025-08-01 09:54:23 AM,1529.8,91,139211.8,401843658.20000005
2025-08-01 09:54:24 AM,1529.8,20,30596.0,401874254.20000005
2025-08-01 09:54:24 AM,1527.7,0,0.0,401874254.20000005
2025-08-01 09:54:27 AM,1528.7,0,0.0,401874254.20000005
2025-08-01 09:54:27 AM,1529.7,0,0.0,401874254.20000005
2025-08-01 09:54:29 AM,1529.4,247,377761.80000000005,402252016.00000006
2025-08-01 09:54:30 AM,1529.4,11,16823.4,402268839.40000004
2025-08-01 09:54:31 AM,1529.3,0,0.0,402268839.40000004
2025-08-01 09:54:31 AM,1529.7,0,0.0,402268839.40000004
2025-08-01 09:54:34 AM,1529.8,0,0.0,402268839.40000004
2025-08-01 09:54:36 AM,1529.4,365,558231.0,402827070.40000004
2025-08-01 09:54:36 AM,1529.8,3,4589.4,402831659.8
2025-08-01 09:54:37 AM,1529.7,0,0.0,402831659.8
2025-08-01 09:54:40 AM,1527.9,0,0.0,402831659.8
2025-08-01 09:54:40 AM,1529.6,0,0.0,402831659.8
2025-08-01 09:54:42 AM,1528.3,210,320943.0,403152602.8
2025-08-01 09:54:42 AM,1528.9,2,3057.8,403155660.6
2025-08-01 09:54:43 AM,1528.3,0,0.0,403155660.6
2025-08-01 09:54:43 AM,1528.9,0,0.0,403155660.6
2025-08-01 09:54:46 AM,1529.7,0,0.0,403155660.6
2025-08-01 09:54:46 AM,1529.8,0,0.0,403155660.6
2025-08-01 09:54:47 AM,1529.8,211,322787.8,403478448.40000004
2025-08-01 09:54:49 AM,1528.2,0,0.0,403478448.40000004
2025-08-01 09:54:52 AM,1528.3,0,0.0,403478448.40000004
2025-08-01 09:54:53 AM,1528.3,57,87113.09999999999,403565561.50000006
2025-08-01 09:54:54 AM,1529.8,310,474238.0,404039799.50000006
2025-08-01 09:54:55 AM,1529.0,0,0.0,404039799.50000006
2025-08-01 09:54:55 AM,1528.6,0,0.0,404039799.50000006
2025-08-01 09:54:58 AM,1529.0,0,0.0,404039799.50000006
2025-08-01 09:54:59 AM,1529.0,124,189596.0,404229395.50000006
2025-08-01 09:55:00 AM,1529.0,5,7645.0,404237040.50000006
2025-08-01 09:55:01 AM,1528.9,0,0.0,404237040.50000006
2025-08-01 09:55:04 AM,1528.6,0,0.0,404237040.50000006
2025-08-01 09:55:04 AM,1529.0,0,0.0,404237040.50000006
2025-08-01 09:55:05 AM,1529.0,67,102443.0,404339483.50000006
2025-08-01 09:55:06 AM,1529.8,280,428344.0,404767827.50000006
2025-08-01 09:55:07 AM,1529.0,0,0.0,404767827.50000006
2025-08-01 09:55:10 AM,1529.8,0,0.0,404767827.50000006
2025-08-01 09:55:10 AM,1529.8,36,55072.799999999996,404822900.3000001
2025-08-01 09:55:12 AM,1528.3,100,152830.0,404975730.3000001
2025-08-01 09:55:13 AM,1529.5,0,0.0,404975730.3000001
2025-08-01 09:55:16 AM,1529.8,0,0.0,404975730.3000001
2025-08-01 09:55:17 AM,1529.8,97,148390.6,405124120.9000001
2025-08-01 09:55:19 AM,1529.0,0,0.0,405124120.9000001
2025-08-01 09:55:20 AM,1528.1,0,0.0,405124120.9000001
2025-08-01 09:55:22 AM,1529.0,0,0.0,405124120.9000001
2025-08-01 09:55:23 AM,1529.0,315,481635.0,405605755.9000001
2025-08-01 09:55:24 AM,1528.3,6,9169.8,405614925.7000001
2025-08-01 09:55:26 AM,1529.0,0,0.0,405614925.7000001
2025-08-01 09:55:27 AM,1529.8,0,0.0,405614925.7000001
2025-08-01 09:55:29 AM,1529.0,170,259930.0,405874855.7000001
2025-08-01 09:55:30 AM,1529.0,1,1529.0,405876384.7000001
2025-08-01 09:55:34 AM,1528.4,0,0.0,405876384.7000001
2025-08-01 09:55:35 AM,1529.4,0,0.0,405876384.7000001
2025-08-01 09:55:35 AM,1529.4,466,712700.4,406589085.1000001
2025-08-01 09:55:38 AM,1529.5,0,0.0,406589085.1000001
2025-08-01 09:55:39 AM,1528.4,0,0.0,406589085.1000001
2025-08-01 09:55:41 AM,1529.5,25,38237.5,406627322.6000001
2025-08-01 09:55:42 AM,1529.0,8,12232.0,406639554.6000001
2025-08-01 09:55:43 AM,1528.4,0,0.0,406639554.6000001
2025-08-01 09:55:46 AM,1529.4,0,0.0,406639554.6000001
2025-08-01 09:55:47 AM,1529.5,373,570503.5,407210058.1000001
2025-08-01 09:55:48 AM,1528.5,45,68782.5,407278840.6000001
2025-08-01 09:55:52 AM,1528.4,0,0.0,407278840.6000001
2025-08-01 09:55:53 AM,1528.4,143,218561.2,407497401.8000001
2025-08-01 09:55:54 AM,1529.3,0,0.0,407497401.8000001
2025-08-01 09:55:54 AM,1529.3,95,145283.5,407642685.3000001
2025-08-01 09:55:55 AM,1529.4,0,0.0,407642685.3000001
2025-08-01 09:55:59 AM,1529.5,267,408376.5,408051061.8000001
2025-08-01 09:56:00 AM,1529.0,0,0.0,408051061.8000001
2025-08-01 09:56:00 AM,1529.0,26,39754.0,408090815.8000001
2025-08-01 09:56:03 AM,1529.5,0,0.0,408090815.8000001
2025-08-01 09:56:04 AM,1529.3,0,0.0,408090815.8000001
2025-08-01 09:56:05 AM,1529.3,234,357856.2,408448672.00000006
2025-08-01 09:56:07 AM,1528.4,0,0.0,408448672.00000006
2025-08-01 09:56:10 AM,1529.2,0,0.0,408448672.00000006
2025-08-01 09:56:11 AM,1528.4,150,229260.0,408677932.00000006
2025-08-01 09:56:13 AM,1529.2,0,0.0,408677932.00000006
2025-08-01 09:56:17 AM,1528.5,98,149793.0,408827725.00000006
2025-08-01 09:56:18 AM,1528.5,5,7642.5,408835367.50000006
2025-08-01 09:56:23 AM,1528.5,102,155907.0,408991274.50000006
2025-08-01 09:56:24 AM,1528.5,538,822333.0,409813607.50000006
2025-08-01 09:56:25 AM,1528.4,0,0.0,409813607.50000006
2025-08-01 09:56:27 AM,1528.0,0,0.0,409813607.50000006
2025-08-01 09:56:28 AM,1528.4,0,0.0,409813607.50000006
2025-08-01 09:56:29 AM,1528.4,365,557866.0,410371473.50000006
2025-08-01 09:56:30 AM,1528.5,0,0.0,410371473.50000006
2025-08-01 09:56:30 AM,1528.5,132,201762.0,410573235.50000006
2025-08-01 09:56:33 AM,1528.4,0,0.0,410573235.50000006
2025-08-01 09:56:34 AM,1528.5,0,0.0,410573235.50000006
2025-08-01 09:56:34 AM,1528.4,132,201748.80000000002,410774984.3000001
2025-08-01 09:56:35 AM,1528.4,5,7642.0,410782626.3000001
2025-08-01 09:56:39 AM,1528.5,0,0.0,410782626.3000001
2025-08-01 09:56:41 AM,1528.5,109,166606.5,410949232.8000001
2025-08-01 09:56:42 AM,1528.4,2,3056.8,410952289.6000001
2025-08-01 09:56:45 AM,1528.5,0,0.0,410952289.6000001
2025-08-01 09:56:47 AM,1528.5,391,597643.5,411549933.1000001
2025-08-01 09:56:48 AM,1528.5,3,4585.5,411554518.6000001
2025-08-01 09:56:49 AM,1528.4,0,0.0,411554518.6000001
2025-08-01 09:56:50 AM,1527.7,0,0.0,411554518.6000001
2025-08-01 09:56:53 AM,1528.0,0,0.0,411554518.6000001
2025-08-01 09:56:53 AM,1527.0,0,0.0,411554518.6000001
2025-08-01 09:56:53 AM,1527.0,407,621489.0,412176007.6000001
2025-08-01 09:56:54 AM,1528.0,33,50424.0,412226431.6000001
2025-08-01 09:56:57 AM,1527.0,0,0.0,412226431.6000001
2025-08-01 09:56:59 AM,1527.0,365,557355.0,412783786.6000001
2025-08-01 09:57:00 AM,1528.0,10,15280.0,412799066.6000001
2025-08-01 09:57:01 AM,1527.0,0,0.0,412799066.6000001
2025-08-01 09:57:05 AM,1526.1,523,798150.2999999999,413597216.9000001
2025-08-01 09:57:06 AM,1527.0,412,629124.0,414226340.9000001
2025-08-01 09:57:09 AM,1526.0,0,0.0,414226340.9000001
2025-08-01 09:57:11 AM,1528.0,1170,1787760.0,416014100.9000001
2025-08-01 09:57:17 AM,1528.0,1675,2559400.0,418573500.9000001
2025-08-01 09:57:18 AM,1527.6,2,3055.2,418576556.1000001
2025-08-01 09:57:21 AM,1528.0,0,0.0,418576556.1000001
2025-08-01 09:57:22 AM,1527.8,395,603481.0,419180037.1000001
2025-08-01 09:57:24 AM,1527.8,5,7639.0,419187676.1000001
2025-08-01 09:57:25 AM,1527.7,0,0.0,419187676.1000001
2025-08-01 09:57:28 AM,1528.0,52,79456.0,419267132.1000001
2025-08-01 09:57:30 AM,1527.7,16,24443.2,419291575.3000001
2025-08-01 09:57:33 AM,1527.5,0,0.0,419291575.3000001
2025-08-01 09:57:34 AM,1528.0,256,391168.0,419682743.3000001
2025-08-01 09:57:37 AM,1527.6,0,0.0,419682743.3000001
2025-08-01 09:57:40 AM,1527.6,110,168036.0,419850779.3000001
2025-08-01 09:57:42 AM,1527.5,63,96232.5,419947011.8000001
2025-08-01 09:57:46 AM,1527.5,50,76375.0,420023386.8000001
2025-08-01 09:57:49 AM,1527.0,0,0.0,420023386.8000001
2025-08-01 09:57:49 AM,1527.0,113,172551.0,420195937.8000001
2025-08-01 09:57:52 AM,1526.2,97,148041.4,420343979.20000005
2025-08-01 09:57:53 AM,1527.0,0,0.0,420343979.20000005
2025-08-01 09:57:55 AM,1527.0,10,15270.0,420359249.20000005
2025-08-01 09:57:58 AM,1527.0,85,129795.0,420489044.20000005
2025-08-01 09:58:01 AM,1527.1,0,0.0,420489044.20000005
2025-08-01 09:58:01 AM,1527.1,1289,1968431.9,422457476.1
2025-08-01 09:58:04 AM,1527.0,21,32067.0,422489543.1
2025-08-01 09:58:06 AM,1526.1,0,0.0,422489543.1
2025-08-01 09:58:07 AM,1526.1,79,120561.9,422610105.0
2025-08-01 09:58:10 AM,1526.1,190,289959.0,422900064.0
2025-08-01 09:58:13 AM,1524.5,38,57931.0,422957995.0
2025-08-01 09:58:14 AM,1525.7,0,0.0,422957995.0
2025-08-01 09:58:16 AM,1526.2,137,209089.4,423167084.4
2025-08-01 09:58:18 AM,1526.3,0,0.0,423167084.4
2025-08-01 09:58:19 AM,1526.6,81,123654.59999999999,423290739.0
2025-08-01 09:58:22 AM,1526.0,0,0.0,423290739.0
2025-08-01 09:58:22 AM,1525.1,133,202838.3,423493577.3
2025-08-01 09:58:25 AM,1525.1,279,425502.89999999997,423919080.2
2025-08-01 09:58:26 AM,1525.3,0,0.0,423919080.2
2025-08-01 09:58:26 AM,1525.1,0,0.0,423919080.2
2025-08-01 09:58:28 AM,1527.1,155,236700.5,424155780.7
2025-08-01 09:58:31 AM,1527.2,20,30544.0,424186324.7
2025-08-01 09:58:34 AM,1526.0,0,0.0,424186324.7
2025-08-01 09:58:34 AM,1526.0,20,30520.0,424216844.7
2025-08-01 09:58:37 AM,1526.7,762,1163345.4000000001,425380190.09999996
2025-08-01 09:58:41 AM,1525.4,35,53389.0,425433579.09999996
2025-08-01 09:58:44 AM,1526.0,57,86982.0,425520561.09999996
2025-08-01 09:58:46 AM,1527.2,0,0.0,425520561.09999996
2025-08-01 09:58:47 AM,1526.0,201,306726.0,425827287.09999996
2025-08-01 09:58:50 AM,1526.0,12,18312.0,425845599.09999996
2025-08-01 09:58:53 AM,1527.1,47,71773.7,425917372.79999995
2025-08-01 09:58:55 AM,1527.0,1012,1545324.0,427462696.79999995
2025-08-01 09:59:01 AM,1526.1,1,1526.1,427464222.9
2025-08-01 09:59:03 AM,1526.9,0,0.0,427464222.9
2025-08-01 09:59:05 AM,1526.9,28,42753.200000000004,427506976.09999996
2025-08-01 09:59:08 AM,1526.9,107,163378.30000000002,427670354.4
2025-08-01 09:59:11 AM,1526.9,606,925301.4,428595655.79999995
2025-08-01 09:59:13 AM,1525.0,0,0.0,428595655.79999995
2025-08-01 09:59:14 AM,1525.0,59,89975.0,428685630.79999995
2025-08-01 09:59:17 AM,1526.7,0,0.0,428685630.79999995
2025-08-01 09:59:18 AM,1525.0,48,73200.0,428758830.79999995
2025-08-01 09:59:20 AM,1526.6,0,0.0,428758830.79999995
2025-08-01 09:59:20 AM,1526.6,17,25952.199999999997,428784782.99999994
2025-08-01 09:59:24 AM,1526.5,0,0.0,428784782.99999994
2025-08-01 09:59:24 AM,1526.5,11,16791.5,428801574.49999994
2025-08-01 09:59:27 AM,1526.5,3,4579.5,428806153.99999994
2025-08-01 09:59:30 AM,1526.0,20,30520.0,428836673.99999994
2025-08-01 09:59:32 AM,1526.6,0,0.0,428836673.99999994
2025-08-01 09:59:33 AM,1526.6,115,175559.0,429012232.99999994
2025-08-01 09:59:35 AM,1527.8,0,0.0,429012232.99999994
2025-08-01 09:59:36 AM,1528.0,0,0.0,429012232.99999994
2025-08-01 09:59:36 AM,1528.0,848,1295744.0,430307976.99999994
2025-08-01 09:59:39 AM,1528.0,116,177248.0,430485224.99999994
2025-08-01 09:59:43 AM,1528.5,188,287358.0,430772582.99999994
2025-08-01 09:59:44 AM,1528.7,0,0.0,430772582.99999994
2025-08-01 09:59:45 AM,1528.7,100,152870.0,430925452.99999994
2025-08-01 09:59:49 AM,1528.0,72,110016.0,431035468.99999994
2025-08-01 09:59:51 AM,1528.7,0,0.0,431035468.99999994
2025-08-01 09:59:51 AM,1528.7,19,29045.3,431064514.29999995
2025-08-01 09:59:55 AM,1528.1,28,42786.799999999996,431107301.09999996
2025-08-01 09:59:57 AM,1528.7,0,0.0,431107301.09999996
2025-08-01 09:59:57 AM,1528.1,4,6112.4,431113413.49999994
2025-08-01 09:59:59 AM,1528.7,0,0.0,431113413.49999994
2025-08-01 10:00:01 AM,1527.5,110,168025.0,431281438.49999994
2025-08-01 10:00:07 AM,1527.0,56,85512.0,431366950.49999994
2025-08-01 10:00:10 AM,1527.8,0,0.0,431366950.49999994
2025-08-01 10:00:10 AM,1527.8,1,1527.8,431368478.29999995
2025-08-01 10:00:14 AM,1523.7,1821,2774657.7,434143135.99999994
2025-08-01 10:00:17 AM,1523.8,0,0.0,434143135.99999994
2025-08-01 10:00:17 AM,1523.8,1,1523.8,434144659.79999995
2025-08-01 10:00:20 AM,1523.3,195,297043.5,434441703.29999995
2025-08-01 10:00:22 AM,1522.0,0,0.0,434441703.29999995
2025-08-01 10:00:23 AM,1523.1,137,208664.69999999998,434650367.99999994
2025-08-01 10:00:27 AM,1523.1,14,21323.399999999998,434671691.3999999
2025-08-01 10:00:28 AM,1520.1,0,0.0,434671691.3999999
2025-08-01 10:00:29 AM,1521.5,478,727277.0,435398968.3999999
2025-08-01 10:00:33 AM,1520.0,0,0.0,435398968.3999999
2025-08-01 10:00:33 AM,1520.0,287,436240.0,435835208.3999999
2025-08-01 10:00:34 AM,1521.6,0,0.0,435835208.3999999
2025-08-01 10:00:36 AM,1521.2,63,95835.6,435931043.99999994
2025-08-01 10:00:39 AM,1522.9,0,0.0,435931043.99999994
2025-08-01 10:00:39 AM,1523.0,628,956444.0,436887487.99999994
2025-08-01 10:00:42 AM,1522.5,411,625747.5,437513235.49999994
2025-08-01 10:00:45 AM,1522.5,50,76125.0,437589360.49999994
2025-08-01 10:00:49 AM,1521.9,138,210022.2,437799382.6999999
2025-08-01 10:00:51 AM,1522.6,0,0.0,437799382.6999999
2025-08-01 10:00:52 AM,1522.6,123,187279.8,437986662.49999994
2025-08-01 10:00:55 AM,1522.0,27,41094.0,438027756.49999994
2025-08-01 10:00:58 AM,1522.0,18,27396.0,438055152.49999994
2025-08-01 10:01:01 AM,1521.8,633,963299.4,439018451.8999999
2025-08-01 10:01:03 AM,1524.8,0,0.0,439018451.8999999
2025-08-01 10:01:04 AM,1524.8,241,367476.8,439385928.6999999
2025-08-01 10:01:07 AM,1522.8,607,924339.6,440310268.29999995
2025-08-01 10:01:10 AM,1523.1,0,0.0,440310268.29999995
2025-08-01 10:01:10 AM,1523.0,59,89857.0,440400125.29999995
2025-08-01 10:01:14 AM,1524.5,0,0.0,440400125.29999995
2025-08-01 10:01:14 AM,1524.5,109,166170.5,440566295.79999995
2025-08-01 10:01:15 AM,1523.2,0,0.0,440566295.79999995
2025-08-01 10:01:17 AM,1523.6,144,219398.4,440785694.1999999
2025-08-01 10:01:19 AM,1522.1,0,0.0,440785694.1999999
2025-08-01 10:01:19 AM,1523.7,0,0.0,440785694.1999999
2025-08-01 10:01:20 AM,1522.9,74,112694.6,440898388.79999995
2025-08-01 10:01:23 AM,1523.1,0,0.0,440898388.79999995
2025-08-01 10:01:23 AM,1523.1,107,162971.69999999998,441061360.49999994
2025-08-01 10:01:26 AM,1522.8,21,31978.8,441093339.29999995
2025-08-01 10:01:29 AM,1522.8,2,3045.6,441096384.9
2025-08-01 10:01:30 AM,1523.1,0,0.0,441096384.9
2025-08-01 10:01:31 AM,1521.7,0,0.0,441096384.9
2025-08-01 10:01:32 AM,1522.6,202,307565.19999999995,441403950.09999996
2025-08-01 10:01:34 AM,1521.1,0,0.0,441403950.09999996
2025-08-01 10:01:35 AM,1520.1,0,0.0,441403950.09999996
2025-08-01 10:01:35 AM,1520.3,165,250849.5,441654799.59999996
2025-08-01 10:01:39 AM,1521.1,0,0.0,441654799.59999996
2025-08-01 10:01:39 AM,1521.1,299,454808.89999999997,442109608.49999994
2025-08-01 10:01:41 AM,1520.0,12,18240.0,442127848.49999994
2025-08-01 10:01:43 AM,1525.0,0,0.0,442127848.49999994
2025-08-01 10:01:44 AM,1521.8,0,0.0,442127848.49999994
2025-08-01 10:01:45 AM,1521.5,1178,1792327.0,443920175.49999994
2025-08-01 10:01:47 AM,1523.3,0,0.0,443920175.49999994
2025-08-01 10:01:47 AM,1523.3,1,1523.3,443921698.79999995
2025-08-01 10:01:49 AM,1522.1,0,0.0,443921698.79999995
2025-08-01 10:01:51 AM,1523.4,0,0.0,443921698.79999995
2025-08-01 10:01:51 AM,1523.4,56,85310.40000000001,444007009.1999999
2025-08-01 10:01:52 AM,1522.0,0,0.0,444007009.1999999
2025-08-01 10:01:53 AM,1523.2,13,19801.600000000002,444026810.79999995
2025-08-01 10:01:55 AM,1521.9,0,0.0,444026810.79999995
2025-08-01 10:01:57 AM,1521.9,6,9131.400000000001,444035942.1999999
2025-08-01 10:01:59 AM,1524.1,0,0.0,444035942.1999999
2025-08-01 10:01:59 AM,1524.1,40,60964.0,444096906.1999999
2025-08-01 10:02:00 AM,1522.2,0,0.0,444096906.1999999
2025-08-01 10:02:03 AM,1524.1,0,0.0,444096906.1999999
2025-08-01 10:02:03 AM,1522.1,141,214616.09999999998,444311522.29999995
2025-08-01 10:02:05 AM,1523.3,0,0.0,444311522.29999995
2025-08-01 10:02:05 AM,1523.3,8,12186.4,444323708.6999999
2025-08-01 10:02:07 AM,1523.5,0,0.0,444323708.6999999
2025-08-01 10:02:10 AM,1522.1,0,0.0,444323708.6999999
2025-08-01 10:02:10 AM,1522.1,26,39574.6,444363283.29999995
2025-08-01 10:02:12 AM,1522.1,1,1522.1,444364805.4
2025-08-01 10:02:14 AM,1522.0,0,0.0,444364805.4
2025-08-01 10:02:16 AM,1521.9,183,278507.7,444643313.09999996
2025-08-01 10:02:18 AM,1523.3,151,230018.3,444873331.4
2025-08-01 10:02:19 AM,1523.4,0,0.0,444873331.4
2025-08-01 10:02:20 AM,1523.7,0,0.0,444873331.4
2025-08-01 10:02:23 AM,1523.7,25,38092.5,444911423.9
2025-08-01 10:02:24 AM,1521.9,0,0.0,444911423.9
2025-08-01 10:02:24 AM,1523.8,101,153903.8,445065327.7
2025-08-01 10:02:28 AM,1523.9,0,0.0,445065327.7
2025-08-01 10:02:29 AM,1522.1,78,118723.79999999999,445184051.5
2025-08-01 10:02:31 AM,1524.0,72,109728.0,445293779.5
2025-08-01 10:02:35 AM,1523.9,30,45717.0,445339496.5
2025-08-01 10:02:36 AM,1523.8,0,0.0,445339496.5
2025-08-01 10:02:37 AM,1523.9,24,36573.600000000006,445376070.1
2025-08-01 10:02:41 AM,1522.2,0,0.0,445376070.1
2025-08-01 10:02:41 AM,1523.7,171,260552.7,445636622.8
2025-08-01 10:02:43 AM,1523.8,11,16761.8,445653384.6
2025-08-01 10:02:46 AM,1523.9,0,0.0,445653384.6
2025-08-01 10:02:48 AM,1523.9,66,100577.40000000001,445753962.0
2025-08-01 10:02:50 AM,1522.5,0,0.0,445753962.0
2025-08-01 10:02:50 AM,1522.5,22,33495.0,445787457.0
2025-08-01 10:02:54 AM,1522.6,0,0.0,445787457.0
2025-08-01 10:02:54 AM,1522.5,118,179655.0,445967112.0
2025-08-01 10:02:56 AM,1523.8,10,15238.0,445982350.0
2025-08-01 10:03:01 AM,1523.7,71,108182.7,446090532.7
2025-08-01 10:03:02 AM,1522.5,0,0.0,446090532.7
2025-08-01 10:03:02 AM,1523.0,16,24368.0,446114900.7
2025-08-01 10:03:06 AM,1522.7,0,0.0,446114900.7
2025-08-01 10:03:07 AM,1522.7,377,574057.9,446688958.59999996
2025-08-01 10:03:13 AM,1523.0,67,102041.0,446790999.59999996
2025-08-01 10:03:18 AM,1523.7,0,0.0,446790999.59999996
2025-08-01 10:03:20 AM,1521.0,202,307242.0,447098241.59999996
2025-08-01 10:03:22 AM,1522.2,0,0.0,447098241.59999996
2025-08-01 10:03:22 AM,1522.2,7,10655.4,447108896.99999994
2025-08-01 10:03:26 AM,1522.2,16,24355.2,447133252.1999999
2025-08-01 10:03:28 AM,1521.5,11,16736.5,447149988.6999999
2025-08-01 10:03:30 AM,1522.2,0,0.0,447149988.6999999
2025-08-01 10:03:33 AM,1522.3,16,24356.8,447174345.49999994
2025-08-01 10:03:35 AM,1522.6,2,3045.2,447177390.6999999
2025-08-01 10:03:38 AM,1522.3,0,0.0,447177390.6999999
2025-08-01 10:03:39 AM,1522.3,37,56325.1,447233715.79999995
2025-08-01 10:03:41 AM,1523.0,5,7615.0,447241330.79999995
2025-08-01 10:03:42 AM,1522.6,0,0.0,447241330.79999995
2025-08-01 10:03:45 AM,1522.9,31,47209.9,447288540.6999999
2025-08-01 10:03:47 AM,1522.3,52,79159.59999999999,447367700.29999995
2025-08-01 10:03:51 AM,1522.7,12,18272.4,447385972.6999999
2025-08-01 10:03:53 AM,1522.3,10,15223.0,447401195.6999999
2025-08-01 10:03:58 AM,1522.9,0,0.0,447401195.6999999
2025-08-01 10:03:58 AM,1522.9,48,73099.20000000001,447474294.8999999
2025-08-01 10:04:00 AM,1523.0,83,126409.0,447600703.8999999
2025-08-01 10:04:04 AM,1523.7,56,85327.2,447686031.0999999
2025-08-01 10:04:10 AM,1523.7,24,36568.8,447722599.8999999
2025-08-01 10:04:12 AM,1523.1,50,76155.0,447798754.8999999
2025-08-01 10:04:16 AM,1523.1,9,13707.9,447812462.7999999
2025-08-01 10:04:18 AM,1523.9,112,170676.80000000002,447983139.5999999
2025-08-01 10:04:23 AM,1523.9,18,27430.2,448010569.7999999
2025-08-01 10:04:25 AM,1523.9,3,4571.700000000001,448015141.4999999
2025-08-01 10:04:29 AM,1523.3,144,219355.19999999998,448234496.69999987
2025-08-01 10:04:30 AM,1523.2,0,0.0,448234496.69999987
2025-08-01 10:04:31 AM,1524.0,53,80772.0,448315268.69999987
2025-08-01 10:04:35 AM,1524.8,0,0.0,448315268.69999987
2025-08-01 10:04:35 AM,1524.8,631,962148.7999999999,449277417.4999999
2025-08-01 10:04:37 AM,1524.8,24,36595.2,449314012.69999987
2025-08-01 10:04:41 AM,1524.8,59,89963.2,449403975.89999986
2025-08-01 10:04:45 AM,1523.7,0,0.0,449403975.89999986
2025-08-01 10:04:48 AM,1524.9,0,0.0,449403975.89999986
2025-08-01 10:04:48 AM,1524.9,346,527615.4,449931591.29999983
2025-08-01 10:04:50 AM,1524.9,1,1524.9,449933116.1999998
2025-08-01 10:04:52 AM,1524.7,0,0.0,449933116.1999998
2025-08-01 10:04:54 AM,1524.0,12,18288.0,449951404.1999998
2025-08-01 10:04:56 AM,1524.7,12,18296.4,449969700.5999998
2025-08-01 10:05:00 AM,1524.0,0,0.0,449969700.5999998
2025-08-01 10:05:00 AM,1525.1,0,0.0,449969700.5999998
2025-08-01 10:05:00 AM,1525.1,489,745773.8999999999,450715474.49999976
2025-08-01 10:05:02 AM,1525.3,58,88467.4,450803941.89999974
2025-08-01 10:05:06 AM,1525.4,0,0.0,450803941.89999974
2025-08-01 10:05:06 AM,1525.4,201,306605.4,451110547.2999997
2025-08-01 10:05:08 AM,1525.0,71,108275.0,451218822.2999997
2025-08-01 10:05:12 AM,1525.1,0,0.0,451218822.2999997
2025-08-01 10:05:12 AM,1525.8,0,0.0,451218822.2999997
2025-08-01 10:05:12 AM,1525.8,463,706445.4,451925267.6999997
2025-08-01 10:05:14 AM,1525.8,210,320418.0,452245685.6999997
2025-08-01 10:05:19 AM,1525.1,0,0.0,452245685.6999997
2025-08-01 10:05:19 AM,1525.1,26,39652.6,452285338.2999997
2025-08-01 10:05:21 AM,1525.8,5,7629.0,452292967.2999997
2025-08-01 10:05:23 AM,1525.1,0,0.0,452292967.2999997
2025-08-01 10:05:23 AM,1525.8,0,0.0,452292967.2999997
2025-08-01 10:05:25 AM,1526.8,1384,2113091.1999999997,454406058.4999997
2025-08-01 10:05:27 AM,1526.8,3,4580.4,454410638.8999997
2025-08-01 10:05:31 AM,1526.3,0,0.0,454410638.8999997
2025-08-01 10:05:31 AM,1526.3,34,51894.2,454462533.09999967
2025-08-01 10:05:33 AM,1526.8,34,51911.2,454514444.29999965
2025-08-01 10:05:37 AM,1526.8,24,36643.2,454551087.49999964
2025-08-01 10:05:39 AM,1526.8,25,38170.0,454589257.49999964
2025-08-01 10:05:43 AM,1526.8,20,30536.0,454619793.49999964
2025-08-01 10:05:45 AM,1525.1,744,1134674.4,455754467.8999996
2025-08-01 10:05:49 AM,1526.8,0,0.0,455754467.8999996
2025-08-01 10:05:49 AM,1526.8,585,893178.0,456647645.8999996
2025-08-01 10:05:52 AM,1525.0,0,0.0,456647645.8999996
2025-08-01 10:05:55 AM,1526.4,0,0.0,456647645.8999996
2025-08-01 10:05:55 AM,1526.4,65,99216.0,456746861.8999996
2025-08-01 10:05:57 AM,1526.4,5,7632.0,456754493.8999996
2025-08-01 10:05:58 AM,1526.3,0,0.0,456754493.8999996
2025-08-01 10:06:01 AM,1526.3,18,27473.399999999998,456781967.2999996
2025-08-01 10:06:03 AM,1526.3,2,3052.6,456785019.8999996
2025-08-01 10:06:07 AM,1526.4,43,65635.2,456850655.0999996
2025-08-01 10:06:09 AM,1526.4,30,45792.0,456896447.0999996
2025-08-01 10:06:12 AM,1526.7,0,0.0,456896447.0999996
2025-08-01 10:06:12 AM,1525.4,0,0.0,456896447.0999996
2025-08-01 10:06:13 AM,1526.8,65,99242.0,456995689.0999996
2025-08-01 10:06:15 AM,1525.6,0,0.0,456995689.0999996
2025-08-01 10:06:15 AM,1525.6,8,12204.8,457007893.8999996
2025-08-01 10:06:21 AM,1526.7,0,0.0,457007893.8999996
2025-08-01 10:06:21 AM,1526.7,55,83968.5,457091862.3999996
2025-08-01 10:06:24 AM,1526.3,0,0.0,457091862.3999996
2025-08-01 10:06:24 AM,1526.3,8,12210.4,457104072.7999996
2025-08-01 10:06:27 AM,1525.6,0,0.0,457104072.7999996
2025-08-01 10:06:27 AM,1525.6,4,6102.4,457110175.1999996
2025-08-01 10:06:30 AM,1526.2,0,0.0,457110175.1999996
2025-08-01 10:06:30 AM,1524.5,931,1419309.5,458529484.6999996
2025-08-01 10:06:33 AM,1523.0,0,0.0,458529484.6999996
2025-08-01 10:06:33 AM,1523.0,122,185806.0,458715290.6999996
2025-08-01 10:06:36 AM,1522.9,69,105080.1,458820370.7999996
2025-08-01 10:06:38 AM,1524.3,0,0.0,458820370.7999996
2025-08-01 10:06:39 AM,1524.3,7,10670.1,458831040.8999996
2025-08-01 10:06:42 AM,1523.0,0,0.0,458831040.8999996
2025-08-01 10:06:43 AM,1523.0,15,22845.0,458853885.8999996
2025-08-01 10:06:45 AM,1522.6,62,94401.2,458948287.0999996
2025-08-01 10:06:49 AM,1522.0,36,54792.0,459003079.0999996
2025-08-01 10:06:51 AM,1522.3,81,123306.3,459126385.3999996
2025-08-01 10:06:52 AM,1522.2,0,0.0,459126385.3999996
2025-08-01 10:06:55 AM,1522.1,132,200917.19999999998,459327302.5999996
2025-08-01 10:06:57 AM,1524.0,0,0.0,459327302.5999996
2025-08-01 10:06:57 AM,1524.0,1,1524.0,459328826.5999996
2025-08-01 10:07:01 AM,1524.3,0,0.0,459328826.5999996
2025-08-01 10:07:01 AM,1524.3,52,79263.59999999999,459408090.19999963
2025-08-01 10:07:03 AM,1522.2,120,182664.0,459590754.19999963
2025-08-01 10:07:07 AM,1524.5,0,0.0,459590754.19999963
2025-08-01 10:07:07 AM,1522.8,235,357858.0,459948612.19999963
2025-08-01 10:07:09 AM,1522.6,39,59381.399999999994,460007993.5999996
2025-08-01 10:07:12 AM,1524.0,0,0.0,460007993.5999996
2025-08-01 10:07:13 AM,1522.8,42,63957.6,460071951.19999963
2025-08-01 10:07:15 AM,1522.5,19,28927.5,460100878.69999963
2025-08-01 10:07:20 AM,1523.0,104,158392.0,460259270.69999963
2025-08-01 10:07:22 AM,1523.0,194,295462.0,460554732.69999963
2025-08-01 10:07:26 AM,1522.2,238,362283.60000000003,460917016.29999965
2025-08-01 10:07:27 AM,1523.0,0,0.0,460917016.29999965
