date,price,qty,trnvr,cum_trnvr
2025-08-01 09:15:11 AM,13200.0,4,52800.0,52800.0
2025-08-01 09:15:33 AM,13234.0,0,0.0,52800.0
2025-08-01 09:15:39 AM,13234.0,1,13234.0,66034.0
2025-08-01 09:16:13 AM,13225.0,3,39675.0,105709.0
2025-08-01 09:16:21 AM,13225.0,1,13225.0,118934.0
2025-08-01 09:17:10 AM,13224.0,1,13224.0,132158.0
2025-08-01 09:17:14 AM,13244.0,0,0.0,132158.0
2025-08-01 09:17:17 AM,13225.0,5,66125.0,198283.0
2025-08-01 09:17:46 AM,13233.0,0,0.0,198283.0
2025-08-01 09:17:51 AM,13233.0,1,13233.0,211516.0
2025-08-01 09:18:07 AM,13233.0,1,13233.0,224749.0
2025-08-01 09:19:37 AM,13235.0,1,13235.0,237984.0
2025-08-01 09:19:53 AM,13249.0,1,13249.0,251233.0
2025-08-01 09:20:50 AM,13260.0,0,0.0,251233.0
2025-08-01 09:20:56 AM,13261.0,6,79566.0,330799.0
2025-08-01 09:21:19 AM,13264.0,2,26528.0,357327.0
2025-08-01 09:22:28 AM,13263.0,4,53052.0,410379.0
2025-08-01 09:22:37 AM,13263.0,1,13263.0,423642.0
2025-08-01 09:23:30 AM,13258.0,0,0.0,423642.0
2025-08-01 09:23:31 AM,13258.0,6,79548.0,503190.0
2025-08-01 09:23:43 AM,13207.0,0,0.0,503190.0
2025-08-01 09:23:44 AM,13207.0,100,1320700.0,1823890.0
2025-08-01 09:23:46 AM,13246.0,1,13246.0,1837136.0
2025-08-01 09:24:00 AM,13263.0,16,212208.0,2049344.0
2025-08-01 09:24:10 AM,13280.0,0,0.0,2049344.0
2025-08-01 09:24:15 AM,13280.0,67,889760.0,2939104.0
2025-08-01 09:24:52 AM,13269.0,0,0.0,2939104.0
2025-08-01 09:24:53 AM,13269.0,5,66345.0,3005449.0
2025-08-01 09:25:07 AM,13268.0,3,39804.0,3045253.0
2025-08-01 09:25:32 AM,13260.0,10,132600.0,3177853.0
2025-08-01 09:29:03 AM,13277.0,0,0.0,3177853.0
2025-08-01 09:29:03 AM,13277.0,1,13277.0,3191130.0
2025-08-01 09:29:19 AM,13283.0,10,132830.0,3323960.0
2025-08-01 09:31:10 AM,13262.0,1,13262.0,3337222.0
2025-08-01 09:31:14 AM,13274.0,0,0.0,3337222.0
2025-08-01 09:31:17 AM,13274.0,1,13274.0,3350496.0
2025-08-01 09:31:25 AM,13257.0,3,39771.0,3390267.0
2025-08-01 09:31:53 AM,13236.0,0,0.0,3390267.0
2025-08-01 09:31:53 AM,13236.0,3,39708.0,3429975.0
2025-08-01 09:32:57 AM,13249.0,0,0.0,3429975.0
2025-08-01 09:33:02 AM,13249.0,5,66245.0,3496220.0
2025-08-01 09:33:49 AM,13271.0,0,0.0,3496220.0
2025-08-01 09:33:51 AM,13271.0,1,13271.0,3509491.0
2025-08-01 09:34:33 AM,13265.0,2,26530.0,3536021.0
2025-08-01 09:35:29 AM,13262.0,0,0.0,3536021.0
2025-08-01 09:35:29 AM,13262.0,1,13262.0,3549283.0
2025-08-01 09:35:39 AM,13260.0,0,0.0,3549283.0
2025-08-01 09:35:42 AM,13252.0,2,26504.0,3575787.0
2025-08-01 09:35:44 AM,13224.0,0,0.0,3575787.0
2025-08-01 09:35:49 AM,13224.0,15,198360.0,3774147.0
2025-08-01 09:35:54 AM,13235.0,0,0.0,3774147.0
2025-08-01 09:35:56 AM,13235.0,5,66175.0,3840322.0
2025-08-01 09:36:15 AM,13241.0,0,0.0,3840322.0
2025-08-01 09:36:16 AM,13241.0,3,39723.0,3880045.0
2025-08-01 09:47:22 AM,13206.0,1,13206.0,3893251.0
2025-08-01 09:51:16 AM,13243.0,0,0.0,3893251.0
2025-08-01 09:51:16 AM,13243.0,41,542963.0,4436214.0
2025-08-01 09:51:45 AM,13232.0,0,0.0,4436214.0
2025-08-01 09:51:47 AM,13232.0,4,52928.0,4489142.0
2025-08-01 09:55:18 AM,13212.0,0,0.0,4489142.0
2025-08-01 09:55:21 AM,13212.0,1,13212.0,4502354.0
2025-08-01 09:56:03 AM,13214.0,0,0.0,4502354.0
2025-08-01 09:56:03 AM,13214.0,2,26428.0,4528782.0
2025-08-01 09:58:02 AM,13206.0,2,26412.0,4555194.0
2025-08-01 09:59:01 AM,13182.0,0,0.0,4555194.0
2025-08-01 09:59:03 AM,13182.0,13,171366.0,4726560.0
2025-08-01 09:59:27 AM,13152.0,0,0.0,4726560.0
2025-08-01 09:59:28 AM,13152.0,13,170976.0,4897536.0
2025-08-01 09:59:58 AM,13169.0,0,0.0,4897536.0
2025-08-01 09:59:59 AM,13169.0,3,39507.0,4937043.0
2025-08-01 10:00:43 AM,13162.0,1,13162.0,4950205.0
2025-08-01 10:00:49 AM,13143.0,3,39429.0,4989634.0
2025-08-01 10:01:05 AM,13169.0,5,65845.0,5055479.0
2025-08-01 10:02:44 AM,13184.0,0,0.0,5055479.0
2025-08-01 10:02:46 AM,13184.0,1,13184.0,5068663.0
2025-08-01 10:06:34 AM,13174.0,1,13174.0,5081837.0
2025-08-01 10:07:38 AM,13174.0,1,13174.0,5095011.0
2025-08-01 10:08:51 AM,13176.0,0,0.0,5095011.0
2025-08-01 10:08:51 AM,13176.0,2,26352.0,5121363.0
2025-08-01 10:11:51 AM,13166.0,1,13166.0,5134529.0
2025-08-01 10:12:43 AM,13166.0,4,52664.0,5187193.0
2025-08-01 10:13:12 AM,13166.0,1,13166.0,5200359.0
2025-08-01 10:13:17 AM,13165.0,0,0.0,5200359.0
2025-08-01 10:13:18 AM,13165.0,1,13165.0,5213524.0
2025-08-01 10:13:23 AM,13166.0,0,0.0,5213524.0
2025-08-01 10:13:24 AM,13166.0,1,13166.0,5226690.0
2025-08-01 10:15:51 AM,13161.0,1,13161.0,5239851.0
2025-08-01 10:16:52 AM,13150.0,0,0.0,5239851.0
2025-08-01 10:16:55 AM,13172.0,0,0.0,5239851.0
2025-08-01 10:16:55 AM,13172.0,24,316128.0,5555979.0
2025-08-01 10:17:10 AM,13197.0,0,0.0,5555979.0
2025-08-01 10:17:11 AM,13197.0,1,13197.0,5569176.0
2025-08-01 10:17:50 AM,13181.0,0,0.0,5569176.0
2025-08-01 10:17:52 AM,13181.0,55,724955.0,6294131.0
2025-08-01 10:17:56 AM,13183.0,0,0.0,6294131.0
2025-08-01 10:17:58 AM,13183.0,2,26366.0,6320497.0
2025-08-01 10:18:13 AM,13180.0,0,0.0,6320497.0
2025-08-01 10:18:16 AM,13180.0,25,329500.0,6649997.0
2025-08-01 10:19:01 AM,13168.0,1,13168.0,6663165.0
2025-08-01 10:20:11 AM,13157.0,1,13157.0,6676322.0
2025-08-01 10:21:01 AM,13170.0,0,0.0,6676322.0
2025-08-01 10:21:02 AM,13170.0,3,39510.0,6715832.0
2025-08-01 10:24:41 AM,13174.0,0,0.0,6715832.0
2025-08-01 10:24:43 AM,13174.0,2,26348.0,6742180.0
2025-08-01 10:26:44 AM,13176.0,3,39528.0,6781708.0
2025-08-01 10:27:02 AM,13175.0,0,0.0,6781708.0
2025-08-01 10:27:02 AM,13175.0,9,118575.0,6900283.0
2025-08-01 10:28:31 AM,13154.0,0,0.0,6900283.0
2025-08-01 10:28:32 AM,13154.0,1,13154.0,6913437.0
2025-08-01 10:28:49 AM,13166.0,1,13166.0,6926603.0
2025-08-01 10:29:33 AM,13168.0,1,13168.0,6939771.0
2025-08-01 10:30:04 AM,13170.0,1,13170.0,6952941.0
2025-08-01 10:31:48 AM,13171.0,0,0.0,6952941.0
2025-08-01 10:31:49 AM,13171.0,2,26342.0,6979283.0
2025-08-01 10:32:53 AM,13173.0,1,13173.0,6992456.0
2025-08-01 10:33:26 AM,13176.0,0,0.0,6992456.0
2025-08-01 10:33:26 AM,13176.0,1,13176.0,7005632.0
2025-08-01 10:36:51 AM,13166.0,1,13166.0,7018798.0
2025-08-01 10:43:48 AM,13175.0,0,0.0,7018798.0
2025-08-01 10:43:49 AM,13175.0,1,13175.0,7031973.0
2025-08-01 10:45:10 AM,13164.0,0,0.0,7031973.0
2025-08-01 10:45:10 AM,13164.0,1,13164.0,7045137.0
2025-08-01 10:46:01 AM,13160.0,0,0.0,7045137.0
2025-08-01 10:46:02 AM,13160.0,3,39480.0,7084617.0
2025-08-01 10:51:10 AM,13173.0,0,0.0,7084617.0
2025-08-01 10:51:10 AM,13173.0,1,13173.0,7097790.0
2025-08-01 10:51:12 AM,13160.0,0,0.0,7097790.0
2025-08-01 10:51:15 AM,13160.0,1,13160.0,7110950.0
2025-08-01 10:53:30 AM,13153.0,1,13153.0,7124103.0
2025-08-01 10:56:08 AM,13170.0,0,0.0,7124103.0
2025-08-01 10:56:09 AM,13170.0,2,26340.0,7150443.0
2025-08-01 10:56:57 AM,13135.0,80,1050800.0,8201243.0
2025-08-01 10:57:20 AM,13151.0,0,0.0,8201243.0
2025-08-01 10:57:23 AM,13151.0,4,52604.0,8253847.0
2025-08-01 10:57:39 AM,13120.0,6,78720.0,8332567.0
2025-08-01 10:58:00 AM,13105.0,0,0.0,8332567.0
2025-08-01 10:58:00 AM,13105.0,4,52420.0,8384987.0
2025-08-01 10:58:06 AM,13121.0,0,0.0,8384987.0
2025-08-01 10:58:06 AM,13121.0,9,118089.0,8503076.0
2025-08-01 10:58:12 AM,13128.0,7,91896.0,8594972.0
2025-08-01 10:58:26 AM,13137.0,0,0.0,8594972.0
2025-08-01 10:58:28 AM,13137.0,1,13137.0,8608109.0
2025-08-01 10:58:33 AM,13137.0,1,13137.0,8621246.0
2025-08-01 11:00:03 AM,13121.0,1,13121.0,8634367.0
2025-08-01 11:01:40 AM,13121.0,1,13121.0,8647488.0
2025-08-01 11:08:52 AM,13117.0,0,0.0,8647488.0
2025-08-01 11:08:54 AM,13117.0,2,26234.0,8673722.0
2025-08-01 11:08:57 AM,13120.0,5,65600.0,8739322.0
2025-08-01 11:09:05 AM,13120.0,5,65600.0,8804922.0
2025-08-01 11:09:23 AM,13120.0,5,65600.0,8870522.0
2025-08-01 11:09:25 AM,13126.0,4,52504.0,8923026.0
2025-08-01 11:10:10 AM,13121.0,0,0.0,8923026.0
2025-08-01 11:10:11 AM,13121.0,1,13121.0,8936147.0
2025-08-01 11:10:16 AM,13126.0,0,0.0,8936147.0
2025-08-01 11:10:16 AM,13126.0,2,26252.0,8962399.0
2025-08-01 11:12:04 AM,13121.0,0,0.0,8962399.0
2025-08-01 11:12:05 AM,13121.0,1,13121.0,8975520.0
2025-08-01 11:13:47 AM,13127.0,1,13127.0,8988647.0
2025-08-01 11:13:48 AM,13134.0,4,52536.0,9041183.0
2025-08-01 11:18:20 AM,13139.0,1,13139.0,9054322.0
2025-08-01 11:19:16 AM,13150.0,1,13150.0,9067472.0
2025-08-01 11:23:29 AM,13150.0,1,13150.0,9080622.0
2025-08-01 11:24:03 AM,13138.0,0,0.0,9080622.0
2025-08-01 11:24:04 AM,13138.0,1,13138.0,9093760.0
2025-08-01 11:26:40 AM,13138.0,1,13138.0,9106898.0
2025-08-01 11:32:21 AM,13135.0,0,0.0,9106898.0
2025-08-01 11:32:22 AM,13135.0,2,26270.0,9133168.0
2025-08-01 11:33:12 AM,13136.0,0,0.0,9133168.0
2025-08-01 11:33:14 AM,13136.0,2,26272.0,9159440.0
2025-08-01 11:33:39 AM,13133.0,0,0.0,9159440.0
2025-08-01 11:33:39 AM,13133.0,2,26266.0,9185706.0
2025-08-01 11:33:40 AM,13112.0,56,734272.0,9919978.0
2025-08-01 11:33:41 AM,13104.0,0,0.0,9919978.0
2025-08-01 11:33:44 AM,13104.0,7,91728.0,10011706.0
2025-08-01 11:33:45 AM,13100.0,1,13100.0,10024806.0
2025-08-01 11:34:09 AM,13107.0,0,0.0,10024806.0
2025-08-01 11:34:10 AM,13107.0,1,13107.0,10037913.0
2025-08-01 11:34:32 AM,13100.0,0,0.0,10037913.0
2025-08-01 11:34:36 AM,13100.0,1,13100.0,10051013.0
2025-08-01 11:34:36 AM,13106.0,1,13106.0,10064119.0
2025-08-01 11:34:56 AM,13100.0,0,0.0,10064119.0
2025-08-01 11:34:57 AM,13100.0,1,13100.0,10077219.0
2025-08-01 11:35:02 AM,13100.0,1,13100.0,10090319.0
2025-08-01 11:36:05 AM,13100.0,1,13100.0,10103419.0
2025-08-01 11:36:46 AM,13106.0,0,0.0,10103419.0
2025-08-01 11:36:47 AM,13106.0,5,65530.0,10168949.0
2025-08-01 11:37:28 AM,13083.0,0,0.0,10168949.0
2025-08-01 11:37:29 AM,13083.0,4,52332.0,10221281.0
2025-08-01 11:37:59 AM,13094.0,0,0.0,10221281.0
2025-08-01 11:37:59 AM,13094.0,1,13094.0,10234375.0
2025-08-01 11:38:02 AM,13095.0,0,0.0,10234375.0
2025-08-01 11:38:04 AM,13095.0,1,13095.0,10247470.0
2025-08-01 11:39:51 AM,13083.0,0,0.0,10247470.0
2025-08-01 11:39:52 AM,13083.0,2,26166.0,10273636.0
2025-08-01 11:39:57 AM,13088.0,2,26176.0,10299812.0
2025-08-01 11:40:01 AM,13089.0,0,0.0,10299812.0
2025-08-01 11:40:02 AM,13089.0,1,13089.0,10312901.0
2025-08-01 11:40:07 AM,13080.0,0,0.0,10312901.0
2025-08-01 11:40:07 AM,13080.0,23,300840.0,10613741.0
2025-08-01 11:40:54 AM,13082.0,1,13082.0,10626823.0
2025-08-01 11:42:27 AM,13083.0,0,0.0,10626823.0
2025-08-01 11:42:30 AM,13083.0,3,39249.0,10666072.0
2025-08-01 11:42:34 AM,13074.0,0,0.0,10666072.0
2025-08-01 11:42:35 AM,13074.0,52,679848.0,11345920.0
2025-08-01 11:43:30 AM,13070.0,0,0.0,11345920.0
2025-08-01 11:43:34 AM,13070.0,1,13070.0,11358990.0
2025-08-01 11:46:31 AM,13068.0,0,0.0,11358990.0
2025-08-01 11:46:32 AM,13068.0,10,130680.0,11489670.0
2025-08-01 11:47:16 AM,13073.0,0,0.0,11489670.0
2025-08-01 11:47:19 AM,13073.0,7,91511.0,11581181.0
2025-08-01 11:47:30 AM,13121.0,0,0.0,11581181.0
2025-08-01 11:47:30 AM,13121.0,74,970954.0,12552135.0
2025-08-01 11:47:37 AM,13095.0,0,0.0,12552135.0
2025-08-01 11:47:39 AM,13095.0,9,117855.0,12669990.0
2025-08-01 11:47:40 AM,13068.0,66,862488.0,13532478.0
2025-08-01 11:48:01 AM,13069.0,0,0.0,13532478.0
2025-08-01 11:48:05 AM,13069.0,1,13069.0,13545547.0
2025-08-01 11:48:29 AM,13080.0,0,0.0,13545547.0
2025-08-01 11:48:30 AM,13080.0,6,78480.0,13624027.0
2025-08-01 11:48:48 AM,13125.0,0,0.0,13624027.0
2025-08-01 11:48:51 AM,13125.0,100,1312500.0,14936527.0
2025-08-01 11:49:15 AM,13115.0,0,0.0,14936527.0
2025-08-01 11:49:16 AM,13115.0,1,13115.0,14949642.0
2025-08-01 11:51:50 AM,13106.0,0,0.0,14949642.0
2025-08-01 11:51:53 AM,13106.0,1,13106.0,14962748.0
2025-08-01 11:52:37 AM,13115.0,0,0.0,14962748.0
2025-08-01 11:52:38 AM,13115.0,1,13115.0,14975863.0
2025-08-01 11:53:24 AM,13076.0,100,1307600.0,16283463.0
2025-08-01 11:53:45 AM,13084.0,2,26168.0,16309631.0
2025-08-01 11:56:06 AM,13092.0,0,0.0,16309631.0
2025-08-01 11:56:07 AM,13070.0,22,287540.0,16597171.0
2025-08-01 11:56:48 AM,13086.0,0,0.0,16597171.0
2025-08-01 11:56:48 AM,13086.0,5,65430.0,16662601.0
2025-08-01 11:56:49 AM,13109.0,0,0.0,16662601.0
2025-08-01 11:56:50 AM,13123.0,0,0.0,16662601.0
2025-08-01 11:56:52 AM,13123.0,46,603658.0,17266259.0
2025-08-01 11:57:07 AM,13115.0,2,26230.0,17292489.0
2025-08-01 11:57:31 AM,13114.0,0,0.0,17292489.0
2025-08-01 11:57:32 AM,13114.0,3,39342.0,17331831.0
2025-08-01 11:58:45 AM,13114.0,9,118026.0,17449857.0
2025-08-01 11:59:02 AM,13074.0,0,0.0,17449857.0
2025-08-01 11:59:02 AM,13074.0,2,26148.0,17476005.0
2025-08-01 11:59:02 AM,13094.0,0,0.0,17476005.0
2025-08-01 11:59:06 AM,13094.0,8,104752.0,17580757.0
2025-08-01 11:59:40 AM,13092.0,0,0.0,17580757.0
2025-08-01 11:59:42 AM,13092.0,3,39276.0,17620033.0
2025-08-01 11:59:54 AM,13092.0,1,13092.0,17633125.0
2025-08-01 12:00:05 PM,13078.0,0,0.0,17633125.0
2025-08-01 12:00:05 PM,13078.0,1,13078.0,17646203.0
2025-08-01 12:00:10 PM,13076.0,0,0.0,17646203.0
2025-08-01 12:00:11 PM,13076.0,1,13076.0,17659279.0
2025-08-01 12:01:09 PM,13078.0,0,0.0,17659279.0
2025-08-01 12:01:11 PM,13078.0,1,13078.0,17672357.0
2025-08-01 12:01:31 PM,13090.0,0,0.0,17672357.0
2025-08-01 12:01:32 PM,13090.0,1,13090.0,17685447.0
2025-08-01 12:02:58 PM,13082.0,0,0.0,17685447.0
2025-08-01 12:03:01 PM,13082.0,1,13082.0,17698529.0
2025-08-01 12:03:27 PM,13075.0,14,183050.0,17881579.0
2025-08-01 12:03:31 PM,13088.0,0,0.0,17881579.0
2025-08-01 12:03:32 PM,13088.0,1,13088.0,17894667.0
2025-08-01 12:03:33 PM,13089.0,0,0.0,17894667.0
2025-08-01 12:03:35 PM,13089.0,1,13089.0,17907756.0
2025-08-01 12:04:05 PM,13092.0,0,0.0,17907756.0
2025-08-01 12:04:06 PM,13092.0,7,91644.0,17999400.0
2025-08-01 12:06:14 PM,13086.0,0,0.0,17999400.0
2025-08-01 12:06:16 PM,13086.0,3,39258.0,18038658.0
2025-08-01 12:09:11 PM,13100.0,1,13100.0,18051758.0
2025-08-01 12:12:04 PM,13086.0,0,0.0,18051758.0
2025-08-01 12:12:04 PM,13086.0,1,13086.0,18064844.0
2025-08-01 12:13:38 PM,13088.0,0,0.0,18064844.0
2025-08-01 12:13:40 PM,13088.0,1,13088.0,18077932.0
2025-08-01 12:16:26 PM,13088.0,1,13088.0,18091020.0
2025-08-01 12:16:45 PM,13089.0,5,65445.0,18156465.0
2025-08-01 12:19:13 PM,13089.0,1,13089.0,18169554.0
2025-08-01 12:20:50 PM,13089.0,1,13089.0,18182643.0
2025-08-01 12:21:15 PM,13089.0,3,39267.0,18221910.0
2025-08-01 12:22:44 PM,13090.0,0,0.0,18221910.0
2025-08-01 12:22:45 PM,13090.0,2,26180.0,18248090.0
2025-08-01 12:24:03 PM,13081.0,0,0.0,18248090.0
2025-08-01 12:24:05 PM,13081.0,1,13081.0,18261171.0
2025-08-01 12:27:06 PM,13095.0,0,0.0,18261171.0
2025-08-01 12:27:10 PM,13095.0,6,78570.0,18339741.0
2025-08-01 12:27:19 PM,13083.0,0,0.0,18339741.0
2025-08-01 12:27:20 PM,13083.0,1,13083.0,18352824.0
2025-08-01 12:28:00 PM,13081.0,2,26162.0,18378986.0
2025-08-01 12:28:07 PM,13092.0,0,0.0,18378986.0
2025-08-01 12:28:09 PM,13092.0,1,13092.0,18392078.0
2025-08-01 12:31:52 PM,13077.0,0,0.0,18392078.0
2025-08-01 12:31:53 PM,13077.0,1,13077.0,18405155.0
2025-08-01 12:33:14 PM,13091.0,0,0.0,18405155.0
2025-08-01 12:33:15 PM,13091.0,1,13091.0,18418246.0
2025-08-01 12:35:14 PM,13089.0,0,0.0,18418246.0
2025-08-01 12:35:16 PM,13089.0,1,13089.0,18431335.0
2025-08-01 12:36:03 PM,13081.0,1,13081.0,18444416.0
2025-08-01 12:42:55 PM,13081.0,1,13081.0,18457497.0
2025-08-01 12:43:42 PM,13079.0,0,0.0,18457497.0
2025-08-01 12:43:44 PM,13079.0,2,26158.0,18483655.0
2025-08-01 12:43:58 PM,13088.0,0,0.0,18483655.0
2025-08-01 12:44:00 PM,13088.0,1,13088.0,18496743.0
2025-08-01 12:45:30 PM,13077.0,0,0.0,18496743.0
2025-08-01 12:45:34 PM,13077.0,1,13077.0,18509820.0
2025-08-01 12:48:01 PM,13077.0,1,13077.0,18522897.0
2025-08-01 12:49:31 PM,13075.0,1,13075.0,18535972.0
2025-08-01 12:50:34 PM,13086.0,0,0.0,18535972.0
2025-08-01 12:50:37 PM,13086.0,1,13086.0,18549058.0
2025-08-01 12:51:23 PM,13086.0,1,13086.0,18562144.0
2025-08-01 12:52:08 PM,13086.0,1,13086.0,18575230.0
2025-08-01 12:52:54 PM,13087.0,1,13087.0,18588317.0
2025-08-01 12:53:43 PM,13087.0,1,13087.0,18601404.0
2025-08-01 12:54:28 PM,13087.0,1,13087.0,18614491.0
2025-08-01 12:55:16 PM,13087.0,1,13087.0,18627578.0
2025-08-01 12:56:01 PM,13088.0,1,13088.0,18640666.0
2025-08-01 12:56:48 PM,13089.0,0,0.0,18640666.0
2025-08-01 12:56:51 PM,13089.0,1,13089.0,18653755.0
2025-08-01 12:57:35 PM,13089.0,1,13089.0,18666844.0
2025-08-01 12:58:24 PM,13075.0,0,0.0,18666844.0
2025-08-01 12:58:26 PM,13075.0,9,117675.0,18784519.0
2025-08-01 12:59:08 PM,13088.0,0,0.0,18784519.0
2025-08-01 12:59:12 PM,13088.0,1,13088.0,18797607.0
2025-08-01 12:59:56 PM,13081.0,0,0.0,18797607.0
2025-08-01 12:59:58 PM,13081.0,1,13081.0,18810688.0
2025-08-01 01:00:00 PM,13075.0,0,0.0,18810688.0
2025-08-01 01:00:02 PM,13076.0,0,0.0,18810688.0
2025-08-01 01:00:04 PM,13076.0,14,183064.0,18993752.0
2025-08-01 01:00:43 PM,13081.0,0,0.0,18993752.0
2025-08-01 01:00:45 PM,13081.0,1,13081.0,19006833.0
2025-08-01 01:01:28 PM,13087.0,1,13087.0,19019920.0
2025-08-01 01:02:16 PM,13087.0,1,13087.0,19033007.0
2025-08-01 01:03:02 PM,13087.0,1,13087.0,19046094.0
2025-08-01 01:03:52 PM,13087.0,1,13087.0,19059181.0
2025-08-01 01:04:35 PM,13088.0,0,0.0,19059181.0
2025-08-01 01:04:36 PM,13088.0,1,13088.0,19072269.0
2025-08-01 01:04:59 PM,13076.0,0,0.0,19072269.0
2025-08-01 01:04:59 PM,13076.0,3,39228.0,19111497.0
2025-08-01 01:05:23 PM,13088.0,0,0.0,19111497.0
2025-08-01 01:05:24 PM,13088.0,1,13088.0,19124585.0
2025-08-01 01:06:11 PM,13088.0,1,13088.0,19137673.0
2025-08-01 01:06:56 PM,13089.0,0,0.0,19137673.0
2025-08-01 01:06:58 PM,13089.0,1,13089.0,19150762.0
2025-08-01 01:07:10 PM,13075.0,0,0.0,19150762.0
2025-08-01 01:07:12 PM,13075.0,1,13075.0,19163837.0
2025-08-01 01:07:42 PM,13087.0,0,0.0,19163837.0
2025-08-01 01:07:44 PM,13087.0,1,13087.0,19176924.0
2025-08-01 01:08:30 PM,13088.0,0,0.0,19176924.0
2025-08-01 01:08:30 PM,13088.0,1,13088.0,19190012.0
2025-08-01 01:09:00 PM,13088.0,5,65440.0,19255452.0
2025-08-01 01:09:16 PM,13088.0,1,13088.0,19268540.0
2025-08-01 01:10:03 PM,13089.0,0,0.0,19268540.0
2025-08-01 01:10:04 PM,13089.0,1,13089.0,19281629.0
2025-08-01 01:10:50 PM,13088.0,0,0.0,19281629.0
2025-08-01 01:10:50 PM,13088.0,1,13088.0,19294717.0
2025-08-01 01:11:36 PM,13089.0,1,13089.0,19307806.0
2025-08-01 01:12:04 PM,13075.0,0,0.0,19307806.0
2025-08-01 01:12:04 PM,13075.0,1,13075.0,19320881.0
2025-08-01 01:12:24 PM,13090.0,0,0.0,19320881.0
2025-08-01 01:12:25 PM,13090.0,1,13090.0,19333971.0
2025-08-01 01:13:10 PM,13091.0,0,0.0,19333971.0
2025-08-01 01:13:11 PM,13091.0,1,13091.0,19347062.0
2025-08-01 01:13:56 PM,13091.0,1,13091.0,19360153.0
2025-08-01 01:14:06 PM,13091.0,1,13091.0,19373244.0
2025-08-01 01:14:44 PM,13094.0,0,0.0,19373244.0
2025-08-01 01:14:45 PM,13094.0,1,13094.0,19386338.0
2025-08-01 01:15:31 PM,13094.0,1,13094.0,19399432.0
2025-08-01 01:16:18 PM,13091.0,0,0.0,19399432.0
2025-08-01 01:16:18 PM,13091.0,1,13091.0,19412523.0
2025-08-01 01:17:04 PM,13093.0,0,0.0,19412523.0
2025-08-01 01:17:06 PM,13093.0,1,13093.0,19425616.0
2025-08-01 01:17:53 PM,13093.0,11,144023.0,19569639.0
2025-08-01 01:18:38 PM,13094.0,0,0.0,19569639.0
2025-08-01 01:18:38 PM,13094.0,1,13094.0,19582733.0
2025-08-01 01:19:24 PM,13095.0,1,13095.0,19595828.0
2025-08-01 01:20:12 PM,13095.0,1,13095.0,19608923.0
2025-08-01 01:20:57 PM,13095.0,1,13095.0,19622018.0
2025-08-01 01:21:06 PM,13083.0,0,0.0,19622018.0
2025-08-01 01:21:07 PM,13083.0,1,13083.0,19635101.0
2025-08-01 01:21:44 PM,13090.0,0,0.0,19635101.0
2025-08-01 01:21:47 PM,13090.0,1,13090.0,19648191.0
2025-08-01 01:22:04 PM,13079.0,0,0.0,19648191.0
2025-08-01 01:22:06 PM,13079.0,3,39237.0,19687428.0
2025-08-01 01:22:32 PM,13094.0,0,0.0,19687428.0
2025-08-01 01:22:33 PM,13094.0,1,13094.0,19700522.0
2025-08-01 01:23:18 PM,13095.0,0,0.0,19700522.0
2025-08-01 01:23:20 PM,13095.0,1,13095.0,19713617.0
2025-08-01 01:24:03 PM,13079.0,1,13079.0,19726696.0
2025-08-01 01:24:04 PM,13096.0,0,0.0,19726696.0
2025-08-01 01:24:08 PM,13096.0,1,13096.0,19739792.0
2025-08-01 01:24:44 PM,13101.0,0,0.0,19739792.0
2025-08-01 01:24:46 PM,13101.0,5,65505.0,19805297.0
2025-08-01 01:24:50 PM,13078.0,0,0.0,19805297.0
2025-08-01 01:24:51 PM,13078.0,1,13078.0,19818375.0
2025-08-01 01:24:51 PM,13095.0,1,13095.0,19831470.0
2025-08-01 01:25:39 PM,13094.0,0,0.0,19831470.0
2025-08-01 01:25:40 PM,13094.0,1,13094.0,19844564.0
2025-08-01 01:26:25 PM,13099.0,0,0.0,19844564.0
2025-08-01 01:26:25 PM,13099.0,1,13099.0,19857663.0
2025-08-01 01:27:11 PM,13108.0,0,0.0,19857663.0
2025-08-01 01:27:14 PM,13108.0,1,13108.0,19870771.0
2025-08-01 01:27:58 PM,13102.0,0,0.0,19870771.0
2025-08-01 01:28:02 PM,13102.0,1,13102.0,19883873.0
2025-08-01 01:28:46 PM,13103.0,1,13103.0,19896976.0
2025-08-01 01:29:32 PM,13102.0,0,0.0,19896976.0
2025-08-01 01:29:34 PM,13102.0,1,13102.0,19910078.0
2025-08-01 01:30:18 PM,13107.0,0,0.0,19910078.0
2025-08-01 01:30:22 PM,13107.0,1,13107.0,19923185.0
2025-08-01 01:31:06 PM,13106.0,1,13106.0,19936291.0
2025-08-01 01:31:36 PM,13092.0,0,0.0,19936291.0
2025-08-01 01:31:37 PM,13092.0,1,13092.0,19949383.0
2025-08-01 01:31:57 PM,13092.0,1,13092.0,19962475.0
2025-08-01 01:32:39 PM,13099.0,0,0.0,19962475.0
2025-08-01 01:32:40 PM,13099.0,1,13099.0,19975574.0
2025-08-01 01:33:26 PM,13102.0,0,0.0,19975574.0
2025-08-01 01:33:29 PM,13102.0,1,13102.0,19988676.0
2025-08-01 01:34:12 PM,13097.0,0,0.0,19988676.0
2025-08-01 01:34:13 PM,13097.0,1,13097.0,20001773.0
2025-08-01 01:34:43 PM,13082.0,0,0.0,20001773.0
2025-08-01 01:34:45 PM,13082.0,2,26164.0,20027937.0
2025-08-01 01:34:48 PM,13093.0,0,0.0,20027937.0
2025-08-01 01:34:50 PM,13093.0,2,26186.0,20054123.0
2025-08-01 01:35:00 PM,13099.0,1,13099.0,20067222.0
2025-08-01 01:35:24 PM,13083.0,4,52332.0,20119554.0
2025-08-01 01:35:46 PM,13099.0,0,0.0,20119554.0
2025-08-01 01:35:48 PM,13099.0,1,13099.0,20132653.0
2025-08-01 01:35:52 PM,13086.0,0,0.0,20132653.0
2025-08-01 01:35:53 PM,13086.0,2,26172.0,20158825.0
2025-08-01 01:36:02 PM,13086.0,1,13086.0,20171911.0
2025-08-01 01:36:33 PM,13100.0,1,13100.0,20185011.0
2025-08-01 01:36:34 PM,13080.0,0,0.0,20185011.0
2025-08-01 01:36:37 PM,13080.0,10,130800.0,20315811.0
2025-08-01 01:37:20 PM,13091.0,0,0.0,20315811.0
2025-08-01 01:37:21 PM,13091.0,1,13091.0,20328902.0
2025-08-01 01:38:07 PM,13089.0,1,13089.0,20341991.0
2025-08-01 01:38:24 PM,13075.0,0,0.0,20341991.0
2025-08-01 01:38:28 PM,13075.0,4,52300.0,20394291.0
2025-08-01 01:38:42 PM,13048.0,0,0.0,20394291.0
2025-08-01 01:38:44 PM,13048.0,65,848120.0,21242411.0
2025-08-01 01:38:55 PM,13048.0,1,13048.0,21255459.0
2025-08-01 01:39:42 PM,13048.0,1,13048.0,21268507.0
2025-08-01 01:40:26 PM,13052.0,0,0.0,21268507.0
2025-08-01 01:40:27 PM,13052.0,1,13052.0,21281559.0
2025-08-01 01:41:14 PM,13048.0,0,0.0,21281559.0
2025-08-01 01:41:14 PM,13048.0,1,13048.0,21294607.0
2025-08-01 01:42:01 PM,13048.0,1,13048.0,21307655.0
2025-08-01 01:42:28 PM,13042.0,0,0.0,21307655.0
2025-08-01 01:42:31 PM,13042.0,1,13042.0,21320697.0
2025-08-01 01:42:48 PM,13047.0,0,0.0,21320697.0
2025-08-01 01:42:50 PM,13047.0,1,13047.0,21333744.0
2025-08-01 01:43:34 PM,13051.0,0,0.0,21333744.0
2025-08-01 01:43:35 PM,13051.0,1,13051.0,21346795.0
2025-08-01 01:44:20 PM,13048.0,0,0.0,21346795.0
2025-08-01 01:44:21 PM,13048.0,1,13048.0,21359843.0
2025-08-01 01:44:35 PM,13048.0,1,13048.0,21372891.0
2025-08-01 01:45:08 PM,13052.0,0,0.0,21372891.0
2025-08-01 01:45:10 PM,13052.0,1,13052.0,21385943.0
2025-08-01 01:45:40 PM,13053.0,0,0.0,21385943.0
2025-08-01 01:45:40 PM,13053.0,1,13053.0,21398996.0
2025-08-01 01:45:45 PM,13060.0,5,65300.0,21464296.0
2025-08-01 01:45:54 PM,13058.0,0,0.0,21464296.0
2025-08-01 01:45:54 PM,13058.0,1,13058.0,21477354.0
2025-08-01 01:46:18 PM,13058.0,1,13058.0,21490412.0
2025-08-01 01:46:40 PM,13060.0,0,0.0,21490412.0
2025-08-01 01:46:42 PM,13058.0,0,0.0,21490412.0
2025-08-01 01:46:44 PM,13058.0,3,39174.0,21529586.0
2025-08-01 01:47:04 PM,13057.0,0,0.0,21529586.0
2025-08-01 01:47:04 PM,13057.0,1,13057.0,21542643.0
2025-08-01 01:47:28 PM,13060.0,0,0.0,21542643.0
2025-08-01 01:47:29 PM,13060.0,1,13060.0,21555703.0
2025-08-01 01:47:52 PM,13062.0,0,0.0,21555703.0
2025-08-01 01:47:54 PM,13062.0,1,13062.0,21568765.0
2025-08-01 01:48:04 PM,13047.0,1,13047.0,21581812.0
2025-08-01 01:48:14 PM,13062.0,1,13062.0,21594874.0
2025-08-01 01:48:42 PM,13061.0,0,0.0,21594874.0
2025-08-01 01:48:44 PM,13061.0,1,13061.0,21607935.0
2025-08-01 01:49:01 PM,13064.0,0,0.0,21607935.0
2025-08-01 01:49:03 PM,13064.0,1,13064.0,21620999.0
2025-08-01 01:49:24 PM,13052.0,0,0.0,21620999.0
2025-08-01 01:49:27 PM,13052.0,2,26104.0,21647103.0
2025-08-01 01:49:32 PM,13052.0,1,13052.0,21660155.0
2025-08-01 01:49:48 PM,13063.0,0,0.0,21660155.0
2025-08-01 01:49:51 PM,13063.0,1,13063.0,21673218.0
2025-08-01 01:50:20 PM,13067.0,0,0.0,21673218.0
2025-08-01 01:50:21 PM,13067.0,1,13067.0,21686285.0
2025-08-01 01:50:34 PM,13066.0,0,0.0,21686285.0
2025-08-01 01:50:35 PM,13066.0,3,39198.0,21725483.0
2025-08-01 01:50:41 PM,13067.0,0,0.0,21725483.0
2025-08-01 01:50:41 PM,13067.0,1,13067.0,21738550.0
2025-08-01 01:51:10 PM,13067.0,1,13067.0,21751617.0
2025-08-01 01:51:21 PM,13066.0,1,13066.0,21764683.0
2025-08-01 01:51:38 PM,13052.0,0,0.0,21764683.0
2025-08-01 01:51:39 PM,13052.0,3,39156.0,21803839.0
2025-08-01 01:51:46 PM,13044.0,0,0.0,21803839.0
2025-08-01 01:51:48 PM,13044.0,1,13044.0,21816883.0
2025-08-01 01:51:58 PM,13057.0,0,0.0,21816883.0
2025-08-01 01:51:58 PM,13057.0,1,13057.0,21829940.0
2025-08-01 01:52:08 PM,13065.0,0,0.0,21829940.0
2025-08-01 01:52:08 PM,13065.0,1,13065.0,21843005.0
2025-08-01 01:52:47 PM,13064.0,0,0.0,21843005.0
2025-08-01 01:52:47 PM,13064.0,1,13064.0,21856069.0
2025-08-01 01:52:57 PM,13064.0,1,13064.0,21869133.0
2025-08-01 01:53:16 PM,13064.0,2,26128.0,21895261.0
2025-08-01 01:53:17 PM,13064.0,1,13064.0,21908325.0
2025-08-01 01:53:36 PM,13064.0,1,13064.0,21921389.0
2025-08-01 01:53:42 PM,13065.0,0,0.0,21921389.0
2025-08-01 01:53:43 PM,13055.0,0,0.0,21921389.0
2025-08-01 01:53:44 PM,13055.0,15,195825.0,22117214.0
2025-08-01 01:54:25 PM,13066.0,0,0.0,22117214.0
2025-08-01 01:54:27 PM,13066.0,1,13066.0,22130280.0
2025-08-01 01:54:28 PM,13067.0,1,13067.0,22143347.0
2025-08-01 01:55:00 PM,13060.0,1,13060.0,22156407.0
2025-08-01 01:55:16 PM,13068.0,2,26136.0,22182543.0
2025-08-01 01:55:50 PM,13068.0,1,13068.0,22195611.0
2025-08-01 01:56:02 PM,13069.0,0,0.0,22195611.0
2025-08-01 01:56:06 PM,13069.0,1,13069.0,22208680.0
2025-08-01 01:56:08 PM,13074.0,0,0.0,22208680.0
2025-08-01 01:56:10 PM,13074.0,1,13074.0,22221754.0
2025-08-01 01:56:14 PM,13066.0,0,0.0,22221754.0
2025-08-01 01:56:15 PM,13066.0,1,13066.0,22234820.0
2025-08-01 01:56:20 PM,13050.0,0,0.0,22234820.0
2025-08-01 01:56:21 PM,13050.0,2,26100.0,22260920.0
2025-08-01 01:56:48 PM,13067.0,0,0.0,22260920.0
2025-08-01 01:56:50 PM,13067.0,1,13067.0,22273987.0
2025-08-01 01:56:52 PM,13081.0,0,0.0,22273987.0
2025-08-01 01:56:54 PM,13071.0,0,0.0,22273987.0
2025-08-01 01:56:56 PM,13071.0,2,26142.0,22300129.0
2025-08-01 01:56:58 PM,13072.0,0,0.0,22300129.0
2025-08-01 01:57:01 PM,13072.0,2,26144.0,22326273.0
2025-08-01 01:57:14 PM,13070.0,0,0.0,22326273.0
2025-08-01 01:57:15 PM,13070.0,1,13070.0,22339343.0
2025-08-01 01:57:20 PM,13070.0,1,13070.0,22352413.0
2025-08-01 01:57:25 PM,13070.0,4,52280.0,22404693.0
2025-08-01 01:57:39 PM,13070.0,1,13070.0,22417763.0
2025-08-01 01:57:42 PM,13080.0,0,0.0,22417763.0
2025-08-01 01:57:44 PM,13080.0,1,13080.0,22430843.0
2025-08-01 01:58:02 PM,13066.0,0,0.0,22430843.0
2025-08-01 01:58:04 PM,13066.0,2,26132.0,22456975.0
2025-08-01 01:58:22 PM,13079.0,0,0.0,22456975.0
2025-08-01 01:58:23 PM,13079.0,1,13079.0,22470054.0
2025-08-01 01:58:30 PM,13080.0,0,0.0,22470054.0
2025-08-01 01:58:33 PM,13080.0,1,13080.0,22483134.0
2025-08-01 01:59:09 PM,13082.0,1,13082.0,22496216.0
2025-08-01 01:59:19 PM,13081.0,1,13081.0,22509297.0
2025-08-01 01:59:55 PM,13084.0,0,0.0,22509297.0
2025-08-01 02:00:00 PM,13084.0,1,13084.0,22522381.0
2025-08-01 02:00:08 PM,13086.0,0,0.0,22522381.0
2025-08-01 02:00:10 PM,13086.0,1,13086.0,22535467.0
2025-08-01 02:00:48 PM,13064.0,0,0.0,22535467.0
2025-08-01 02:00:48 PM,13064.0,5,65320.0,22600787.0
2025-08-01 02:00:56 PM,13078.0,0,0.0,22600787.0
2025-08-01 02:00:58 PM,13078.0,1,13078.0,22613865.0
2025-08-01 02:01:40 PM,13062.0,0,0.0,22613865.0
2025-08-01 02:01:42 PM,13062.0,1,13062.0,22626927.0
2025-08-01 02:01:46 PM,13074.0,0,0.0,22626927.0
2025-08-01 02:01:47 PM,13074.0,1,13074.0,22640001.0
2025-08-01 02:02:31 PM,13074.0,1,13074.0,22653075.0
2025-08-01 02:02:34 PM,13073.0,0,0.0,22653075.0
2025-08-01 02:02:36 PM,13073.0,1,13073.0,22666148.0
2025-08-01 02:03:24 PM,13069.0,0,0.0,22666148.0
2025-08-01 02:03:26 PM,13069.0,1,13069.0,22679217.0
2025-08-01 02:04:12 PM,13062.0,0,0.0,22679217.0
2025-08-01 02:04:16 PM,13062.0,1,13062.0,22692279.0
2025-08-01 02:04:54 PM,13051.0,0,0.0,22692279.0
2025-08-01 02:04:58 PM,13051.0,3,39153.0,22731432.0
2025-08-01 02:05:02 PM,13063.0,1,13063.0,22744495.0
2025-08-01 02:05:51 PM,13064.0,0,0.0,22744495.0
2025-08-01 02:05:52 PM,13064.0,1,13064.0,22757559.0
2025-08-01 02:06:40 PM,13063.0,0,0.0,22757559.0
2025-08-01 02:06:43 PM,13063.0,1,13063.0,22770622.0
2025-08-01 02:07:00 PM,13052.0,0,0.0,22770622.0
2025-08-01 02:07:04 PM,13052.0,1,13052.0,22783674.0
2025-08-01 02:07:27 PM,13051.0,0,0.0,22783674.0
2025-08-01 02:07:29 PM,13051.0,2,26102.0,22809776.0
2025-08-01 02:07:50 PM,13049.0,0,0.0,22809776.0
2025-08-01 02:07:50 PM,13049.0,3,39147.0,22848923.0
2025-08-01 02:08:04 PM,13039.0,0,0.0,22848923.0
2025-08-01 02:08:05 PM,13039.0,12,156468.0,23005391.0
2025-08-01 02:08:18 PM,13035.0,0,0.0,23005391.0
2025-08-01 02:08:20 PM,13035.0,1,13035.0,23018426.0
2025-08-01 02:09:07 PM,13030.0,1,13030.0,23031456.0
2025-08-01 02:09:11 PM,13035.0,0,0.0,23031456.0
2025-08-01 02:09:12 PM,13035.0,5,65175.0,23096631.0
2025-08-01 02:09:56 PM,13042.0,0,0.0,23096631.0
2025-08-01 02:09:57 PM,13042.0,1,13042.0,23109673.0
2025-08-01 02:10:04 PM,13040.0,0,0.0,23109673.0
2025-08-01 02:10:07 PM,13040.0,2,26080.0,23135753.0
2025-08-01 02:10:45 PM,13042.0,0,0.0,23135753.0
2025-08-01 02:10:47 PM,13042.0,1,13042.0,23148795.0
2025-08-01 02:10:51 PM,13037.0,0,0.0,23148795.0
2025-08-01 02:10:52 PM,13037.0,3,39111.0,23187906.0
2025-08-01 02:11:34 PM,13045.0,1,13045.0,23200951.0
2025-08-01 02:12:23 PM,13048.0,0,0.0,23200951.0
2025-08-01 02:12:26 PM,13048.0,1,13048.0,23213999.0
2025-08-01 02:13:12 PM,13047.0,0,0.0,23213999.0
2025-08-01 02:13:13 PM,13047.0,2,26094.0,23240093.0
2025-08-01 02:13:58 PM,13037.0,0,0.0,23240093.0
2025-08-01 02:13:58 PM,13037.0,2,26074.0,23266167.0
2025-08-01 02:14:02 PM,13045.0,0,0.0,23266167.0
2025-08-01 02:14:04 PM,13045.0,1,13045.0,23279212.0
2025-08-01 02:14:25 PM,13035.0,1,13035.0,23292247.0
2025-08-01 02:14:33 PM,13035.0,1,13035.0,23305282.0
2025-08-01 02:14:50 PM,13049.0,0,0.0,23305282.0
2025-08-01 02:14:51 PM,13049.0,1,13049.0,23318331.0
2025-08-01 02:15:06 PM,13049.0,1,13049.0,23331380.0
2025-08-01 02:15:14 PM,13038.0,0,0.0,23331380.0
2025-08-01 02:15:14 PM,13038.0,3,39114.0,23370494.0
2025-08-01 02:15:40 PM,13051.0,0,0.0,23370494.0
2025-08-01 02:15:40 PM,13051.0,1,13051.0,23383545.0
2025-08-01 02:15:50 PM,13038.0,0,0.0,23383545.0
2025-08-01 02:15:50 PM,13038.0,3,39114.0,23422659.0
2025-08-01 02:16:27 PM,13045.0,1,13045.0,23435704.0
2025-08-01 02:17:16 PM,13045.0,1,13045.0,23448749.0
2025-08-01 02:17:21 PM,13036.0,2,26072.0,23474821.0
2025-08-01 02:17:50 PM,13033.0,0,0.0,23474821.0
2025-08-01 02:17:52 PM,13033.0,3,39099.0,23513920.0
2025-08-01 02:18:06 PM,13045.0,0,0.0,23513920.0
2025-08-01 02:18:07 PM,13045.0,1,13045.0,23526965.0
2025-08-01 02:18:10 PM,13036.0,0,0.0,23526965.0
2025-08-01 02:18:13 PM,13036.0,3,39108.0,23566073.0
2025-08-01 02:18:42 PM,13046.0,0,0.0,23566073.0
2025-08-01 02:18:43 PM,13046.0,8,104368.0,23670441.0
2025-08-01 02:18:56 PM,13047.0,0,0.0,23670441.0
2025-08-01 02:18:58 PM,13047.0,1,13047.0,23683488.0
2025-08-01 02:19:40 PM,13037.0,3,39111.0,23722599.0
2025-08-01 02:19:44 PM,13048.0,0,0.0,23722599.0
2025-08-01 02:19:46 PM,13048.0,1,13048.0,23735647.0
2025-08-01 02:20:04 PM,13038.0,0,0.0,23735647.0
2025-08-01 02:20:07 PM,13038.0,3,39114.0,23774761.0
2025-08-01 02:20:18 PM,13040.0,0,0.0,23774761.0
2025-08-01 02:20:22 PM,13040.0,3,39120.0,23813881.0
2025-08-01 02:20:34 PM,13050.0,0,0.0,23813881.0
2025-08-01 02:20:37 PM,13050.0,1,13050.0,23826931.0
2025-08-01 02:20:38 PM,13040.0,0,0.0,23826931.0
2025-08-01 02:20:42 PM,13040.0,5,65200.0,23892131.0
2025-08-01 02:21:22 PM,13050.0,0,0.0,23892131.0
2025-08-01 02:21:23 PM,13050.0,1,13050.0,23905181.0
2025-08-01 02:21:36 PM,13052.0,0,0.0,23905181.0
2025-08-01 02:21:39 PM,13052.0,5,65260.0,23970441.0
2025-08-01 02:22:04 PM,13040.0,0,0.0,23970441.0
2025-08-01 02:22:05 PM,13040.0,3,39120.0,24009561.0
2025-08-01 02:22:11 PM,13054.0,1,13054.0,24022615.0
2025-08-01 02:22:20 PM,13040.0,0,0.0,24022615.0
2025-08-01 02:22:22 PM,13040.0,3,39120.0,24061735.0
2025-08-01 02:22:37 PM,13030.0,0,0.0,24061735.0
2025-08-01 02:22:38 PM,13030.0,12,156360.0,24218095.0
2025-08-01 02:23:01 PM,13031.0,0,0.0,24218095.0
2025-08-01 02:23:04 PM,13031.0,1,13031.0,24231126.0
2025-08-01 02:23:26 PM,13031.0,10,130310.0,24361436.0
2025-08-01 02:23:50 PM,13032.0,0,0.0,24361436.0
2025-08-01 02:23:52 PM,13032.0,1,13032.0,24374468.0
2025-08-01 02:24:39 PM,13032.0,1,13032.0,24387500.0
2025-08-01 02:25:12 PM,13021.0,2,26042.0,24413542.0
2025-08-01 02:25:17 PM,13021.0,2,26042.0,24439584.0
2025-08-01 02:25:28 PM,13022.0,3,39066.0,24478650.0
2025-08-01 02:25:47 PM,13021.0,0,0.0,24478650.0
2025-08-01 02:25:49 PM,13021.0,3,39063.0,24517713.0
2025-08-01 02:26:11 PM,13021.0,3,39063.0,24556776.0
2025-08-01 02:26:16 PM,13031.0,1,13031.0,24569807.0
2025-08-01 02:27:05 PM,13034.0,0,0.0,24569807.0
2025-08-01 02:27:09 PM,13034.0,1,13034.0,24582841.0
2025-08-01 02:27:33 PM,13021.0,0,0.0,24582841.0
2025-08-01 02:27:36 PM,13021.0,2,26042.0,24608883.0
2025-08-01 02:27:39 PM,13034.0,0,0.0,24608883.0
2025-08-01 02:27:41 PM,13034.0,1,13034.0,24621917.0
2025-08-01 02:27:54 PM,13036.0,0,0.0,24621917.0
2025-08-01 02:27:57 PM,13036.0,1,13036.0,24634953.0
2025-08-01 02:28:18 PM,13022.0,0,0.0,24634953.0
2025-08-01 02:28:19 PM,13022.0,2,26044.0,24660997.0
2025-08-01 02:28:47 PM,13022.0,1,13022.0,24674019.0
2025-08-01 02:28:54 PM,13035.0,0,0.0,24674019.0
2025-08-01 02:28:57 PM,13021.0,3,39063.0,24713082.0
2025-08-01 02:29:07 PM,13015.0,0,0.0,24713082.0
2025-08-01 02:29:09 PM,13015.0,9,117135.0,24830217.0
2025-08-01 02:29:19 PM,13012.0,0,0.0,24830217.0
2025-08-01 02:29:21 PM,13012.0,2,26024.0,24856241.0
2025-08-01 02:29:32 PM,13021.0,1,13021.0,24869262.0
2025-08-01 02:30:21 PM,13023.0,1,13023.0,24882285.0
2025-08-01 02:30:32 PM,13024.0,1,13024.0,24895309.0
2025-08-01 02:30:47 PM,13012.0,0,0.0,24895309.0
2025-08-01 02:30:48 PM,13012.0,5,65060.0,24960369.0
2025-08-01 02:30:52 PM,13024.0,0,0.0,24960369.0
2025-08-01 02:30:53 PM,13024.0,1,13024.0,24973393.0
2025-08-01 02:31:10 PM,13026.0,0,0.0,24973393.0
2025-08-01 02:31:10 PM,13026.0,1,13026.0,24986419.0
2025-08-01 02:31:59 PM,13027.0,0,0.0,24986419.0
2025-08-01 02:31:59 PM,13027.0,1,13027.0,24999446.0
2025-08-01 02:32:49 PM,13028.0,0,0.0,24999446.0
2025-08-01 02:32:49 PM,13028.0,1,13028.0,25012474.0
2025-08-01 02:33:39 PM,13029.0,1,13029.0,25025503.0
2025-08-01 02:34:26 PM,13027.0,1,13027.0,25038530.0
2025-08-01 02:35:15 PM,13028.0,0,0.0,25038530.0
2025-08-01 02:35:15 PM,13028.0,1,13028.0,25051558.0
2025-08-01 02:35:20 PM,13030.0,1,13030.0,25064588.0
2025-08-01 02:35:26 PM,13030.0,1,13030.0,25077618.0
2025-08-01 02:35:42 PM,13031.0,0,0.0,25077618.0
2025-08-01 02:35:43 PM,13031.0,1,13031.0,25090649.0
2025-08-01 02:35:44 PM,13030.0,0,0.0,25090649.0
2025-08-01 02:35:45 PM,13030.0,9,117270.0,25207919.0
2025-08-01 02:36:04 PM,13039.0,11,143429.0,25351348.0
2025-08-01 02:36:10 PM,13030.0,8,104240.0,25455588.0
2025-08-01 02:36:53 PM,13028.0,1,13028.0,25468616.0
2025-08-01 02:37:42 PM,13034.0,0,0.0,25468616.0
2025-08-01 02:37:42 PM,13034.0,1,13034.0,25481650.0
2025-08-01 02:38:31 PM,13032.0,1,13032.0,25494682.0
2025-08-01 02:38:33 PM,13020.0,0,0.0,25494682.0
2025-08-01 02:38:37 PM,13020.0,2,26040.0,25520722.0
2025-08-01 02:38:48 PM,13012.0,1,13012.0,25533734.0
2025-08-01 02:39:21 PM,13029.0,0,0.0,25533734.0
2025-08-01 02:39:23 PM,13014.0,3,39042.0,25572776.0
2025-08-01 02:39:45 PM,13017.0,0,0.0,25572776.0
2025-08-01 02:39:46 PM,13017.0,3,39051.0,25611827.0
2025-08-01 02:40:10 PM,13032.0,0,0.0,25611827.0
2025-08-01 02:40:14 PM,13032.0,1,13032.0,25624859.0
2025-08-01 02:40:58 PM,13031.0,0,0.0,25624859.0
2025-08-01 02:40:58 PM,13031.0,1,13031.0,25637890.0
2025-08-01 02:41:00 PM,13000.0,0,0.0,25637890.0
2025-08-01 02:41:03 PM,13000.0,66,858000.0,26495890.0
2025-08-01 02:41:47 PM,13023.0,0,0.0,26495890.0
2025-08-01 02:41:51 PM,13023.0,2,26046.0,26521936.0
2025-08-01 02:42:00 PM,13030.0,0,0.0,26521936.0
2025-08-01 02:42:02 PM,13030.0,13,169390.0,26691326.0
2025-08-01 02:42:36 PM,13021.0,0,0.0,26691326.0
2025-08-01 02:42:39 PM,13021.0,1,13021.0,26704347.0
2025-08-01 02:42:44 PM,13011.0,0,0.0,26704347.0
2025-08-01 02:42:44 PM,13011.0,1,13011.0,26717358.0
2025-08-01 02:43:27 PM,13011.0,1,13011.0,26730369.0
2025-08-01 02:43:38 PM,13000.0,0,0.0,26730369.0
2025-08-01 02:43:38 PM,13000.0,14,182000.0,26912369.0
2025-08-01 02:43:57 PM,13010.0,0,0.0,26912369.0
2025-08-01 02:44:00 PM,13010.0,1,13010.0,26925379.0
2025-08-01 02:44:18 PM,13010.0,1,13010.0,26938389.0
2025-08-01 02:45:04 PM,13012.0,0,0.0,26938389.0
2025-08-01 02:45:08 PM,13012.0,1,13012.0,26951401.0
2025-08-01 02:45:28 PM,13000.0,0,0.0,26951401.0
2025-08-01 02:45:30 PM,13000.0,63,819000.0,27770401.0
2025-08-01 02:45:52 PM,12996.0,0,0.0,27770401.0
2025-08-01 02:45:52 PM,12990.0,0,0.0,27770401.0
2025-08-01 02:45:52 PM,12990.0,13,168870.0,27939271.0
2025-08-01 02:46:09 PM,12996.0,1,12996.0,27952267.0
2025-08-01 02:46:43 PM,12996.0,1,12996.0,27965263.0
2025-08-01 02:46:51 PM,12997.0,0,0.0,27965263.0
2025-08-01 02:46:53 PM,12997.0,1,12997.0,27978260.0
2025-08-01 02:47:30 PM,12998.0,0,0.0,27978260.0
2025-08-01 02:47:33 PM,12998.0,1,12998.0,27991258.0
2025-08-01 02:48:02 PM,12990.0,0,0.0,27991258.0
2025-08-01 02:48:02 PM,12990.0,2,25980.0,28017238.0
2025-08-01 02:48:08 PM,12998.0,0,0.0,28017238.0
2025-08-01 02:48:09 PM,12998.0,1,12998.0,28030236.0
2025-08-01 02:48:19 PM,12999.0,1,12999.0,28043235.0
2025-08-01 02:49:02 PM,12998.0,0,0.0,28043235.0
2025-08-01 02:49:04 PM,12998.0,1,12998.0,28056233.0
2025-08-01 02:49:10 PM,12998.0,1,12998.0,28069231.0
2025-08-01 02:49:26 PM,12987.0,0,0.0,28069231.0
2025-08-01 02:49:26 PM,12987.0,1,12987.0,28082218.0
2025-08-01 02:49:57 PM,12999.0,0,0.0,28082218.0
2025-08-01 02:49:59 PM,12999.0,1,12999.0,28095217.0
2025-08-01 02:50:38 PM,12999.0,1,12999.0,28108216.0
2025-08-01 02:50:48 PM,12999.0,1,12999.0,28121215.0
2025-08-01 02:51:35 PM,13000.0,0,0.0,28121215.0
2025-08-01 02:51:37 PM,13000.0,1,13000.0,28134215.0
2025-08-01 02:51:47 PM,12980.0,0,0.0,28134215.0
2025-08-01 02:51:48 PM,12980.0,10,129800.0,28264015.0
2025-08-01 02:52:25 PM,13000.0,0,0.0,28264015.0
2025-08-01 02:52:25 PM,13000.0,1,13000.0,28277015.0
2025-08-01 02:53:14 PM,13000.0,1,13000.0,28290015.0
2025-08-01 02:54:04 PM,13000.0,1,13000.0,28303015.0
2025-08-01 02:54:06 PM,12985.0,0,0.0,28303015.0
2025-08-01 02:54:07 PM,12985.0,6,77910.0,28380925.0
2025-08-01 02:54:23 PM,12985.0,4,51940.0,28432865.0
2025-08-01 02:54:51 PM,13000.0,0,0.0,28432865.0
2025-08-01 02:54:52 PM,13000.0,1,13000.0,28445865.0
2025-08-01 02:55:41 PM,13001.0,0,0.0,28445865.0
2025-08-01 02:55:41 PM,13001.0,1,13001.0,28458866.0
2025-08-01 02:56:30 PM,12986.0,2,25972.0,28484838.0
2025-08-01 02:56:41 PM,12985.0,1,12985.0,28497823.0
2025-08-01 02:57:18 PM,13002.0,0,0.0,28497823.0
2025-08-01 02:57:19 PM,13002.0,1,13002.0,28510825.0
2025-08-01 02:57:34 PM,12985.0,0,0.0,28510825.0
2025-08-01 02:57:36 PM,12985.0,1,12985.0,28523810.0
2025-08-01 02:58:08 PM,13000.0,0,0.0,28523810.0
2025-08-01 02:58:09 PM,13000.0,1,13000.0,28536810.0
2025-08-01 02:58:50 PM,12998.0,1,12998.0,28549808.0
2025-08-01 02:58:56 PM,12999.0,0,0.0,28549808.0
2025-08-01 02:58:56 PM,12999.0,1,12999.0,28562807.0
2025-08-01 02:59:46 PM,12997.0,1,12997.0,28575804.0
2025-08-01 03:00:02 PM,13002.0,6,78012.0,28653816.0
2025-08-01 03:00:07 PM,13019.0,0,0.0,28653816.0
2025-08-01 03:00:08 PM,12999.0,5,64995.0,28718811.0
2025-08-01 03:00:20 PM,13000.0,0,0.0,28718811.0
2025-08-01 03:00:20 PM,13000.0,1,13000.0,28731811.0
2025-08-01 03:00:34 PM,12998.0,1,12998.0,28744809.0
2025-08-01 03:01:23 PM,13001.0,0,0.0,28744809.0
2025-08-01 03:01:23 PM,13001.0,1,13001.0,28757810.0
2025-08-01 03:02:02 PM,12999.0,1,12999.0,28770809.0
2025-08-01 03:02:11 PM,12998.0,0,0.0,28770809.0
2025-08-01 03:02:12 PM,13000.0,2,26000.0,28796809.0
2025-08-01 03:02:28 PM,13001.0,0,0.0,28796809.0
2025-08-01 03:02:30 PM,13001.0,2,26002.0,28822811.0
2025-08-01 03:02:57 PM,12986.0,1,12986.0,28835797.0
2025-08-01 03:03:01 PM,13002.0,1,13002.0,28848799.0
2025-08-01 03:03:19 PM,13001.0,2,26002.0,28874801.0
2025-08-01 03:03:22 PM,12995.0,0,0.0,28874801.0
2025-08-01 03:03:22 PM,12995.0,2,25990.0,28900791.0
2025-08-01 03:03:52 PM,12994.0,0,0.0,28900791.0
2025-08-01 03:03:52 PM,12994.0,1,12994.0,28913785.0
2025-08-01 03:03:55 PM,12995.0,1,12995.0,28926780.0
2025-08-01 03:04:17 PM,12995.0,2,25990.0,28952770.0
2025-08-01 03:04:31 PM,12994.0,0,0.0,28952770.0
2025-08-01 03:04:33 PM,12994.0,2,25988.0,28978758.0
2025-08-01 03:04:39 PM,12994.0,1,12994.0,28991752.0
2025-08-01 03:04:54 PM,12980.0,22,285560.0,29277312.0
2025-08-01 03:05:00 PM,12970.0,12,155640.0,29432952.0
2025-08-01 03:05:08 PM,12992.0,0,0.0,29432952.0
2025-08-01 03:05:10 PM,12992.0,53,688576.0,30121528.0
2025-08-01 03:05:29 PM,12989.0,0,0.0,30121528.0
2025-08-01 03:05:29 PM,12989.0,1,12989.0,30134517.0
2025-08-01 03:06:00 PM,12993.0,4,51972.0,30186489.0
2025-08-01 03:06:19 PM,12994.0,1,12994.0,30199483.0
2025-08-01 03:06:20 PM,12989.0,0,0.0,30199483.0
2025-08-01 03:06:21 PM,12989.0,3,38967.0,30238450.0
2025-08-01 03:06:25 PM,13004.0,1,13004.0,30251454.0
2025-08-01 03:06:33 PM,13000.0,4,52000.0,30303454.0
2025-08-01 03:06:40 PM,12988.0,1,12988.0,30316442.0
2025-08-01 03:06:52 PM,12988.0,10,129880.0,30446322.0
2025-08-01 03:07:02 PM,12998.0,1,12998.0,30459320.0
2025-08-01 03:07:08 PM,12985.0,4,51940.0,30511260.0
2025-08-01 03:07:39 PM,12985.0,1,12985.0,30524245.0
2025-08-01 03:07:52 PM,12981.0,0,0.0,30524245.0
2025-08-01 03:07:54 PM,12981.0,1,12981.0,30537226.0
2025-08-01 03:07:57 PM,12986.0,0,0.0,30537226.0
2025-08-01 03:07:57 PM,12986.0,3,38958.0,30576184.0
2025-08-01 03:08:06 PM,12980.0,0,0.0,30576184.0
2025-08-01 03:08:06 PM,12980.0,4,51920.0,30628104.0
2025-08-01 03:08:23 PM,12980.0,2,25960.0,30654064.0
2025-08-01 03:08:37 PM,12970.0,3,38910.0,30692974.0
2025-08-01 03:08:43 PM,12980.0,2,25960.0,30718934.0
2025-08-01 03:08:46 PM,12970.0,0,0.0,30718934.0
2025-08-01 03:08:47 PM,12970.0,9,116730.0,30835664.0
2025-08-01 03:09:34 PM,12986.0,0,0.0,30835664.0
2025-08-01 03:09:34 PM,12986.0,1,12986.0,30848650.0
2025-08-01 03:10:14 PM,12982.0,0,0.0,30848650.0
2025-08-01 03:10:14 PM,12982.0,1,12982.0,30861632.0
2025-08-01 03:10:17 PM,12982.0,6,77892.0,30939524.0
2025-08-01 03:10:21 PM,12985.0,1,12985.0,30952509.0
2025-08-01 03:10:23 PM,12985.0,1,12985.0,30965494.0
2025-08-01 03:10:28 PM,12985.0,2,25970.0,30991464.0
2025-08-01 03:10:34 PM,12979.0,4,51916.0,31043380.0
2025-08-01 03:10:37 PM,12979.0,2,25958.0,31069338.0
2025-08-01 03:10:41 PM,12984.0,0,0.0,31069338.0
2025-08-01 03:10:41 PM,12984.0,2,25968.0,31095306.0
2025-08-01 03:10:43 PM,12985.0,2,25970.0,31121276.0
2025-08-01 03:11:00 PM,12985.0,1,12985.0,31134261.0
2025-08-01 03:11:02 PM,12977.0,4,51908.0,31186169.0
2025-08-01 03:11:04 PM,12976.0,0,0.0,31186169.0
2025-08-01 03:11:06 PM,12976.0,95,1232720.0,32418889.0
2025-08-01 03:11:13 PM,12979.0,1,12979.0,32431868.0
2025-08-01 03:11:13 PM,12978.0,0,0.0,32431868.0
2025-08-01 03:11:15 PM,12980.0,4,51920.0,32483788.0
2025-08-01 03:11:19 PM,12970.0,1,12970.0,32496758.0
2025-08-01 03:11:40 PM,12970.0,1,12970.0,32509728.0
2025-08-01 03:12:04 PM,12970.0,1,12970.0,32522698.0
2025-08-01 03:12:10 PM,12964.0,0,0.0,32522698.0
2025-08-01 03:12:11 PM,12964.0,4,51856.0,32574554.0
2025-08-01 03:12:21 PM,12970.0,0,0.0,32574554.0
2025-08-01 03:12:24 PM,12970.0,1,12970.0,32587524.0
2025-08-01 03:12:36 PM,12969.0,1,12969.0,32600493.0
2025-08-01 03:12:49 PM,12969.0,1,12969.0,32613462.0
2025-08-01 03:12:52 PM,12960.0,2,25920.0,32639382.0
2025-08-01 03:13:01 PM,12969.0,0,0.0,32639382.0
2025-08-01 03:13:02 PM,12969.0,1,12969.0,32652351.0
2025-08-01 03:13:25 PM,12964.0,3,38892.0,32691243.0
2025-08-01 03:13:34 PM,12949.0,10,129490.0,32820733.0
2025-08-01 03:13:37 PM,12951.0,23,297873.0,33118606.0
2025-08-01 03:13:40 PM,12949.0,2,25898.0,33144504.0
2025-08-01 03:13:45 PM,12949.0,1,12949.0,33157453.0
2025-08-01 03:13:49 PM,12951.0,5,64755.0,33222208.0
2025-08-01 03:13:59 PM,12948.0,0,0.0,33222208.0
2025-08-01 03:14:01 PM,12948.0,1,12948.0,33235156.0
2025-08-01 03:14:20 PM,12951.0,1,12951.0,33248107.0
2025-08-01 03:14:28 PM,12951.0,1,12951.0,33261058.0
2025-08-01 03:14:38 PM,12948.0,12,155376.0,33416434.0
2025-08-01 03:14:40 PM,12942.0,1,12942.0,33429376.0
2025-08-01 03:14:46 PM,12940.0,2,25880.0,33455256.0
2025-08-01 03:14:48 PM,12951.0,0,0.0,33455256.0
2025-08-01 03:14:50 PM,12951.0,1,12951.0,33468207.0
2025-08-01 03:14:57 PM,12950.0,0,0.0,33468207.0
2025-08-01 03:14:58 PM,12950.0,4,51800.0,33520007.0
2025-08-01 03:15:00 PM,12951.0,0,0.0,33520007.0
2025-08-01 03:15:02 PM,12950.0,8,103600.0,33623607.0
2025-08-01 03:15:05 PM,12935.0,4,51740.0,33675347.0
2025-08-01 03:15:17 PM,12935.0,7,90545.0,33765892.0
2025-08-01 03:15:35 PM,12935.0,1,12935.0,33778827.0
2025-08-01 03:15:42 PM,12935.0,1,12935.0,33791762.0
2025-08-01 03:16:08 PM,12935.0,1,12935.0,33804697.0
2025-08-01 03:16:10 PM,12926.0,2,25852.0,33830549.0
2025-08-01 03:16:22 PM,12935.0,1,12935.0,33843484.0
2025-08-01 03:16:51 PM,12934.0,1,12934.0,33856418.0
2025-08-01 03:16:53 PM,12925.0,0,0.0,33856418.0
2025-08-01 03:16:56 PM,12935.0,3,38805.0,33895223.0
2025-08-01 03:17:03 PM,12935.0,1,12935.0,33908158.0
2025-08-01 03:17:16 PM,12935.0,1,12935.0,33921093.0
2025-08-01 03:17:23 PM,12922.0,3,38766.0,33959859.0
2025-08-01 03:17:36 PM,12922.0,1,12922.0,33972781.0
2025-08-01 03:17:41 PM,12935.0,0,0.0,33972781.0
2025-08-01 03:17:42 PM,12935.0,1,12935.0,33985716.0
2025-08-01 03:17:44 PM,12935.0,1,12935.0,33998651.0
2025-08-01 03:17:49 PM,12935.0,10,129350.0,34128001.0
2025-08-01 03:17:51 PM,12935.0,14,181090.0,34309091.0
2025-08-01 03:17:55 PM,12941.0,2,25882.0,34334973.0
2025-08-01 03:18:06 PM,12935.0,0,0.0,34334973.0
2025-08-01 03:18:09 PM,12935.0,13,168155.0,34503128.0
2025-08-01 03:18:11 PM,12896.0,60,773760.0,35276888.0
2025-08-01 03:18:15 PM,12895.0,0,0.0,35276888.0
2025-08-01 03:18:15 PM,12895.0,2,25790.0,35302678.0
2025-08-01 03:18:17 PM,12932.0,1,12932.0,35315610.0
2025-08-01 03:18:22 PM,12931.0,2,25862.0,35341472.0
2025-08-01 03:18:28 PM,12920.0,0,0.0,35341472.0
2025-08-01 03:18:29 PM,12920.0,24,310080.0,35651552.0
2025-08-01 03:18:35 PM,12920.0,1,12920.0,35664472.0
2025-08-01 03:18:41 PM,12872.0,2,25744.0,35690216.0
2025-08-01 03:18:47 PM,12896.0,0,0.0,35690216.0
2025-08-01 03:18:48 PM,12896.0,1,12896.0,35703112.0
2025-08-01 03:18:52 PM,12872.0,0,0.0,35703112.0
2025-08-01 03:18:54 PM,12872.0,1,12872.0,35715984.0
2025-08-01 03:19:01 PM,12896.0,2,25792.0,35741776.0
2025-08-01 03:19:21 PM,12915.0,1,12915.0,35754691.0
2025-08-01 03:19:41 PM,12915.0,1,12915.0,35767606.0
2025-08-01 03:19:43 PM,12915.0,2,25830.0,35793436.0
2025-08-01 03:20:10 PM,12914.0,1,12914.0,35806350.0
2025-08-01 03:20:15 PM,12905.0,1,12905.0,35819255.0
2025-08-01 03:20:21 PM,12914.0,0,0.0,35819255.0
2025-08-01 03:20:22 PM,12914.0,1,12914.0,35832169.0
2025-08-01 03:20:25 PM,12872.0,3,38616.0,35870785.0
2025-08-01 03:20:31 PM,12873.0,0,0.0,35870785.0
2025-08-01 03:20:32 PM,12873.0,5,64365.0,35935150.0
2025-08-01 03:20:36 PM,12872.0,6,77232.0,36012382.0
2025-08-01 03:20:49 PM,12908.0,0,0.0,36012382.0
2025-08-01 03:20:50 PM,12907.0,4,51628.0,36064010.0
2025-08-01 03:20:57 PM,12907.0,1,12907.0,36076917.0
2025-08-01 03:20:59 PM,12907.0,1,12907.0,36089824.0
2025-08-01 03:21:03 PM,12907.0,1,12907.0,36102731.0
2025-08-01 03:21:40 PM,12907.0,1,12907.0,36115638.0
2025-08-01 03:21:52 PM,12907.0,1,12907.0,36128545.0
2025-08-01 03:22:05 PM,12907.0,1,12907.0,36141452.0
2025-08-01 03:22:06 PM,12892.0,1,12892.0,36154344.0
2025-08-01 03:22:11 PM,12907.0,1,12907.0,36167251.0
2025-08-01 03:22:20 PM,12907.0,1,12907.0,36180158.0
2025-08-01 03:22:39 PM,12907.0,3,38721.0,36218879.0
2025-08-01 03:22:59 PM,12907.0,1,12907.0,36231786.0
2025-08-01 03:23:01 PM,12907.0,1,12907.0,36244693.0
2025-08-01 03:23:13 PM,12880.0,0,0.0,36244693.0
2025-08-01 03:23:14 PM,12880.0,3,38640.0,36283333.0
2025-08-01 03:23:19 PM,12895.0,37,477115.0,36760448.0
2025-08-01 03:23:25 PM,12900.0,5,64500.0,36824948.0
2025-08-01 03:23:27 PM,12900.0,1,12900.0,36837848.0
2025-08-01 03:23:39 PM,12900.0,1,12900.0,36850748.0
2025-08-01 03:23:40 PM,12906.0,1,12906.0,36863654.0
2025-08-01 03:24:05 PM,12906.0,1,12906.0,36876560.0
2025-08-01 03:24:12 PM,12906.0,1,12906.0,36889466.0
2025-08-01 03:24:19 PM,12905.0,2,25810.0,36915276.0
2025-08-01 03:24:20 PM,12906.0,1,12906.0,36928182.0
2025-08-01 03:24:53 PM,12907.0,1,12907.0,36941089.0
2025-08-01 03:25:00 PM,12908.0,1,12908.0,36953997.0
2025-08-01 03:25:11 PM,12902.0,0,0.0,36953997.0
2025-08-01 03:25:12 PM,12902.0,3,38706.0,36992703.0
2025-08-01 03:25:25 PM,12902.0,11,141922.0,37134625.0
2025-08-01 03:25:38 PM,12888.0,5,64440.0,37199065.0
2025-08-01 03:25:41 PM,12908.0,0,0.0,37199065.0
2025-08-01 03:25:44 PM,12908.0,1,12908.0,37211973.0
2025-08-01 03:25:50 PM,12907.0,1,12907.0,37224880.0
2025-08-01 03:26:11 PM,12908.0,6,77448.0,37302328.0
2025-08-01 03:26:21 PM,12909.0,0,0.0,37302328.0
2025-08-01 03:26:24 PM,12909.0,1,12909.0,37315237.0
2025-08-01 03:26:44 PM,12909.0,1,12909.0,37328146.0
2025-08-01 03:26:46 PM,12909.0,1,12909.0,37341055.0
2025-08-01 03:27:46 PM,12914.0,3,38742.0,37379797.0
2025-08-01 03:27:53 PM,12908.0,0,0.0,37379797.0
2025-08-01 03:27:53 PM,12908.0,12,154896.0,37534693.0
2025-08-01 03:27:57 PM,12900.0,0,0.0,37534693.0
2025-08-01 03:28:00 PM,12900.0,5,64500.0,37599193.0
2025-08-01 03:28:01 PM,12890.0,15,193350.0,37792543.0
2025-08-01 03:28:07 PM,12914.0,1,12914.0,37805457.0
2025-08-01 03:28:14 PM,12914.0,1,12914.0,37818371.0
2025-08-01 03:28:20 PM,12914.0,9,116226.0,37934597.0
2025-08-01 03:28:30 PM,12914.0,2,25828.0,37960425.0
2025-08-01 03:28:55 PM,12914.0,1,12914.0,37973339.0
2025-08-01 03:29:02 PM,12914.0,1,12914.0,37986253.0
2025-08-01 03:29:10 PM,12890.0,5,64450.0,38050703.0
2025-08-01 03:29:12 PM,12914.0,2,25828.0,38076531.0
2025-08-01 03:29:26 PM,12890.0,6,77340.0,38153871.0
2025-08-01 03:29:30 PM,12914.0,0,0.0,38153871.0
2025-08-01 03:29:33 PM,12914.0,1,12914.0,38166785.0
2025-08-01 03:29:47 PM,12890.0,0,0.0,38166785.0
2025-08-01 03:29:48 PM,12890.0,1,12890.0,38179675.0
2025-08-01 03:29:52 PM,12913.0,0,0.0,38179675.0
2025-08-01 03:29:55 PM,12890.0,4,51560.0,38231235.0
