date,price,qty,trnvr,cum_trnvr
2025-08-01 09:15:00 AM,968.0,7980,7724640.0,7724640.0
2025-08-01 09:15:00 AM,970.75,0,0.0,7724640.0
2025-08-01 09:15:09 AM,964.2,0,0.0,7724640.0
2025-08-01 09:15:10 AM,965.0,3420,3300300.0,11024940.0
2025-08-01 09:15:12 AM,964.0,563,542732.0,11567672.0
2025-08-01 09:15:18 AM,965.0,0,0.0,11567672.0
2025-08-01 09:15:21 AM,965.0,2087,2013955.0,13581627.0
2025-08-01 09:15:22 AM,965.15,257,248043.55,13829670.55
2025-08-01 09:15:25 AM,965.2,0,0.0,13829670.55
2025-08-01 09:15:28 AM,965.8,0,0.0,13829670.55
2025-08-01 09:15:30 AM,965.8,180,173844.0,14003514.55
2025-08-01 09:15:31 AM,966.1,156,150711.6,14154226.15
2025-08-01 09:15:37 AM,966.2,0,0.0,14154226.15
2025-08-01 09:15:38 AM,967.95,2152,2083028.4000000001,16237254.55
2025-08-01 09:15:41 AM,968.35,0,0.0,16237254.55
2025-08-01 09:15:45 AM,968.25,0,0.0,16237254.55
2025-08-01 09:15:46 AM,968.25,591,572235.75,16809490.3
2025-08-01 09:15:48 AM,966.8,2840,2745712.0,19555202.3
2025-08-01 09:15:53 AM,968.05,0,0.0,19555202.3
2025-08-01 09:15:54 AM,967.75,393,380325.75,19935528.05
2025-08-01 09:15:56 AM,968.0,61,59048.0,19994576.05
2025-08-01 09:15:59 AM,967.3,0,0.0,19994576.05
2025-08-01 09:16:01 AM,968.0,0,0.0,19994576.05
2025-08-01 09:16:03 AM,966.35,1261,1218567.35,21213143.400000002
2025-08-01 09:16:04 AM,966.8,1246,1204632.8,22417776.200000003
2025-08-01 09:16:07 AM,967.0,0,0.0,22417776.200000003
2025-08-01 09:16:12 AM,967.0,609,588903.0,23006679.200000003
2025-08-01 09:16:19 AM,967.0,354,342318.0,23348997.200000003
2025-08-01 09:16:21 AM,967.0,9,8703.0,23357700.200000003
2025-08-01 09:16:23 AM,966.7,0,0.0,23357700.200000003
2025-08-01 09:16:25 AM,966.6,0,0.0,23357700.200000003
2025-08-01 09:16:27 AM,966.6,641,619590.6,23977290.800000004
2025-08-01 09:16:33 AM,967.0,0,0.0,23977290.800000004
2025-08-01 09:16:35 AM,967.0,223,215641.0,24192931.800000004
2025-08-01 09:16:37 AM,966.95,250,241737.5,24434669.300000004
2025-08-01 09:16:43 AM,966.6,0,0.0,24434669.300000004
2025-08-01 09:16:44 AM,966.0,949,916734.0,25351403.300000004
2025-08-01 09:16:52 AM,966.0,110,106260.0,25457663.300000004
2025-08-01 09:16:54 AM,966.0,692,668472.0,26126135.300000004
2025-08-01 09:17:00 AM,967.45,226,218643.7,26344779.000000004
2025-08-01 09:17:01 AM,967.3,30,29019.0,26373798.000000004
2025-08-01 09:17:04 AM,967.45,0,0.0,26373798.000000004
2025-08-01 09:17:08 AM,967.45,207,200262.15000000002,26574060.150000002
2025-08-01 09:17:11 AM,965.75,0,0.0,26574060.150000002
2025-08-01 09:17:13 AM,966.55,0,0.0,26574060.150000002
2025-08-01 09:17:17 AM,966.55,842,813835.1,27387895.250000004
2025-08-01 09:17:20 AM,966.8,0,0.0,27387895.250000004
2025-08-01 09:17:25 AM,966.8,1,966.8,27388862.050000004
2025-08-01 09:17:26 AM,965.45,753,726983.85,28115845.900000006
2025-08-01 09:17:28 AM,965.9,0,0.0,28115845.900000006
2025-08-01 09:17:30 AM,965.8,0,0.0,28115845.900000006
2025-08-01 09:17:33 AM,965.75,120,115890.0,28231735.900000006
2025-08-01 09:17:38 AM,966.15,0,0.0,28231735.900000006
2025-08-01 09:17:42 AM,966.15,2893,2795071.9499999997,31026807.850000005
2025-08-01 09:17:47 AM,964.95,0,0.0,31026807.850000005
2025-08-01 09:17:50 AM,964.95,3517,3393729.1500000004,34420537.00000001
2025-08-01 09:17:51 AM,965.25,1,965.25,34421502.25000001
2025-08-01 09:17:58 AM,965.25,62,59845.5,34481347.75000001
2025-08-01 09:18:01 AM,965.65,975,941508.75,35422856.50000001
2025-08-01 09:18:03 AM,965.65,26,25106.899999999998,35447963.400000006
2025-08-01 09:18:04 AM,965.65,17,16416.05,35464379.45
2025-08-01 09:18:06 AM,965.45,1144,1104474.8,36568854.25
2025-08-01 09:18:06 AM,965.25,0,0.0,36568854.25
2025-08-01 09:18:07 AM,965.25,11,10617.75,36579472.0
2025-08-01 09:18:08 AM,965.7,134,129403.8,36708875.8
2025-08-01 09:18:10 AM,965.35,0,0.0,36708875.8
2025-08-01 09:18:11 AM,965.8,1301,1256505.8,37965381.599999994
2025-08-01 09:18:14 AM,965.65,144,139053.6,38104435.199999996
2025-08-01 09:18:15 AM,965.65,261,252034.65,38356469.849999994
2025-08-01 09:18:16 AM,965.45,0,0.0,38356469.849999994
2025-08-01 09:18:17 AM,965.45,31,29928.95,38386398.8
2025-08-01 09:18:17 AM,965.6,0,0.0,38386398.8
2025-08-01 09:18:18 AM,965.6,54,52142.4,38438541.199999996
2025-08-01 09:18:22 AM,965.8,50,48290.0,38486831.199999996
2025-08-01 09:18:25 AM,965.65,100,96565.0,38583396.199999996
2025-08-01 09:18:29 AM,965.55,1,965.55,38584361.74999999
2025-08-01 09:18:31 AM,964.95,4150,4004542.5,42588904.24999999
2025-08-01 09:18:31 AM,964.3,0,0.0,42588904.24999999
2025-08-01 09:18:32 AM,964.3,185,178395.5,42767299.74999999
2025-08-01 09:18:34 AM,964.25,53,51105.25,42818404.99999999
2025-08-01 09:18:35 AM,964.25,9,8678.25,42827083.24999999
2025-08-01 09:18:36 AM,964.0,0,0.0,42827083.24999999
2025-08-01 09:18:37 AM,964.0,55,53020.0,42880103.24999999
2025-08-01 09:18:37 AM,964.0,34,32776.0,42912879.24999999
2025-08-01 09:18:38 AM,964.0,1,964.0,42913843.24999999
2025-08-01 09:18:38 AM,963.7,38,36620.6,42950463.849999994
2025-08-01 09:18:39 AM,964.0,0,0.0,42950463.849999994
2025-08-01 09:18:40 AM,964.0,62,59768.0,43010231.849999994
2025-08-01 09:18:40 AM,964.0,5,4820.0,43015051.849999994
2025-08-01 09:18:40 AM,963.7,0,0.0,43015051.849999994
2025-08-01 09:18:41 AM,963.7,60,57822.0,43072873.849999994
2025-08-01 09:18:44 AM,964.0,0,0.0,43072873.849999994
2025-08-01 09:18:45 AM,964.0,5,4820.0,43077693.849999994
2025-08-01 09:18:45 AM,963.7,0,0.0,43077693.849999994
2025-08-01 09:18:45 AM,964.0,0,0.0,43077693.849999994
2025-08-01 09:18:46 AM,964.0,155,149420.0,43227113.849999994
2025-08-01 09:18:47 AM,964.0,10,9640.0,43236753.849999994
2025-08-01 09:18:49 AM,964.0,5,4820.0,43241573.849999994
2025-08-01 09:18:50 AM,964.0,341,328724.0,43570297.849999994
2025-08-01 09:18:50 AM,964.35,0,0.0,43570297.849999994
2025-08-01 09:18:51 AM,964.35,1557,1501492.95,45071790.8
2025-08-01 09:18:51 AM,965.1,0,0.0,45071790.8
2025-08-01 09:18:52 AM,965.1,2,1930.2,45073721.0
2025-08-01 09:18:52 AM,965.0,0,0.0,45073721.0
2025-08-01 09:18:53 AM,965.0,61,58865.0,45132586.0
2025-08-01 09:18:55 AM,964.0,371,357644.0,45490230.0
2025-08-01 09:18:56 AM,963.6,119,114668.40000000001,45604898.4
2025-08-01 09:18:56 AM,963.6,23,22162.8,45627061.199999996
2025-08-01 09:18:56 AM,963.55,0,0.0,45627061.199999996
2025-08-01 09:18:57 AM,963.55,55,52995.25,45680056.449999996
2025-08-01 09:18:57 AM,963.75,0,0.0,45680056.449999996
2025-08-01 09:18:57 AM,963.75,243,234191.25,45914247.699999996
2025-08-01 09:18:58 AM,964.05,0,0.0,45914247.699999996
2025-08-01 09:18:58 AM,964.05,2,1928.1,45916175.8
2025-08-01 09:18:59 AM,963.95,0,0.0,45916175.8
2025-08-01 09:18:59 AM,963.95,16,15423.2,45931599.0
2025-08-01 09:19:00 AM,963.7,0,0.0,45931599.0
2025-08-01 09:19:00 AM,963.65,236,227421.4,46159020.4
2025-08-01 09:19:04 AM,963.65,343,330531.95,46489552.35
2025-08-01 09:19:05 AM,964.2,8,7713.6,46497265.95
2025-08-01 09:19:08 AM,964.5,0,0.0,46497265.95
2025-08-01 09:19:12 AM,964.4,69,66543.59999999999,46563809.550000004
2025-08-01 09:19:13 AM,964.4,26,25074.399999999998,46588883.95
2025-08-01 09:19:16 AM,965.05,0,0.0,46588883.95
2025-08-01 09:19:20 AM,964.1,1058,1020017.8,47608901.75
2025-08-01 09:19:21 AM,964.1,189,182214.9,47791116.65
2025-08-01 09:19:28 AM,964.1,519,500367.9,48291484.55
2025-08-01 09:19:29 AM,964.25,144,138852.0,48430336.55
2025-08-01 09:19:36 AM,963.95,1554,1497978.3,49928314.849999994
2025-08-01 09:19:36 AM,964.0,0,0.0,49928314.849999994
2025-08-01 09:19:38 AM,964.0,333,321012.0,50249326.849999994
2025-08-01 09:19:44 AM,963.6,1314,1266170.4000000001,51515497.24999999
2025-08-01 09:19:46 AM,964.25,0,0.0,51515497.24999999
2025-08-01 09:19:52 AM,964.15,804,775176.6,52290673.849999994
2025-08-01 09:19:53 AM,964.95,0,0.0,52290673.849999994
2025-08-01 09:19:54 AM,964.95,29,27983.550000000003,52318657.39999999
2025-08-01 09:20:00 AM,964.75,56,54026.0,52372683.39999999
2025-08-01 09:20:00 AM,964.7,20,19294.0,52391977.39999999
2025-08-01 09:20:01 AM,964.7,26,25082.2,52417059.599999994
2025-08-01 09:20:02 AM,964.7,66,63670.200000000004,52480729.8
2025-08-01 09:20:03 AM,964.7,5,4823.5,52485553.3
2025-08-01 09:20:04 AM,964.7,30,28941.0,52514494.3
2025-08-01 09:20:08 AM,964.25,504,485982.0,53000476.3
2025-08-01 09:20:08 AM,964.25,8,7714.0,53008190.3
2025-08-01 09:20:09 AM,963.95,30,28918.5,53037108.8
2025-08-01 09:20:09 AM,964.0,0,0.0,53037108.8
2025-08-01 09:20:10 AM,964.0,216,208224.0,53245332.8
2025-08-01 09:20:11 AM,964.0,10,9640.0,53254972.8
2025-08-01 09:20:12 AM,964.0,500,482000.0,53736972.8
2025-08-01 09:20:13 AM,964.0,5,4820.0,53741792.8
2025-08-01 09:20:14 AM,964.0,26,25064.0,53766856.8
2025-08-01 09:20:14 AM,963.25,1220,1175165.0,54942021.8
2025-08-01 09:20:15 AM,963.9,17,16386.3,54958408.099999994
2025-08-01 09:20:17 AM,963.85,95,91565.75,55049973.849999994
2025-08-01 09:20:17 AM,964.35,241,232408.35,55282382.199999996
2025-08-01 09:20:18 AM,964.1,100,96410.0,55378792.199999996
2025-08-01 09:20:19 AM,964.85,65,62715.25,55441507.449999996
2025-08-01 09:20:22 AM,964.65,24,23151.6,55464659.05
2025-08-01 09:20:22 AM,963.95,150,144592.5,55609251.55
2025-08-01 09:20:23 AM,964.65,25,24116.25,55633367.8
2025-08-01 09:20:28 AM,964.65,43,41479.95,55674847.75
2025-08-01 09:20:29 AM,964.05,996,960193.7999999999,56635041.55
2025-08-01 09:20:30 AM,964.05,54,52058.7,56687100.25
2025-08-01 09:20:32 AM,964.05,69,66519.45,56753619.7
2025-08-01 09:20:34 AM,963.5,815,785252.5,57538872.2
2025-08-01 09:20:35 AM,963.45,0,0.0,57538872.2
2025-08-01 09:20:36 AM,963.15,84,80904.59999999999,57619776.800000004
2025-08-01 09:20:36 AM,963.45,0,0.0,57619776.800000004
2025-08-01 09:20:37 AM,963.45,6,5780.700000000001,57625557.50000001
2025-08-01 09:20:37 AM,963.35,0,0.0,57625557.50000001
2025-08-01 09:20:38 AM,963.35,50,48167.5,57673725.00000001
2025-08-01 09:20:39 AM,962.85,843,811682.55,58485407.550000004
2025-08-01 09:20:40 AM,962.55,93,89517.15,58574924.7
2025-08-01 09:20:41 AM,961.8,456,438580.8,59013505.5
2025-08-01 09:20:41 AM,962.2,30,28866.0,59042371.5
2025-08-01 09:20:41 AM,962.3,0,0.0,59042371.5
2025-08-01 09:20:41 AM,962.2,0,0.0,59042371.5
2025-08-01 09:20:42 AM,962.2,23,22130.600000000002,59064502.1
2025-08-01 09:20:42 AM,961.65,249,239450.85,59303952.95
2025-08-01 09:20:43 AM,961.75,0,0.0,59303952.95
2025-08-01 09:20:43 AM,961.75,3,2885.25,59306838.2
2025-08-01 09:20:44 AM,962.3,0,0.0,59306838.2
2025-08-01 09:20:45 AM,962.3,20,19246.0,59326084.2
2025-08-01 09:20:48 AM,962.1,0,0.0,59326084.2
2025-08-01 09:20:49 AM,962.1,1,962.1,59327046.300000004
2025-08-01 09:20:52 AM,962.15,3,2886.45,59329932.75000001
2025-08-01 09:20:56 AM,962.0,1,962.0,59330894.75000001
2025-08-01 09:20:59 AM,962.1,1,962.1,59331856.85000001
2025-08-01 09:21:04 AM,961.95,50,48097.5,59379954.35000001
2025-08-01 09:21:10 AM,961.6,2,1923.2,59381877.55000001
2025-08-01 09:21:13 AM,961.95,20,19239.0,59401116.55000001
2025-08-01 09:21:14 AM,960.05,1734,1664726.7,61065843.250000015
2025-08-01 09:21:14 AM,960.85,99,95124.15000000001,61160967.40000001
2025-08-01 09:21:14 AM,960.2,0,0.0,61160967.40000001
2025-08-01 09:21:15 AM,960.0,1035,993600.0,62154567.40000001
2025-08-01 09:21:15 AM,960.0,1,960.0,62155527.40000001
2025-08-01 09:21:16 AM,960.5,53,50906.5,62206433.90000001
2025-08-01 09:21:17 AM,960.05,296,284174.8,62490608.70000001
2025-08-01 09:21:18 AM,960.0,2,1920.0,62492528.70000001
2025-08-01 09:21:24 AM,960.45,84,80677.8,62573206.50000001
2025-08-01 09:21:28 AM,959.9,0,0.0,62573206.50000001
2025-08-01 09:21:28 AM,959.9,464,445393.6,63018600.10000001
2025-08-01 09:21:31 AM,959.85,0,0.0,63018600.10000001
2025-08-01 09:21:32 AM,959.85,5,4799.25,63023399.35000001
2025-08-01 09:21:32 AM,959.1,578,554359.8,63577759.150000006
2025-08-01 09:21:32 AM,959.05,0,0.0,63577759.150000006
2025-08-01 09:21:33 AM,959.05,35,33566.75,63611325.900000006
2025-08-01 09:21:34 AM,959.4,109,104574.59999999999,63715900.50000001
2025-08-01 09:21:39 AM,959.0,0,0.0,63715900.50000001
2025-08-01 09:21:39 AM,959.0,410,393190.0,64109090.50000001
2025-08-01 09:21:40 AM,958.7,15,14380.5,64123471.00000001
2025-08-01 09:21:40 AM,958.1,0,0.0,64123471.00000001
2025-08-01 09:21:40 AM,958.1,550,526955.0,64650426.00000001
2025-08-01 09:21:41 AM,958.0,0,0.0,64650426.00000001
2025-08-01 09:21:42 AM,958.0,250,239500.0,64889926.00000001
2025-08-01 09:21:42 AM,958.65,0,0.0,64889926.00000001
2025-08-01 09:21:43 AM,958.65,65,62312.25,64952238.25000001
2025-08-01 09:21:44 AM,958.75,59,56566.25,65008804.50000001
2025-08-01 09:21:44 AM,958.95,0,0.0,65008804.50000001
2025-08-01 09:21:44 AM,958.1,0,0.0,65008804.50000001
2025-08-01 09:21:45 AM,958.1,977,936063.7000000001,65944868.20000001
2025-08-01 09:21:46 AM,958.95,50,47947.5,65992815.70000001
2025-08-01 09:21:46 AM,958.95,10,9589.5,66002405.20000001
2025-08-01 09:21:47 AM,958.1,0,0.0,66002405.20000001
2025-08-01 09:21:47 AM,958.1,200,191620.0,66194025.20000001
2025-08-01 09:21:49 AM,958.85,65,62325.25,66256350.45000001
2025-08-01 09:21:50 AM,958.0,0,0.0,66256350.45000001
2025-08-01 09:21:51 AM,958.0,300,287400.0,66543750.45000001
2025-08-01 09:21:51 AM,958.65,2,1917.3,66545667.75000001
2025-08-01 09:21:51 AM,958.5,0,0.0,66545667.75000001
2025-08-01 09:21:52 AM,958.5,10,9585.0,66555252.75000001
2025-08-01 09:21:52 AM,958.0,3,2874.0,66558126.75000001
2025-08-01 09:21:53 AM,957.75,27,25859.25,66583986.00000001
2025-08-01 09:21:53 AM,957.8,0,0.0,66583986.00000001
2025-08-01 09:21:54 AM,957.8,5,4789.0,66588775.00000001
2025-08-01 09:21:56 AM,957.2,72,68918.40000000001,66657693.400000006
2025-08-01 09:21:56 AM,957.2,60,57432.0,66715125.400000006
2025-08-01 09:21:57 AM,957.2,1353,1295091.6,68010217.0
2025-08-01 09:22:00 AM,957.2,381,364693.2,68374910.2
2025-08-01 09:22:01 AM,957.55,0,0.0,68374910.2
2025-08-01 09:22:01 AM,957.05,0,0.0,68374910.2
2025-08-01 09:22:02 AM,957.05,321,307213.05,68682123.25
2025-08-01 09:22:03 AM,957.05,50,47852.5,68729975.75
2025-08-01 09:22:04 AM,956.8,0,0.0,68729975.75
2025-08-01 09:22:05 AM,956.85,714,683190.9,69413166.65
2025-08-01 09:22:06 AM,957.45,1,957.45,69414124.10000001
2025-08-01 09:22:07 AM,957.0,16,15312.0,69429436.10000001
2025-08-01 09:22:09 AM,956.9,0,0.0,69429436.10000001
2025-08-01 09:22:09 AM,956.9,115,110043.5,69539479.60000001
2025-08-01 09:22:10 AM,956.05,0,0.0,69539479.60000001
2025-08-01 09:22:10 AM,956.05,899,859488.95,70398968.55000001
2025-08-01 09:22:11 AM,956.95,0,0.0,70398968.55000001
2025-08-01 09:22:12 AM,956.95,42,40191.9,70439160.45000002
2025-08-01 09:22:14 AM,956.65,0,0.0,70439160.45000002
2025-08-01 09:22:15 AM,956.65,40,38266.0,70477426.45000002
2025-08-01 09:22:20 AM,957.05,146,139729.3,70617155.75000001
2025-08-01 09:22:25 AM,957.05,1,957.05,70618112.80000001
2025-08-01 09:22:26 AM,957.0,5,4785.0,70622897.80000001
2025-08-01 09:22:27 AM,956.9,0,0.0,70622897.80000001
2025-08-01 09:22:28 AM,956.9,1,956.9,70623854.70000002
2025-08-01 09:22:28 AM,956.9,6,5741.4,70629596.10000002
2025-08-01 09:22:29 AM,956.7,0,0.0,70629596.10000002
2025-08-01 09:22:30 AM,956.7,28,26787.600000000002,70656383.70000002
2025-08-01 09:22:31 AM,956.95,90,86125.5,70742509.20000002
2025-08-01 09:22:32 AM,956.95,13,12440.35,70754949.55000001
2025-08-01 09:22:32 AM,955.9,0,0.0,70754949.55000001
2025-08-01 09:22:33 AM,956.0,1199,1146244.0,71901193.55000001
2025-08-01 09:22:33 AM,956.05,0,0.0,71901193.55000001
2025-08-01 09:22:34 AM,956.0,674,644344.0,72545537.55000001
2025-08-01 09:22:36 AM,956.9,0,0.0,72545537.55000001
2025-08-01 09:22:37 AM,956.9,31,29663.899999999998,72575201.45000002
2025-08-01 09:22:39 AM,956.45,11,10520.95,72585722.40000002
2025-08-01 09:22:40 AM,956.35,50,47817.5,72633539.90000002
2025-08-01 09:22:46 AM,957.1,0,0.0,72633539.90000002
2025-08-01 09:22:46 AM,957.1,1,957.1,72634497.00000001
2025-08-01 09:22:46 AM,956.5,0,0.0,72634497.00000001
2025-08-01 09:22:47 AM,957.1,0,0.0,72634497.00000001
2025-08-01 09:22:47 AM,957.1,86,82310.6,72716807.60000001
2025-08-01 09:22:49 AM,957.1,95,90924.5,72807732.10000001
2025-08-01 09:22:54 AM,957.6,2,1915.2,72809647.30000001
2025-08-01 09:22:56 AM,957.5,68,65110.0,72874757.30000001
2025-08-01 09:22:58 AM,957.5,5,4787.5,72879544.80000001
2025-08-01 09:22:59 AM,957.2,44,42116.8,72921661.60000001
2025-08-01 09:22:59 AM,957.5,0,0.0,72921661.60000001
2025-08-01 09:23:00 AM,957.5,58,55535.0,72977196.60000001
2025-08-01 09:23:00 AM,957.5,15,14362.5,72991559.10000001
2025-08-01 09:23:05 AM,957.5,1,957.5,72992516.60000001
2025-08-01 09:23:06 AM,957.0,466,445962.0,73438478.60000001
2025-08-01 09:23:06 AM,957.05,10,9570.5,73448049.10000001
2025-08-01 09:23:07 AM,957.05,1,957.05,73449006.15
2025-08-01 09:23:07 AM,956.95,0,0.0,73449006.15
2025-08-01 09:23:08 AM,956.95,100,95695.0,73544701.15
2025-08-01 09:23:11 AM,956.9,0,0.0,73544701.15
2025-08-01 09:23:12 AM,956.9,19,18181.1,73562882.25
2025-08-01 09:23:17 AM,956.8,13,12438.4,73575320.65
2025-08-01 09:23:18 AM,956.85,100,95685.0,73671005.65
2025-08-01 09:23:20 AM,956.0,0,0.0,73671005.65
2025-08-01 09:23:21 AM,956.0,284,271504.0,73942509.65
2025-08-01 09:23:21 AM,956.35,0,0.0,73942509.65
2025-08-01 09:23:22 AM,956.35,1,956.35,73943466.0
2025-08-01 09:23:23 AM,956.3,0,0.0,73943466.0
2025-08-01 09:23:24 AM,956.3,17,16257.099999999999,73959723.1
2025-08-01 09:23:29 AM,956.0,55,52580.0,74012303.1
2025-08-01 09:23:30 AM,955.65,0,0.0,74012303.1
2025-08-01 09:23:31 AM,955.65,6,5733.9,74018037.0
2025-08-01 09:23:31 AM,956.2,0,0.0,74018037.0
2025-08-01 09:23:32 AM,956.2,20,19124.0,74037161.0
2025-08-01 09:23:33 AM,955.65,180,172017.0,74209178.0
2025-08-01 09:23:36 AM,956.15,0,0.0,74209178.0
2025-08-01 09:23:37 AM,956.15,51,48763.65,74257941.65
2025-08-01 09:23:38 AM,956.15,50,47807.5,74305749.15
2025-08-01 09:23:40 AM,956.15,1,956.15,74306705.30000001
2025-08-01 09:23:42 AM,956.15,5,4780.75,74311486.05000001
2025-08-01 09:23:43 AM,956.15,46,43982.9,74355468.95000002
2025-08-01 09:23:44 AM,956.15,1,956.15,74356425.10000002
2025-08-01 09:23:45 AM,956.0,59,56404.0,74412829.10000002
2025-08-01 09:23:45 AM,956.05,1,956.05,74413785.15000002
2025-08-01 09:23:47 AM,955.7,0,0.0,74413785.15000002
2025-08-01 09:23:48 AM,955.7,215,205475.5,74619260.65000002
2025-08-01 09:23:48 AM,955.75,6,5734.5,74624995.15000002
2025-08-01 09:23:50 AM,955.9,0,0.0,74624995.15000002
2025-08-01 09:23:51 AM,955.9,33,31544.7,74656539.85000002
2025-08-01 09:23:51 AM,955.05,0,0.0,74656539.85000002
2025-08-01 09:23:52 AM,955.9,414,395742.6,75052282.45000002
2025-08-01 09:23:54 AM,955.2,0,0.0,75052282.45000002
2025-08-01 09:23:55 AM,955.2,10,9552.0,75061834.45000002
2025-08-01 09:23:57 AM,955.7,1,955.7,75062790.15000002
2025-08-01 09:24:07 AM,955.6,11,10511.6,75073301.75000001
2025-08-01 09:24:08 AM,955.2,50,47760.0,75121061.75000001
2025-08-01 09:24:09 AM,955.65,0,0.0,75121061.75000001
2025-08-01 09:24:15 AM,955.9,419,400522.1,75521583.85000001
2025-08-01 09:24:16 AM,955.85,20,19117.0,75540700.85000001
2025-08-01 09:24:22 AM,955.8,38,36320.4,75577021.25000001
2025-08-01 09:24:28 AM,955.25,0,0.0,75577021.25000001
2025-08-01 09:24:30 AM,955.25,2841,2713865.25,78290886.50000001
2025-08-01 09:24:31 AM,955.0,210,200550.0,78491436.50000001
2025-08-01 09:24:34 AM,954.2,0,0.0,78491436.50000001
2025-08-01 09:24:37 AM,954.4,1183,1129055.2,79620491.70000002
2025-08-01 09:24:39 AM,954.5,91,86859.5,79707351.20000002
2025-08-01 09:24:45 AM,954.0,1008,961632.0,80668983.20000002
2025-08-01 09:24:46 AM,954.3,0,0.0,80668983.20000002
2025-08-01 09:24:46 AM,954.3,55,52486.5,80721469.70000002
2025-08-01 09:24:52 AM,954.0,23,21942.0,80743411.70000002
2025-08-01 09:24:52 AM,954.3,0,0.0,80743411.70000002
2025-08-01 09:24:53 AM,954.0,0,0.0,80743411.70000002
2025-08-01 09:25:00 AM,954.0,2848,2716992.0,83460403.70000002
2025-08-01 09:25:04 AM,954.3,0,0.0,83460403.70000002
2025-08-01 09:25:04 AM,954.3,1,954.3,83461358.00000001
2025-08-01 09:25:05 AM,954.15,0,0.0,83461358.00000001
2025-08-01 09:25:05 AM,954.45,425,405641.25,83866999.25000001
2025-08-01 09:25:06 AM,954.3,0,0.0,83866999.25000001
2025-08-01 09:25:06 AM,954.3,25,23857.5,83890856.75000001
2025-08-01 09:25:06 AM,954.45,0,0.0,83890856.75000001
2025-08-01 09:25:07 AM,954.45,34,32451.300000000003,83923308.05000001
2025-08-01 09:25:08 AM,954.0,900,858600.0,84781908.05000001
2025-08-01 09:25:08 AM,954.3,0,0.0,84781908.05000001
2025-08-01 09:25:08 AM,954.3,21,20040.3,84801948.35000001
2025-08-01 09:25:09 AM,954.45,2,1908.9,84803857.25000001
2025-08-01 09:25:10 AM,953.95,1004,957765.8,85761623.05000001
2025-08-01 09:25:11 AM,953.9,123,117329.7,85878952.75000001
2025-08-01 09:25:11 AM,953.75,40,38150.0,85917102.75000001
2025-08-01 09:25:12 AM,953.75,11,10491.25,85927594.00000001
2025-08-01 09:25:14 AM,953.75,2,1907.5,85929501.50000001
2025-08-01 09:25:15 AM,953.65,10,9536.5,85939038.00000001
2025-08-01 09:25:16 AM,953.9,0,0.0,85939038.00000001
2025-08-01 09:25:16 AM,953.9,101,96343.9,86035381.90000002
2025-08-01 09:25:17 AM,954.0,10,9540.0,86044921.90000002
2025-08-01 09:25:19 AM,954.0,93,88722.0,86133643.90000002
2025-08-01 09:25:19 AM,953.75,2,1907.5,86135551.40000002
2025-08-01 09:25:22 AM,953.75,75,71531.25,86207082.65000002
2025-08-01 09:25:22 AM,954.0,339,323406.0,86530488.65000002
2025-08-01 09:25:23 AM,954.05,5,4770.25,86535258.90000002
2025-08-01 09:25:24 AM,954.4,100,95440.0,86630698.90000002
2025-08-01 09:25:24 AM,954.1,32,30531.2,86661230.10000002
2025-08-01 09:25:24 AM,954.45,0,0.0,86661230.10000002
2025-08-01 09:25:25 AM,954.45,20,19089.0,86680319.10000002
2025-08-01 09:25:25 AM,954.45,97,92581.65000000001,86772900.75000003
2025-08-01 09:25:26 AM,954.35,60,57261.0,86830161.75000003
2025-08-01 09:25:26 AM,954.85,0,0.0,86830161.75000003
2025-08-01 09:25:27 AM,954.85,511,487928.35000000003,87318090.10000002
2025-08-01 09:25:28 AM,954.9,8,7639.2,87325729.30000003
2025-08-01 09:25:30 AM,955.2,232,221606.40000000002,87547335.70000003
2025-08-01 09:25:34 AM,955.2,156,149011.2,87696346.90000004
2025-08-01 09:25:37 AM,955.2,2,1910.4,87698257.30000004
2025-08-01 09:25:37 AM,955.15,152,145182.8,87843440.10000004
2025-08-01 09:25:38 AM,955.15,22,21013.3,87864453.40000004
2025-08-01 09:25:39 AM,955.0,305,291275.0,88155728.40000004
2025-08-01 09:25:42 AM,955.35,0,0.0,88155728.40000004
2025-08-01 09:25:43 AM,955.35,30,28660.5,88184388.90000004
2025-08-01 09:25:43 AM,955.65,100,95565.0,88279953.90000004
2025-08-01 09:25:45 AM,955.2,4,3820.8,88283774.70000003
2025-08-01 09:25:47 AM,955.85,0,0.0,88283774.70000003
2025-08-01 09:25:48 AM,955.85,544,519982.4,88803757.10000004
2025-08-01 09:25:48 AM,955.95,0,0.0,88803757.10000004
2025-08-01 09:25:49 AM,955.95,50,47797.5,88851554.60000004
2025-08-01 09:25:50 AM,955.95,1,955.95,88852510.55000004
2025-08-01 09:25:50 AM,955.25,0,0.0,88852510.55000004
2025-08-01 09:25:51 AM,955.6,632,603939.2000000001,89456449.75000004
2025-08-01 09:25:52 AM,955.25,81,77375.25,89533825.00000004
2025-08-01 09:25:52 AM,955.0,44,42020.0,89575845.00000004
2025-08-01 09:25:55 AM,955.0,197,188135.0,89763980.00000004
2025-08-01 09:25:57 AM,954.95,82,78305.90000000001,89842285.90000005
2025-08-01 09:25:59 AM,954.9,1,954.9,89843240.80000006
2025-08-01 09:26:01 AM,954.9,1,954.9,89844195.70000006
2025-08-01 09:26:01 AM,954.9,2,1909.8,89846105.50000006
2025-08-01 09:26:02 AM,954.85,2,1909.7,89848015.20000006
2025-08-01 09:26:02 AM,954.85,5,4774.25,89852789.45000006
2025-08-01 09:26:07 AM,954.75,130,124117.5,89976906.95000006
2025-08-01 09:26:08 AM,954.75,10,9547.5,89986454.45000006
2025-08-01 09:26:09 AM,954.35,1,954.35,89987408.80000006
2025-08-01 09:26:09 AM,954.55,0,0.0,89987408.80000006
2025-08-01 09:26:10 AM,954.55,1,954.55,89988363.35000005
2025-08-01 09:26:10 AM,954.05,112,106853.59999999999,90095216.95000005
2025-08-01 09:26:11 AM,953.9,29,27663.1,90122880.05000004
2025-08-01 09:26:13 AM,954.2,10,9542.0,90132422.05000004
2025-08-01 09:26:14 AM,954.2,12,11450.400000000001,90143872.45000005
2025-08-01 09:26:16 AM,954.2,72,68702.40000000001,90212574.85000005
2025-08-01 09:26:18 AM,954.0,65,62010.0,90274584.85000005
2025-08-01 09:26:20 AM,954.2,250,238550.0,90513134.85000005
2025-08-01 09:26:20 AM,954.15,2,1908.3,90515043.15000005
2025-08-01 09:26:22 AM,954.15,14,13358.1,90528401.25000004
2025-08-01 09:26:25 AM,954.15,70,66790.5,90595191.75000004
2025-08-01 09:26:28 AM,954.15,4,3816.6,90599008.35000004
2025-08-01 09:26:34 AM,954.15,2,1908.3,90600916.65000004
2025-08-01 09:26:35 AM,954.15,18,17174.7,90618091.35000004
2025-08-01 09:26:35 AM,953.9,0,0.0,90618091.35000004
2025-08-01 09:26:36 AM,953.9,201,191733.9,90809825.25000004
2025-08-01 09:26:36 AM,953.85,0,0.0,90809825.25000004
2025-08-01 09:26:37 AM,953.85,101,96338.85,90906164.10000004
2025-08-01 09:26:38 AM,953.85,7,6676.95,90912841.05000004
2025-08-01 09:26:39 AM,953.85,7,6676.95,90919518.00000004
2025-08-01 09:26:39 AM,953.1,785,748183.5,91667701.50000004
2025-08-01 09:26:40 AM,953.85,1,953.85,91668655.35000004
2025-08-01 09:26:41 AM,953.85,150,143077.5,91811732.85000004
2025-08-01 09:26:42 AM,953.85,1,953.85,91812686.70000003
2025-08-01 09:26:43 AM,953.05,0,0.0,91812686.70000003
2025-08-01 09:26:44 AM,953.05,500,476525.0,92289211.70000003
2025-08-01 09:26:45 AM,953.3,0,0.0,92289211.70000003
2025-08-01 09:26:46 AM,953.3,17,16206.099999999999,92305417.80000003
2025-08-01 09:26:46 AM,953.8,0,0.0,92305417.80000003
2025-08-01 09:26:47 AM,953.8,1,953.8,92306371.60000002
2025-08-01 09:26:48 AM,954.55,224,213819.19999999998,92520190.80000003
2025-08-01 09:26:49 AM,955.0,0,0.0,92520190.80000003
2025-08-01 09:26:50 AM,955.0,1,955.0,92521145.80000003
2025-08-01 09:26:55 AM,954.75,0,0.0,92521145.80000003
2025-08-01 09:26:55 AM,954.75,1,954.75,92522100.55000003
2025-08-01 09:26:59 AM,954.65,2,1909.3,92524009.85000002
2025-08-01 09:27:02 AM,954.65,2,1909.3,92525919.15000002
2025-08-01 09:27:05 AM,954.75,0,0.0,92525919.15000002
2025-08-01 09:27:08 AM,954.0,456,435024.0,92960943.15000002
2025-08-01 09:27:09 AM,954.0,2,1908.0,92962851.15000002
2025-08-01 09:27:10 AM,954.55,0,0.0,92962851.15000002
2025-08-01 09:27:11 AM,953.95,0,0.0,92962851.15000002
2025-08-01 09:27:15 AM,953.9,0,0.0,92962851.15000002
2025-08-01 09:27:16 AM,953.9,2155,2055654.5,95018505.65000002
2025-08-01 09:27:17 AM,953.9,100,95390.0,95113895.65000002
2025-08-01 09:27:20 AM,953.05,0,0.0,95113895.65000002
2025-08-01 09:27:21 AM,953.2,0,0.0,95113895.65000002
2025-08-01 09:27:23 AM,953.0,1212,1155036.0,96268931.65000002
2025-08-01 09:27:24 AM,953.55,104,99169.2,96368100.85000002
2025-08-01 09:27:26 AM,952.7,0,0.0,96368100.85000002
2025-08-01 09:27:30 AM,952.65,1599,1523287.3499999999,97891388.20000002
2025-08-01 09:27:38 AM,952.65,56,53348.4,97944736.60000002
2025-08-01 09:27:39 AM,952.65,5,4763.25,97949499.85000002
2025-08-01 09:27:45 AM,952.25,745,709426.25,98658926.10000002
2025-08-01 09:27:46 AM,952.0,0,0.0,98658926.10000002
2025-08-01 09:27:47 AM,952.0,25,23800.0,98682726.10000002
2025-08-01 09:27:53 AM,951.6,1289,1226612.4000000001,99909338.50000003
2025-08-01 09:27:55 AM,951.55,0,0.0,99909338.50000003
2025-08-01 09:27:56 AM,951.75,0,0.0,99909338.50000003
2025-08-01 09:28:00 AM,951.45,0,0.0,99909338.50000003
2025-08-01 09:28:01 AM,951.45,147,139863.15,100049201.65000004
2025-08-01 09:28:01 AM,951.1,0,0.0,100049201.65000004
2025-08-01 09:28:02 AM,951.1,43,40897.3,100090098.95000003
2025-08-01 09:28:03 AM,950.5,996,946698.0,101036796.95000003
2025-08-01 09:28:03 AM,950.85,116,110298.6,101147095.55000003
2025-08-01 09:28:03 AM,950.8,0,0.0,101147095.55000003
2025-08-01 09:28:04 AM,950.8,12,11409.599999999999,101158505.15000002
2025-08-01 09:28:04 AM,950.75,581,552385.75,101710890.90000002
2025-08-01 09:28:04 AM,950.0,0,0.0,101710890.90000002
2025-08-01 09:28:04 AM,950.65,0,0.0,101710890.90000002
2025-08-01 09:28:05 AM,950.65,46,43729.9,101754620.80000003
2025-08-01 09:28:05 AM,950.95,305,290039.75,102044660.55000003
2025-08-01 09:28:06 AM,950.5,20,19010.0,102063670.55000003
2025-08-01 09:28:07 AM,951.0,0,0.0,102063670.55000003
2025-08-01 09:28:07 AM,951.0,102,97002.0,102160672.55000003
2025-08-01 09:28:07 AM,950.95,0,0.0,102160672.55000003
2025-08-01 09:28:08 AM,950.95,9,8558.550000000001,102169231.10000002
2025-08-01 09:28:08 AM,951.0,0,0.0,102169231.10000002
2025-08-01 09:28:08 AM,951.0,2,1902.0,102171133.10000002
2025-08-01 09:28:10 AM,950.8,80,76064.0,102247197.10000002
2025-08-01 09:28:11 AM,950.8,14,13311.199999999999,102260508.30000003
2025-08-01 09:28:13 AM,950.8,481,457334.8,102717843.10000002
2025-08-01 09:28:13 AM,951.0,0,0.0,102717843.10000002
2025-08-01 09:28:14 AM,951.0,8,7608.0,102725451.10000002
2025-08-01 09:28:14 AM,950.55,4,3802.2,102729253.30000003
2025-08-01 09:28:15 AM,951.0,0,0.0,102729253.30000003
2025-08-01 09:28:16 AM,951.0,18,17118.0,102746371.30000003
2025-08-01 09:28:17 AM,951.0,2,1902.0,102748273.30000003
2025-08-01 09:28:17 AM,951.15,0,0.0,102748273.30000003
2025-08-01 09:28:17 AM,950.55,0,0.0,102748273.30000003
2025-08-01 09:28:18 AM,950.55,61,57983.549999999996,102806256.85000002
2025-08-01 09:28:18 AM,950.5,20,19010.0,102825266.85000002
2025-08-01 09:28:19 AM,951.15,0,0.0,102825266.85000002
2025-08-01 09:28:19 AM,951.15,51,48508.65,102873775.50000003
2025-08-01 09:28:20 AM,951.15,100,95115.0,102968890.50000003
2025-08-01 09:28:20 AM,951.15,5,4755.75,102973646.25000003
2025-08-01 09:28:22 AM,950.8,28,26622.399999999998,103000268.65000004
2025-08-01 09:28:22 AM,951.15,0,0.0,103000268.65000004
2025-08-01 09:28:22 AM,951.15,9,8560.35,103008829.00000003
2025-08-01 09:28:23 AM,950.8,10,9508.0,103018337.00000003
2025-08-01 09:28:25 AM,951.0,2,1902.0,103020239.00000003
2025-08-01 09:28:26 AM,951.0,97,92247.0,103112486.00000003
2025-08-01 09:28:26 AM,950.65,0,0.0,103112486.00000003
2025-08-01 09:28:27 AM,950.65,35,33272.75,103145758.75000003
2025-08-01 09:28:27 AM,950.5,155,147327.5,103293086.25000003
2025-08-01 09:28:30 AM,951.0,1,951.0,103294037.25000003
2025-08-01 09:28:34 AM,951.15,1,951.15,103294988.40000004
2025-08-01 09:28:35 AM,951.05,13,12363.65,103307352.05000004
2025-08-01 09:28:35 AM,951.0,0,0.0,103307352.05000004
2025-08-01 09:28:36 AM,951.0,1,951.0,103308303.05000004
2025-08-01 09:28:37 AM,950.75,3,2852.25,103311155.30000004
2025-08-01 09:28:40 AM,951.05,0,0.0,103311155.30000004
2025-08-01 09:28:41 AM,951.05,1,951.05,103312106.35000004
2025-08-01 09:28:43 AM,951.05,5,4755.25,103316861.60000004
2025-08-01 09:28:44 AM,950.75,1,950.75,103317812.35000004
2025-08-01 09:28:45 AM,950.75,1,950.75,103318763.10000004
2025-08-01 09:28:45 AM,950.7,10,9507.0,103328270.10000004
2025-08-01 09:28:47 AM,950.6,116,110269.6,103438539.70000003
2025-08-01 09:28:48 AM,950.7,36,34225.200000000004,103472764.90000004
2025-08-01 09:28:48 AM,950.6,0,0.0,103472764.90000004
2025-08-01 09:28:49 AM,950.6,10,9506.0,103482270.90000004
2025-08-01 09:28:50 AM,950.6,9,8555.4,103490826.30000004
2025-08-01 09:28:50 AM,950.6,11,10456.6,103501282.90000004
2025-08-01 09:28:50 AM,950.7,0,0.0,103501282.90000004
2025-08-01 09:28:51 AM,950.7,5,4753.5,103506036.40000004
2025-08-01 09:28:53 AM,950.5,211,200555.5,103706591.90000004
2025-08-01 09:28:53 AM,950.5,1095,1040797.5,104747389.40000004
2025-08-01 09:28:55 AM,950.5,45,42772.5,104790161.90000004
2025-08-01 09:28:56 AM,950.5,2,1901.0,104792062.90000004
2025-08-01 09:28:56 AM,950.35,0,0.0,104792062.90000004
2025-08-01 09:28:57 AM,950.35,70,66524.5,104858587.40000004
2025-08-01 09:28:57 AM,950.35,142,134949.7,104993537.10000004
2025-08-01 09:28:58 AM,950.35,1,950.35,104994487.45000003
2025-08-01 09:28:59 AM,950.4,0,0.0,104994487.45000003
2025-08-01 09:29:00 AM,949.95,3743,3555662.85,108550150.30000003
2025-08-01 09:29:01 AM,949.4,7,6645.8,108556796.10000002
2025-08-01 09:29:02 AM,950.0,0,0.0,108556796.10000002
2025-08-01 09:29:02 AM,949.5,15,14242.5,108571038.60000002
2025-08-01 09:29:02 AM,949.95,1,949.95,108571988.55000003
2025-08-01 09:29:03 AM,950.0,0,0.0,108571988.55000003
2025-08-01 09:29:03 AM,950.0,207,196650.0,108768638.55000003
2025-08-01 09:29:04 AM,950.0,758,720100.0,109488738.55000003
2025-08-01 09:29:04 AM,950.45,5,4752.25,109493490.80000003
2025-08-01 09:29:05 AM,950.45,2,1900.9,109495391.70000003
2025-08-01 09:29:05 AM,950.45,5,4752.25,109500143.95000003
2025-08-01 09:29:07 AM,950.45,1,950.45,109501094.40000004
2025-08-01 09:29:09 AM,950.0,172,163400.0,109664494.40000004
2025-08-01 09:29:10 AM,950.25,0,0.0,109664494.40000004
2025-08-01 09:29:10 AM,950.25,125,118781.25,109783275.65000004
2025-08-01 09:29:11 AM,949.6,0,0.0,109783275.65000004
2025-08-01 09:29:12 AM,949.6,130,123448.0,109906723.65000004
2025-08-01 09:29:13 AM,950.2,5,4751.0,109911474.65000004
2025-08-01 09:29:14 AM,950.2,1,950.2,109912424.85000004
2025-08-01 09:29:14 AM,950.0,0,0.0,109912424.85000004
2025-08-01 09:29:15 AM,950.0,10,9500.0,109921924.85000004
2025-08-01 09:29:16 AM,950.0,2,1900.0,109923824.85000004
2025-08-01 09:29:16 AM,950.0,12,11400.0,109935224.85000004
2025-08-01 09:29:19 AM,950.0,16,15200.0,109950424.85000004
2025-08-01 09:29:23 AM,950.0,139,132050.0,110082474.85000004
2025-08-01 09:29:24 AM,950.0,20,19000.0,110101474.85000004
2025-08-01 09:29:25 AM,950.2,0,0.0,110101474.85000004
2025-08-01 09:29:26 AM,950.2,1,950.2,110102425.05000004
2025-08-01 09:29:29 AM,950.2,6,5701.200000000001,110108126.25000004
2025-08-01 09:29:30 AM,950.2,1,950.2,110109076.45000005
2025-08-01 09:29:37 AM,950.1,0,0.0,110109076.45000005
2025-08-01 09:29:37 AM,950.1,30,28503.0,110137579.45000005
2025-08-01 09:29:37 AM,950.4,110,104544.0,110242123.45000005
2025-08-01 09:29:40 AM,950.2,7,6651.400000000001,110248774.85000005
2025-08-01 09:29:42 AM,950.7,200,190140.0,110438914.85000005
2025-08-01 09:29:44 AM,950.85,101,96035.85,110534950.70000005
2025-08-01 09:29:45 AM,950.35,0,0.0,110534950.70000005
2025-08-01 09:29:45 AM,950.35,25,23758.75,110558709.45000005
2025-08-01 09:29:46 AM,950.8,7,6655.599999999999,110565365.05000004
2025-08-01 09:29:48 AM,950.55,15,14258.25,110579623.30000004
2025-08-01 09:29:49 AM,950.55,138,131175.9,110710799.20000005
2025-08-01 09:29:50 AM,950.75,0,0.0,110710799.20000005
2025-08-01 09:29:51 AM,950.75,13,12359.75,110723158.95000005
2025-08-01 09:29:54 AM,950.75,1,950.75,110724109.70000005
2025-08-01 09:29:55 AM,950.75,3,2852.25,110726961.95000005
2025-08-01 09:29:56 AM,950.75,52,49439.0,110776400.95000005
2025-08-01 09:29:58 AM,950.75,2,1901.5,110778302.45000005
2025-08-01 09:30:00 AM,950.75,89,84616.75,110862919.20000005
2025-08-01 09:30:00 AM,950.75,1,950.75,110863869.95000005
2025-08-01 09:30:00 AM,950.9,0,0.0,110863869.95000005
2025-08-01 09:30:01 AM,950.75,0,0.0,110863869.95000005
2025-08-01 09:30:02 AM,950.8,183,173996.4,111037866.35000005
2025-08-01 09:30:03 AM,950.75,381,362235.75,111400102.10000005
2025-08-01 09:30:08 AM,950.25,0,0.0,111400102.10000005
2025-08-01 09:30:10 AM,950.35,390,370636.5,111770738.60000005
2025-08-01 09:30:11 AM,950.6,21,19962.600000000002,111790701.20000005
2025-08-01 09:30:15 AM,950.2,0,0.0,111790701.20000005
2025-08-01 09:30:18 AM,950.0,519,493050.0,112283751.20000005
2025-08-01 09:30:22 AM,949.55,0,0.0,112283751.20000005
2025-08-01 09:30:25 AM,949.0,984,933816.0,113217567.20000005
2025-08-01 09:30:32 AM,949.0,261,247689.0,113465256.20000005
2025-08-01 09:30:36 AM,949.45,0,0.0,113465256.20000005
2025-08-01 09:30:40 AM,949.45,360,341802.0,113807058.20000005
2025-08-01 09:30:43 AM,950.0,0,0.0,113807058.20000005
2025-08-01 09:30:47 AM,950.0,308,292600.0,114099658.20000005
2025-08-01 09:30:48 AM,950.0,37,35150.0,114134808.20000005
2025-08-01 09:30:54 AM,950.0,139,132050.0,114266858.20000005
2025-08-01 09:31:00 AM,950.0,60,57000.0,114323858.20000005
2025-08-01 09:31:01 AM,949.6,258,244996.80000000002,114568855.00000004
2025-08-01 09:31:01 AM,949.75,0,0.0,114568855.00000004
2025-08-01 09:31:02 AM,949.75,109,103522.75,114672377.75000004
2025-08-01 09:31:02 AM,949.75,12,11397.0,114683774.75000004
2025-08-01 09:31:04 AM,950.0,88,83600.0,114767374.75000004
2025-08-01 09:31:05 AM,950.05,502,476925.1,115244299.85000004
2025-08-01 09:31:05 AM,950.6,663,630247.8,115874547.65000004
2025-08-01 09:31:07 AM,950.75,10,9507.5,115884055.15000004
2025-08-01 09:31:08 AM,951.15,135,128405.25,116012460.40000004
2025-08-01 09:31:08 AM,951.25,100,95125.0,116107585.40000004
2025-08-01 09:31:10 AM,950.65,2196,2087627.4,118195212.80000004
2025-08-01 09:31:13 AM,951.65,459,436807.35,118632020.15000004
2025-08-01 09:31:14 AM,951.75,1,951.75,118632971.90000004
2025-08-01 09:31:15 AM,951.75,81,77091.75,118710063.65000004
2025-08-01 09:31:16 AM,951.5,103,98004.5,118808068.15000004
2025-08-01 09:31:17 AM,952.4,681,648584.4,119456652.55000004
2025-08-01 09:31:17 AM,951.95,50,47597.5,119504250.05000004
2025-08-01 09:31:19 AM,952.7,1,952.7,119505202.75000004
2025-08-01 09:31:20 AM,953.0,0,0.0,119505202.75000004
2025-08-01 09:31:20 AM,953.0,29,27637.0,119532839.75000004
2025-08-01 09:31:21 AM,953.0,3,2859.0,119535698.75000004
2025-08-01 09:31:22 AM,953.0,125,119125.0,119654823.75000004
2025-08-01 09:31:28 AM,953.6,4,3814.4,119658638.15000005
2025-08-01 09:31:28 AM,953.8,75,71535.0,119730173.15000005
2025-08-01 09:31:29 AM,954.0,270,257580.0,119987753.15000005
2025-08-01 09:31:31 AM,954.35,86,82074.1,120069827.25000004
2025-08-01 09:31:34 AM,954.8,1,954.8,120070782.05000004
2025-08-01 09:31:35 AM,954.8,9,8593.199999999999,120079375.25000004
2025-08-01 09:31:38 AM,954.8,40,38192.0,120117567.25000004
2025-08-01 09:31:39 AM,954.9,0,0.0,120117567.25000004
2025-08-01 09:31:39 AM,954.9,20,19098.0,120136665.25000004
2025-08-01 09:31:40 AM,955.0,7,6685.0,120143350.25000004
2025-08-01 09:31:41 AM,955.0,261,249255.0,120392605.25000004
2025-08-01 09:31:43 AM,955.2,0,0.0,120392605.25000004
2025-08-01 09:31:44 AM,954.8,816,779116.7999999999,121171722.05000004
2025-08-01 09:31:45 AM,954.8,498,475490.39999999997,121647212.45000005
2025-08-01 09:31:49 AM,954.2,10,9542.0,121656754.45000005
2025-08-01 09:31:50 AM,955.1,760,725876.0,122382630.45000005
2025-08-01 09:31:51 AM,954.35,0,0.0,122382630.45000005
2025-08-01 09:31:52 AM,954.35,221,210911.35,122593541.80000004
2025-08-01 09:31:53 AM,954.9,10,9549.0,122603090.80000004
2025-08-01 09:31:54 AM,954.9,1,954.9,122604045.70000005
2025-08-01 09:31:54 AM,955.15,0,0.0,122604045.70000005
2025-08-01 09:31:55 AM,955.15,332,317109.8,122921155.50000004
2025-08-01 09:31:58 AM,954.85,4,3819.4,122924974.90000005
2025-08-01 09:31:58 AM,955.5,0,0.0,122924974.90000005
2025-08-01 09:31:59 AM,955.5,310,296205.0,123221179.90000005
2025-08-01 09:31:59 AM,955.6,127,121361.2,123342541.10000005
2025-08-01 09:31:59 AM,955.75,0,0.0,123342541.10000005
2025-08-01 09:32:00 AM,955.75,80,76460.0,123419001.10000005
2025-08-01 09:32:01 AM,956.0,129,123324.0,123542325.10000005
2025-08-01 09:32:02 AM,956.25,71,67893.75,123610218.85000005
2025-08-01 09:32:02 AM,956.25,75,71718.75,123681937.60000005
2025-08-01 09:32:04 AM,956.5,249,238168.5,123920106.10000005
2025-08-01 09:32:04 AM,956.3,1,956.3,123921062.40000005
2025-08-01 09:32:06 AM,956.3,1,956.3,123922018.70000005
2025-08-01 09:32:07 AM,956.8,1,956.8,123922975.50000004
2025-08-01 09:32:08 AM,956.8,54,51667.2,123974642.70000005
2025-08-01 09:32:10 AM,956.8,16,15308.8,123989951.50000004
2025-08-01 09:32:12 AM,956.8,21,20092.8,124010044.30000004
2025-08-01 09:32:12 AM,957.2,0,0.0,124010044.30000004
2025-08-01 09:32:13 AM,957.2,27,25844.4,124035888.70000005
2025-08-01 09:32:14 AM,956.5,0,0.0,124035888.70000005
2025-08-01 09:32:15 AM,956.85,355,339681.75,124375570.45000005
2025-08-01 09:32:17 AM,957.0,100,95700.0,124471270.45000005
2025-08-01 09:32:17 AM,957.25,0,0.0,124471270.45000005
2025-08-01 09:32:18 AM,957.25,111,106254.75,124577525.20000005
2025-08-01 09:32:18 AM,956.7,0,0.0,124577525.20000005
2025-08-01 09:32:19 AM,956.7,3,2870.1000000000004,124580395.30000004
2025-08-01 09:32:20 AM,956.8,20,19136.0,124599531.30000004
2025-08-01 09:32:23 AM,956.65,0,0.0,124599531.30000004
2025-08-01 09:32:23 AM,956.0,238,227528.0,124827059.30000004
2025-08-01 09:32:25 AM,956.3,525,502057.5,125329116.80000004
2025-08-01 09:32:26 AM,956.3,20,19126.0,125348242.80000004
2025-08-01 09:32:27 AM,956.8,81,77500.8,125425743.60000004
2025-08-01 09:32:31 AM,956.8,2,1913.6,125427657.20000003
2025-08-01 09:32:31 AM,956.8,89,85155.2,125512812.40000004
2025-08-01 09:32:32 AM,956.8,100,95680.0,125608492.40000004
2025-08-01 09:32:34 AM,957.0,737,705309.0,126313801.40000004
2025-08-01 09:32:34 AM,957.3,0,0.0,126313801.40000004
2025-08-01 09:32:35 AM,957.3,21,20103.3,126333904.70000003
2025-08-01 09:32:38 AM,956.8,0,0.0,126333904.70000003
2025-08-01 09:32:38 AM,956.8,247,236329.59999999998,126570234.30000003
2025-08-01 09:32:38 AM,955.7,230,219811.0,126790045.30000003
2025-08-01 09:32:39 AM,955.8,0,0.0,126790045.30000003
2025-08-01 09:32:39 AM,955.8,25,23895.0,126813940.30000003
2025-08-01 09:32:39 AM,955.75,0,0.0,126813940.30000003
2025-08-01 09:32:40 AM,955.75,17,16247.75,126830188.05000003
2025-08-01 09:32:41 AM,955.7,0,0.0,126830188.05000003
2025-08-01 09:32:41 AM,955.7,50,47785.0,126877973.05000003
2025-08-01 09:32:43 AM,955.75,0,0.0,126877973.05000003
2025-08-01 09:32:44 AM,955.75,23,21982.25,126899955.30000003
2025-08-01 09:32:44 AM,956.1,1,956.1,126900911.40000002
2025-08-01 09:32:46 AM,955.75,100,95575.0,126996486.40000002
2025-08-01 09:32:54 AM,956.25,0,0.0,126996486.40000002
2025-08-01 09:32:55 AM,956.25,76,72675.0,127069161.40000002
2025-08-01 09:32:56 AM,956.25,320,306000.0,127375161.40000002
2025-08-01 09:32:57 AM,955.8,0,0.0,127375161.40000002
2025-08-01 09:32:58 AM,955.8,10,9558.0,127384719.40000002
2025-08-01 09:32:58 AM,956.0,0,0.0,127384719.40000002
2025-08-01 09:32:59 AM,956.0,1,956.0,127385675.40000002
2025-08-01 09:33:00 AM,956.05,0,0.0,127385675.40000002
2025-08-01 09:33:00 AM,956.05,25,23901.25,127409576.65000002
2025-08-01 09:33:00 AM,956.05,75,71703.75,127481280.40000002
2025-08-01 09:33:01 AM,956.55,340,325227.0,127806507.40000002
2025-08-01 09:33:01 AM,955.85,0,0.0,127806507.40000002
2025-08-01 09:33:02 AM,955.85,1,955.85,127807463.25000001
2025-08-01 09:33:02 AM,956.1,1,956.1,127808419.35000001
2025-08-01 09:33:07 AM,956.25,89,85106.25,127893525.60000001
2025-08-01 09:33:09 AM,956.0,0,0.0,127893525.60000001
2025-08-01 09:33:09 AM,956.0,8,7648.0,127901173.60000001
2025-08-01 09:33:10 AM,955.7,0,0.0,127901173.60000001
2025-08-01 09:33:11 AM,955.7,235,224589.5,128125763.10000001
2025-08-01 09:33:11 AM,955.75,0,0.0,128125763.10000001
2025-08-01 09:33:12 AM,955.75,100,95575.0,128221338.10000001
2025-08-01 09:33:12 AM,955.75,20,19115.0,128240453.10000001
2025-08-01 09:33:12 AM,955.5,0,0.0,128240453.10000001
2025-08-01 09:33:13 AM,955.15,11,10506.65,128250959.75000001
2025-08-01 09:33:14 AM,955.15,50,47757.5,128298717.25000001
2025-08-01 09:33:18 AM,955.0,38,36290.0,128335007.25000001
2025-08-01 09:33:19 AM,955.4,2,1910.8,128336918.05000001
2025-08-01 09:33:20 AM,955.4,1,955.4,128337873.45000002
2025-08-01 09:33:21 AM,955.4,15,14331.0,128352204.45000002
2025-08-01 09:33:22 AM,955.15,0,0.0,128352204.45000002
2025-08-01 09:33:22 AM,955.0,85,81175.0,128433379.45000002
2025-08-01 09:33:27 AM,955.35,1,955.35,128434334.80000001
2025-08-01 09:33:30 AM,955.35,3,2866.05,128437200.85000001
2025-08-01 09:33:34 AM,955.35,1,955.35,128438156.2
2025-08-01 09:33:34 AM,955.35,98,93624.3,128531780.5
2025-08-01 09:33:36 AM,955.35,44,42035.4,128573815.9
2025-08-01 09:33:41 AM,955.7,0,0.0,128573815.9
2025-08-01 09:33:42 AM,955.85,85,81247.25,128655063.15
2025-08-01 09:33:43 AM,956.35,25,23908.75,128678971.9
2025-08-01 09:33:45 AM,956.4,1,956.4,128679928.30000001
2025-08-01 09:33:46 AM,955.9,7,6691.3,128686619.60000001
2025-08-01 09:33:48 AM,955.9,43,41103.7,128727723.30000001
2025-08-01 09:33:48 AM,956.35,3,2869.05,128730592.35000001
2025-08-01 09:33:52 AM,956.35,20,19127.0,128749719.35000001
2025-08-01 09:33:53 AM,956.35,2,1912.7,128751632.05000001
2025-08-01 09:33:54 AM,956.35,7,6694.45,128758326.50000001
2025-08-01 09:33:56 AM,956.35,30,28690.5,128787017.00000001
2025-08-01 09:33:57 AM,956.35,127,121456.45,128908473.45000002
2025-08-01 09:34:01 AM,957.0,61,58377.0,128966850.45000002
2025-08-01 09:34:02 AM,957.45,1087,1040748.15,130007598.60000002
2025-08-01 09:34:02 AM,957.15,0,0.0,130007598.60000002
2025-08-01 09:34:02 AM,957.15,7,6700.05,130014298.65000002
2025-08-01 09:34:03 AM,957.45,1,957.45,130015256.10000002
2025-08-01 09:34:07 AM,956.9,19,18181.1,130033437.20000002
2025-08-01 09:34:09 AM,957.1,0,0.0,130033437.20000002
2025-08-01 09:34:09 AM,957.1,100,95710.0,130129147.20000002
2025-08-01 09:34:11 AM,957.15,36,34457.4,130163604.60000002
2025-08-01 09:34:12 AM,957.15,1,957.15,130164561.75000003
2025-08-01 09:34:13 AM,957.15,14,13400.1,130177961.85000002
2025-08-01 09:34:14 AM,956.7,200,191340.0,130369301.85000002
2025-08-01 09:34:15 AM,957.15,2,1914.3,130371216.15000002
2025-08-01 09:34:19 AM,956.75,0,0.0,130371216.15000002
2025-08-01 09:34:20 AM,956.75,20,19135.0,130390351.15000002
2025-08-01 09:34:20 AM,957.1,0,0.0,130390351.15000002
2025-08-01 09:34:21 AM,957.1,5,4785.5,130395136.65000002
2025-08-01 09:34:22 AM,957.1,15,14356.5,130409493.15000002
2025-08-01 09:34:23 AM,957.1,51,48812.1,130458305.25000001
2025-08-01 09:34:23 AM,956.7,85,81319.5,130539624.75000001
2025-08-01 09:34:25 AM,956.85,2,1913.7,130541538.45000002
2025-08-01 09:34:28 AM,956.85,4,3827.4,130545365.85000002
2025-08-01 09:34:30 AM,956.85,10,9568.5,130554934.35000002
2025-08-01 09:34:30 AM,956.7,287,274572.9,130829507.25000003
2025-08-01 09:34:31 AM,956.7,10,9567.0,130839074.25000003
2025-08-01 09:34:32 AM,956.7,39,37311.3,130876385.55000003
2025-08-01 09:34:32 AM,956.8,0,0.0,130876385.55000003
2025-08-01 09:34:32 AM,956.8,1,956.8,130877342.35000002
2025-08-01 09:34:33 AM,956.7,25,23917.5,130901259.85000002
2025-08-01 09:34:35 AM,956.8,14,13395.199999999999,130914655.05000003
2025-08-01 09:34:36 AM,956.8,3,2870.3999999999996,130917525.45000003
2025-08-01 09:34:36 AM,956.2,8,7649.6,130925175.05000003
2025-08-01 09:34:36 AM,956.4,0,0.0,130925175.05000003
2025-08-01 09:34:37 AM,956.4,9,8607.6,130933782.65000002
2025-08-01 09:34:41 AM,956.0,116,110896.0,131044678.65000002
2025-08-01 09:34:42 AM,956.4,4,3825.6,131048504.25000001
2025-08-01 09:34:44 AM,955.95,0,0.0,131048504.25000001
2025-08-01 09:34:45 AM,955.95,25,23898.75,131072403.00000001
2025-08-01 09:34:45 AM,956.45,0,0.0,131072403.00000001
2025-08-01 09:34:46 AM,956.45,25,23911.25,131096314.25000001
2025-08-01 09:34:47 AM,955.9,0,0.0,131096314.25000001
2025-08-01 09:34:47 AM,955.9,50,47795.0,131144109.25000001
2025-08-01 09:34:53 AM,956.4,20,19128.0,131163237.25000001
2025-08-01 09:34:59 AM,956.35,4,3825.4,131167062.65000002
2025-08-01 09:35:04 AM,956.45,137,131033.65000000001,131298096.30000003
2025-08-01 09:35:05 AM,956.55,68,65045.399999999994,131363141.70000003
2025-08-01 09:35:07 AM,956.35,98,93722.3,131456864.00000003
2025-08-01 09:35:08 AM,956.8,0,0.0,131456864.00000003
2025-08-01 09:35:08 AM,956.35,12,11476.2,131468340.20000003
2025-08-01 09:35:09 AM,956.7,0,0.0,131468340.20000003
2025-08-01 09:35:10 AM,956.7,1,956.7,131469296.90000004
2025-08-01 09:35:10 AM,956.15,0,0.0,131469296.90000004
2025-08-01 09:35:11 AM,956.15,12,11473.8,131480770.70000003
2025-08-01 09:35:12 AM,956.0,25,23900.0,131504670.70000003
2025-08-01 09:35:20 AM,955.9,0,0.0,131504670.70000003
2025-08-01 09:35:20 AM,955.9,219,209342.1,131714012.80000003
2025-08-01 09:35:21 AM,956.0,1,956.0,131714968.80000003
2025-08-01 09:35:22 AM,956.05,100,95605.0,131810573.80000003
2025-08-01 09:35:22 AM,956.15,0,0.0,131810573.80000003
2025-08-01 09:35:23 AM,956.0,0,0.0,131810573.80000003
2025-08-01 09:35:23 AM,956.0,6,5736.0,131816309.80000003
2025-08-01 09:35:24 AM,956.1,16,15297.6,131831607.40000002
2025-08-01 09:35:29 AM,956.0,26,24856.0,131856463.40000002
2025-08-01 09:35:29 AM,955.55,0,0.0,131856463.40000002
2025-08-01 09:35:30 AM,955.55,6,5733.299999999999,131862196.70000002
2025-08-01 09:35:30 AM,955.5,79,75484.5,131937681.20000002
2025-08-01 09:35:38 AM,955.8,0,0.0,131937681.20000002
2025-08-01 09:35:39 AM,955.8,5,4779.0,131942460.20000002
2025-08-01 09:35:42 AM,955.8,2,1911.6,131944371.80000001
2025-08-01 09:35:43 AM,955.7,32,30582.4,131974954.20000002
2025-08-01 09:35:43 AM,955.5,0,0.0,131974954.20000002
2025-08-01 09:35:44 AM,955.5,155,148102.5,132123056.70000002
2025-08-01 09:35:46 AM,955.8,0,0.0,132123056.70000002
2025-08-01 09:35:47 AM,955.8,600,573480.0,132696536.70000002
2025-08-01 09:35:48 AM,955.8,29,27718.199999999997,132724254.90000002
2025-08-01 09:35:49 AM,955.8,4,3823.2,132728078.10000002
2025-08-01 09:35:50 AM,955.5,0,0.0,132728078.10000002
2025-08-01 09:35:50 AM,955.5,3,2866.5,132730944.60000002
2025-08-01 09:35:50 AM,955.5,7,6688.5,132737633.10000002
2025-08-01 09:35:52 AM,955.5,20,19110.0,132756743.10000002
2025-08-01 09:35:54 AM,956.1,546,522030.60000000003,133278773.70000002
2025-08-01 09:35:58 AM,956.55,0,0.0,133278773.70000002
2025-08-01 09:35:59 AM,956.55,80,76524.0,133355297.70000002
2025-08-01 09:36:02 AM,956.85,0,0.0,133355297.70000002
2025-08-01 09:36:03 AM,957.1,656,627857.6,133983155.30000001
2025-08-01 09:36:05 AM,957.95,511,489512.45,134472667.75
2025-08-01 09:36:06 AM,958.0,1,958.0,134473625.75
2025-08-01 09:36:07 AM,958.0,73,69934.0,134543559.75
2025-08-01 09:36:08 AM,958.0,461,441638.0,134985197.75
2025-08-01 09:36:08 AM,958.0,383,366914.0,135352111.75
2025-08-01 09:36:09 AM,958.35,20,19167.0,135371278.75
2025-08-01 09:36:09 AM,958.3,9,8624.699999999999,135379903.45
2025-08-01 09:36:10 AM,957.95,1,957.95,135380861.39999998
2025-08-01 09:36:11 AM,957.65,0,0.0,135380861.39999998
2025-08-01 09:36:12 AM,957.65,41,39263.65,135420125.04999998
2025-08-01 09:36:12 AM,957.25,0,0.0,135420125.04999998
2025-08-01 09:36:13 AM,958.05,468,448367.39999999997,135868492.45
2025-08-01 09:36:14 AM,958.15,0,0.0,135868492.45
2025-08-01 09:36:15 AM,958.15,10,9581.5,135878073.95
2025-08-01 09:36:17 AM,958.15,60,57489.0,135935562.95
2025-08-01 09:36:20 AM,958.1,0,0.0,135935562.95
2025-08-01 09:36:20 AM,958.1,3,2874.3,135938437.25
2025-08-01 09:36:23 AM,958.1,15,14371.5,135952808.75
2025-08-01 09:36:24 AM,958.5,0,0.0,135952808.75
2025-08-01 09:36:25 AM,958.5,153,146650.5,136099459.25
2025-08-01 09:36:27 AM,958.5,1,958.5,136100417.75
2025-08-01 09:36:30 AM,958.5,9,8626.5,136109044.25
2025-08-01 09:36:31 AM,958.05,11,10538.55,136119582.8
2025-08-01 09:36:32 AM,958.3,6,5749.799999999999,136125332.60000002
2025-08-01 09:36:33 AM,958.3,22,21082.6,136146415.20000002
2025-08-01 09:36:35 AM,958.3,1,958.3,136147373.50000003
2025-08-01 09:36:36 AM,958.3,75,71872.5,136219246.00000003
2025-08-01 09:36:38 AM,958.4,0,0.0,136219246.00000003
2025-08-01 09:36:39 AM,958.4,2,1916.8,136221162.80000004
2025-08-01 09:36:40 AM,958.6,0,0.0,136221162.80000004
2025-08-01 09:36:41 AM,958.5,0,0.0,136221162.80000004
2025-08-01 09:36:41 AM,958.5,41,39298.5,136260461.30000004
2025-08-01 09:36:41 AM,958.8,3,2876.3999999999996,136263337.70000005
2025-08-01 09:36:47 AM,958.75,2,1917.5,136265255.20000005
2025-08-01 09:36:47 AM,958.4,0,0.0,136265255.20000005
2025-08-01 09:36:48 AM,958.4,113,108299.2,136373554.40000004
2025-08-01 09:36:48 AM,958.3,0,0.0,136373554.40000004
2025-08-01 09:36:49 AM,958.4,0,0.0,136373554.40000004
2025-08-01 09:36:49 AM,958.4,541,518494.39999999997,136892048.80000004
2025-08-01 09:36:51 AM,958.5,0,0.0,136892048.80000004
2025-08-01 09:36:52 AM,958.4,0,0.0,136892048.80000004
2025-08-01 09:36:52 AM,958.4,83,79547.2,136971596.00000003
2025-08-01 09:36:55 AM,958.1,200,191620.0,137163216.00000003
2025-08-01 09:36:56 AM,958.45,1,958.45,137164174.45000002
2025-08-01 09:36:57 AM,958.45,94,90094.3,137254268.75000003
2025-08-01 09:37:02 AM,958.8,1,958.8,137255227.55000004
2025-08-01 09:37:04 AM,958.75,32,30680.0,137285907.55000004
2025-08-01 09:37:05 AM,958.55,20,19171.0,137305078.55000004
2025-08-01 09:37:06 AM,958.55,100,95855.0,137400933.55000004
2025-08-01 09:37:08 AM,958.75,0,0.0,137400933.55000004
2025-08-01 09:37:08 AM,958.75,1,958.75,137401892.30000004
2025-08-01 09:37:14 AM,958.8,18,17258.399999999998,137419150.70000005
2025-08-01 09:37:15 AM,958.25,75,71868.75,137491019.45000005
2025-08-01 09:37:19 AM,958.25,72,68994.0,137560013.45000005
2025-08-01 09:37:20 AM,958.2,0,0.0,137560013.45000005
2025-08-01 09:37:20 AM,958.2,154,147562.80000000002,137707576.25000006
2025-08-01 09:37:21 AM,958.0,0,0.0,137707576.25000006
2025-08-01 09:37:22 AM,958.0,160,153280.0,137860856.25000006
2025-08-01 09:37:23 AM,957.75,0,0.0,137860856.25000006
2025-08-01 09:37:24 AM,957.75,1,957.75,137861814.00000006
2025-08-01 09:37:25 AM,957.75,110,105352.5,137967166.50000006
2025-08-01 09:37:30 AM,957.75,30,28732.5,137995899.00000006
2025-08-01 09:37:32 AM,957.75,1,957.75,137996856.75000006
2025-08-01 09:37:33 AM,957.75,1,957.75,137997814.50000006
2025-08-01 09:37:33 AM,957.75,1,957.75,137998772.25000006
2025-08-01 09:37:35 AM,957.75,1,957.75,137999730.00000006
2025-08-01 09:37:38 AM,957.5,0,0.0,137999730.00000006
2025-08-01 09:37:39 AM,957.5,11,10532.5,138010262.50000006
2025-08-01 09:37:40 AM,957.5,134,128305.0,138138567.50000006
2025-08-01 09:37:42 AM,958.05,0,0.0,138138567.50000006
2025-08-01 09:37:43 AM,958.05,10,9580.5,138148148.00000006
2025-08-01 09:37:43 AM,957.9,0,0.0,138148148.00000006
2025-08-01 09:37:44 AM,957.85,32,30651.2,138178799.20000005
2025-08-01 09:37:45 AM,957.85,20,19157.0,138197956.20000005
2025-08-01 09:37:46 AM,957.75,0,0.0,138197956.20000005
2025-08-01 09:37:47 AM,957.75,5,4788.75,138202744.95000005
2025-08-01 09:37:47 AM,957.8,1,957.8,138203702.75000006
2025-08-01 09:37:48 AM,957.8,2,1915.6,138205618.35000005
2025-08-01 09:37:51 AM,957.8,25,23945.0,138229563.35000005
2025-08-01 09:37:52 AM,957.95,0,0.0,138229563.35000005
2025-08-01 09:37:52 AM,957.95,130,124533.5,138354096.85000005
2025-08-01 09:37:53 AM,957.8,0,0.0,138354096.85000005
2025-08-01 09:37:54 AM,957.8,1,957.8,138355054.65000007
2025-08-01 09:37:54 AM,957.85,0,0.0,138355054.65000007
2025-08-01 09:37:55 AM,957.85,1,957.85,138356012.50000006
2025-08-01 09:37:57 AM,957.95,0,0.0,138356012.50000006
2025-08-01 09:37:58 AM,957.95,85,81425.75,138437438.25000006
2025-08-01 09:38:02 AM,957.8,0,0.0,138437438.25000006
2025-08-01 09:38:03 AM,957.8,21,20113.8,138457552.05000007
2025-08-01 09:38:04 AM,957.7,0,0.0,138457552.05000007
2025-08-01 09:38:05 AM,957.7,32,30646.4,138488198.45000008
2025-08-01 09:38:06 AM,957.7,4,3830.8,138492029.2500001
2025-08-01 09:38:07 AM,957.0,0,0.0,138492029.2500001
2025-08-01 09:38:07 AM,957.0,396,378972.0,138871001.2500001
2025-08-01 09:38:10 AM,957.2,126,120607.20000000001,138991608.45000008
2025-08-01 09:38:10 AM,957.5,0,0.0,138991608.45000008
2025-08-01 09:38:11 AM,957.5,220,210650.0,139202258.45000008
2025-08-01 09:38:11 AM,957.0,0,0.0,139202258.45000008
2025-08-01 09:38:12 AM,957.0,114,109098.0,139311356.45000008
2025-08-01 09:38:16 AM,957.5,0,0.0,139311356.45000008
2025-08-01 09:38:16 AM,957.5,1,957.5,139312313.95000008
2025-08-01 09:38:24 AM,957.45,50,47872.5,139360186.45000008
2025-08-01 09:38:25 AM,957.45,23,22021.350000000002,139382207.80000007
2025-08-01 09:38:25 AM,957.1,29,27755.9,139409963.70000008
2025-08-01 09:38:27 AM,957.4,0,0.0,139409963.70000008
2025-08-01 09:38:28 AM,957.4,1,957.4,139410921.10000008
2025-08-01 09:38:33 AM,957.35,40,38294.0,139449215.10000008
2025-08-01 09:38:36 AM,957.5,0,0.0,139449215.10000008
2025-08-01 09:38:36 AM,957.5,200,191500.0,139640715.10000008
2025-08-01 09:38:36 AM,957.55,0,0.0,139640715.10000008
2025-08-01 09:38:37 AM,957.55,9,8617.949999999999,139649333.05000007
2025-08-01 09:38:38 AM,957.55,75,71816.25,139721149.30000007
2025-08-01 09:38:38 AM,957.7,0,0.0,139721149.30000007
2025-08-01 09:38:39 AM,957.7,5,4788.5,139725937.80000007
2025-08-01 09:38:41 AM,957.75,0,0.0,139725937.80000007
2025-08-01 09:38:42 AM,957.75,3,2873.25,139728811.05000007
2025-08-01 09:38:44 AM,957.75,23,22028.25,139750839.30000007
2025-08-01 09:38:46 AM,957.7,0,0.0,139750839.30000007
2025-08-01 09:38:46 AM,957.7,1,957.7,139751797.00000006
2025-08-01 09:38:47 AM,957.75,0,0.0,139751797.00000006
2025-08-01 09:38:48 AM,957.75,1,957.75,139752754.75000006
2025-08-01 09:38:50 AM,958.0,0,0.0,139752754.75000006
2025-08-01 09:38:50 AM,958.0,472,452176.0,140204930.75000006
2025-08-01 09:38:52 AM,958.0,30,28740.0,140233670.75000006
2025-08-01 09:38:55 AM,957.75,232,222198.0,140455868.75000006
2025-08-01 09:38:56 AM,957.8,3,2873.3999999999996,140458742.15000007
2025-08-01 09:38:58 AM,957.8,50,47890.0,140506632.15000007
2025-08-01 09:39:00 AM,957.5,0,0.0,140506632.15000007
2025-08-01 09:39:01 AM,957.8,27,25860.6,140532492.75000006
2025-08-01 09:39:01 AM,957.5,15,14362.5,140546855.25000006
2025-08-01 09:39:02 AM,957.5,208,199160.0,140746015.25000006
2025-08-01 09:39:04 AM,957.35,1,957.35,140746972.60000005
2025-08-01 09:39:04 AM,957.4,0,0.0,140746972.60000005
2025-08-01 09:39:05 AM,957.4,40,38296.0,140785268.60000005
2025-08-01 09:39:09 AM,957.2,105,100506.0,140885774.60000005
2025-08-01 09:39:11 AM,957.35,1,957.35,140886731.95000005
2025-08-01 09:39:14 AM,957.3,0,0.0,140886731.95000005
2025-08-01 09:39:15 AM,956.95,0,0.0,140886731.95000005
2025-08-01 09:39:15 AM,956.95,870,832546.5,141719278.45000005
2025-08-01 09:39:16 AM,956.1,0,0.0,141719278.45000005
2025-08-01 09:39:17 AM,956.1,10,9561.0,141728839.45000005
2025-08-01 09:39:23 AM,957.0,0,0.0,141728839.45000005
2025-08-01 09:39:23 AM,957.0,200,191400.0,141920239.45000005
2025-08-01 09:39:27 AM,957.05,0,0.0,141920239.45000005
2025-08-01 09:39:28 AM,957.05,11,10527.55,141930767.00000006
2025-08-01 09:39:31 AM,957.25,1,957.25,141931724.25000006
2025-08-01 09:39:31 AM,957.25,9,8615.25,141940339.50000006
2025-08-01 09:39:32 AM,957.25,23,22016.75,141962356.25000006
2025-08-01 09:39:36 AM,957.0,0,0.0,141962356.25000006
2025-08-01 09:39:36 AM,957.0,77,73689.0,142036045.25000006
2025-08-01 09:39:38 AM,957.4,0,0.0,142036045.25000006
2025-08-01 09:39:38 AM,957.4,3,2872.2,142038917.45000005
2025-08-01 09:39:40 AM,957.4,2,1914.8,142040832.25000006
2025-08-01 09:39:42 AM,957.4,26,24892.399999999998,142065724.65000007
2025-08-01 09:39:43 AM,957.4,1,957.4,142066682.05000007
2025-08-01 09:39:43 AM,957.3,7,6701.099999999999,142073383.15000007
2025-08-01 09:39:45 AM,957.4,0,0.0,142073383.15000007
2025-08-01 09:39:46 AM,957.9,191,182958.9,142256342.05000007
2025-08-01 09:39:47 AM,957.55,0,0.0,142256342.05000007
2025-08-01 09:39:47 AM,957.55,55,52665.25,142309007.30000007
2025-08-01 09:39:52 AM,957.95,15,14369.25,142323376.55000007
2025-08-01 09:39:54 AM,957.9,0,0.0,142323376.55000007
2025-08-01 09:39:55 AM,957.9,10,9579.0,142332955.55000007
2025-08-01 09:39:57 AM,957.5,0,0.0,142332955.55000007
2025-08-01 09:39:57 AM,957.5,166,158945.0,142491900.55000007
2025-08-01 09:39:57 AM,957.7,0,0.0,142491900.55000007
2025-08-01 09:39:58 AM,957.7,7,6703.900000000001,142498604.45000008
2025-08-01 09:40:01 AM,956.8,0,0.0,142498604.45000008
2025-08-01 09:40:01 AM,956.8,999,955843.2,143454447.65000007
2025-08-01 09:40:01 AM,957.05,0,0.0,143454447.65000007
2025-08-01 09:40:01 AM,957.05,56,53594.799999999996,143508042.45000008
2025-08-01 09:40:02 AM,957.1,0,0.0,143508042.45000008
2025-08-01 09:40:02 AM,957.1,3,2871.3,143510913.7500001
2025-08-01 09:40:09 AM,957.05,5,4785.25,143515699.0000001
2025-08-01 09:40:12 AM,957.05,23,22012.149999999998,143537711.1500001
2025-08-01 09:40:13 AM,956.55,0,0.0,143537711.1500001
2025-08-01 09:40:13 AM,956.55,18,17217.899999999998,143554929.0500001
2025-08-01 09:40:14 AM,957.05,1,957.05,143555886.1000001
2025-08-01 09:40:17 AM,957.0,0,0.0,143555886.1000001
2025-08-01 09:40:17 AM,957.0,1,957.0,143556843.1000001
2025-08-01 09:40:20 AM,957.0,5,4785.0,143561628.1000001
2025-08-01 09:40:23 AM,956.8,2,1913.6,143563541.7000001
2025-08-01 09:40:24 AM,956.8,31,29660.8,143593202.50000012
2025-08-01 09:40:25 AM,956.85,0,0.0,143593202.50000012
2025-08-01 09:40:25 AM,956.85,40,38274.0,143631476.50000012
2025-08-01 09:40:27 AM,956.85,42,40187.700000000004,143671664.2000001
2025-08-01 09:40:30 AM,956.85,1,956.85,143672621.0500001
2025-08-01 09:40:32 AM,956.7,0,0.0,143672621.0500001
2025-08-01 09:40:33 AM,956.7,5,4783.5,143677404.5500001
2025-08-01 09:40:35 AM,957.05,0,0.0,143677404.5500001
2025-08-01 09:40:35 AM,957.05,1208,1156116.4,144833520.9500001
2025-08-01 09:40:35 AM,957.05,48,45938.399999999994,144879459.3500001
2025-08-01 09:40:38 AM,957.35,0,0.0,144879459.3500001
2025-08-01 09:40:38 AM,957.35,987,944904.4500000001,145824363.8000001
2025-08-01 09:40:39 AM,957.65,5,4788.25,145829152.0500001
2025-08-01 09:40:42 AM,957.65,2,1915.3,145831067.3500001
2025-08-01 09:40:42 AM,958.3,0,0.0,145831067.3500001
2025-08-01 09:40:43 AM,958.3,234,224242.19999999998,146055309.5500001
2025-08-01 09:40:44 AM,958.1,202,193536.2,146248845.7500001
2025-08-01 09:40:52 AM,958.5,1,958.5,146249804.2500001
2025-08-01 09:40:53 AM,958.1,20,19162.0,146268966.2500001
2025-08-01 09:40:55 AM,958.5,7,6709.5,146275675.7500001
2025-08-01 09:41:00 AM,958.3,9,8624.699999999999,146284300.45000008
2025-08-01 09:41:01 AM,958.5,89,85306.5,146369606.95000008
2025-08-01 09:41:02 AM,958.5,23,22045.5,146391652.45000008
2025-08-01 09:41:05 AM,958.5,5,4792.5,146396444.95000008
2025-08-01 09:41:06 AM,958.5,71,68053.5,146464498.45000008
2025-08-01 09:41:06 AM,959.0,0,0.0,146464498.45000008
2025-08-01 09:41:07 AM,959.0,1,959.0,146465457.45000008
2025-08-01 09:41:09 AM,958.95,0,0.0,146465457.45000008
2025-08-01 09:41:10 AM,958.95,12,11507.400000000001,146476964.85000008
2025-08-01 09:41:11 AM,958.95,15,14384.25,146491349.10000008
2025-08-01 09:41:12 AM,958.95,1,958.95,146492308.05000007
2025-08-01 09:41:12 AM,958.4,490,469616.0,146961924.05000007
2025-08-01 09:41:13 AM,958.4,37,35460.799999999996,146997384.85000008
2025-08-01 09:41:13 AM,958.3,274,262574.2,147259959.05000007
2025-08-01 09:41:14 AM,958.3,25,23957.5,147283916.55000007
2025-08-01 09:41:16 AM,958.0,0,0.0,147283916.55000007
2025-08-01 09:41:17 AM,958.0,792,758736.0,148042652.55000007
2025-08-01 09:41:17 AM,958.0,5,4790.0,148047442.55000007
2025-08-01 09:41:17 AM,958.05,0,0.0,148047442.55000007
2025-08-01 09:41:18 AM,958.05,215,205980.75,148253423.30000007
2025-08-01 09:41:20 AM,958.05,1,958.05,148254381.35000008
2025-08-01 09:41:20 AM,958.05,1,958.05,148255339.4000001
2025-08-01 09:41:20 AM,958.0,0,0.0,148255339.4000001
2025-08-01 09:41:21 AM,958.0,52,49816.0,148305155.4000001
2025-08-01 09:41:23 AM,957.7,0,0.0,148305155.4000001
2025-08-01 09:41:23 AM,957.65,138,132155.69999999998,148437311.10000008
2025-08-01 09:41:25 AM,957.8,303,290213.39999999997,148727524.5000001
2025-08-01 09:41:28 AM,957.7,0,0.0,148727524.5000001
2025-08-01 09:41:29 AM,957.7,1,957.7,148728482.20000008
2025-08-01 09:41:31 AM,957.15,31,29671.649999999998,148758153.85000008
2025-08-01 09:41:33 AM,957.5,2,1915.0,148760068.85000008
2025-08-01 09:41:39 AM,957.05,0,0.0,148760068.85000008
2025-08-01 09:41:39 AM,957.05,1,957.05,148761025.9000001
2025-08-01 09:41:39 AM,957.05,10,9570.5,148770596.4000001
2025-08-01 09:41:40 AM,957.05,9,8613.449999999999,148779209.85000008
2025-08-01 09:41:42 AM,957.05,20,19141.0,148798350.85000008
2025-08-01 09:41:42 AM,957.05,23,22012.149999999998,148820363.0000001
2025-08-01 09:41:45 AM,957.05,1,957.05,148821320.0500001
2025-08-01 09:41:46 AM,957.05,90,86134.5,148907454.5500001
2025-08-01 09:41:47 AM,956.75,135,129161.25,149036615.8000001
2025-08-01 09:41:48 AM,957.05,13,12441.65,149049057.4500001
2025-08-01 09:41:54 AM,956.9,83,79422.7,149128480.1500001
2025-08-01 09:41:55 AM,957.05,0,0.0,149128480.1500001
2025-08-01 09:41:56 AM,957.05,11,10527.55,149139007.7000001
2025-08-01 09:41:57 AM,957.05,3,2871.1499999999996,149141878.8500001
2025-08-01 09:42:00 AM,957.0,1,957.0,149142835.8500001
2025-08-01 09:42:02 AM,957.0,200,191400.0,149334235.8500001
2025-08-01 09:42:02 AM,956.65,0,0.0,149334235.8500001
2025-08-01 09:42:03 AM,956.65,84,80358.59999999999,149414594.4500001
2025-08-01 09:42:03 AM,956.55,20,19131.0,149433725.4500001
2025-08-01 09:42:04 AM,956.55,112,107133.59999999999,149540859.0500001
2025-08-01 09:42:06 AM,956.4,2,1912.8,149542771.8500001
2025-08-01 09:42:08 AM,956.45,0,0.0,149542771.8500001
2025-08-01 09:42:09 AM,956.45,1,956.45,149543728.3000001
2025-08-01 09:42:10 AM,956.0,0,0.0,149543728.3000001
2025-08-01 09:42:10 AM,956.0,10,9560.0,149553288.3000001
2025-08-01 09:42:11 AM,956.4,0,0.0,149553288.3000001
2025-08-01 09:42:11 AM,956.4,2,1912.8,149555201.1000001
2025-08-01 09:42:11 AM,956.4,13,12433.199999999999,149567634.3000001
2025-08-01 09:42:13 AM,956.0,0,0.0,149567634.3000001
2025-08-01 09:42:13 AM,956.0,1,956.0,149568590.3000001
2025-08-01 09:42:13 AM,956.35,10,9563.5,149578153.8000001
2025-08-01 09:42:14 AM,956.4,12,11476.8,149589630.6000001
2025-08-01 09:42:16 AM,956.4,2,1912.8,149591543.40000013
2025-08-01 09:42:17 AM,956.4,1,956.4,149592499.80000013
2025-08-01 09:42:19 AM,956.35,0,0.0,149592499.80000013
2025-08-01 09:42:20 AM,956.35,1,956.35,149593456.15000013
2025-08-01 09:42:24 AM,956.35,1,956.35,149594412.50000012
2025-08-01 09:42:25 AM,956.35,9,8607.15,149603019.65000013
2025-08-01 09:42:26 AM,956.35,2,1912.7,149604932.3500001
2025-08-01 09:42:26 AM,956.3,23,21994.899999999998,149626927.25000012
2025-08-01 09:42:29 AM,956.3,1,956.3,149627883.55000013
2025-08-01 09:42:30 AM,956.3,2,1912.6,149629796.15000013
2025-08-01 09:42:31 AM,956.3,12,11475.599999999999,149641271.75000012
2025-08-01 09:42:31 AM,956.3,21,20082.3,149661354.05000013
2025-08-01 09:42:32 AM,956.3,1,956.3,149662310.35000014
2025-08-01 09:42:34 AM,956.3,20,19126.0,149681436.35000014
2025-08-01 09:42:36 AM,956.3,1,956.3,149682392.65000015
2025-08-01 09:42:37 AM,956.0,0,0.0,149682392.65000015
2025-08-01 09:42:38 AM,956.0,262,250472.0,149932864.65000015
2025-08-01 09:42:39 AM,956.0,14,13384.0,149946248.65000015
2025-08-01 09:42:41 AM,955.6,10,9556.0,149955804.65000015
2025-08-01 09:42:44 AM,955.65,10,9556.5,149965361.15000015
2025-08-01 09:42:46 AM,955.9,0,0.0,149965361.15000015
2025-08-01 09:42:47 AM,955.9,6,5735.4,149971096.55000016
2025-08-01 09:42:50 AM,955.9,1,955.9,149972052.45000017
2025-08-01 09:42:52 AM,955.9,13,12426.699999999999,149984479.15000015
2025-08-01 09:42:52 AM,955.5,0,0.0,149984479.15000015
2025-08-01 09:42:53 AM,955.5,45,42997.5,150027476.65000015
2025-08-01 09:42:54 AM,955.85,1,955.85,150028432.50000015
2025-08-01 09:42:55 AM,955.85,53,50660.05,150079092.55000016
2025-08-01 09:42:56 AM,955.5,10,9555.0,150088647.55000016
2025-08-01 09:42:58 AM,955.9,0,0.0,150088647.55000016
2025-08-01 09:42:58 AM,955.9,2,1911.8,150090559.35000017
2025-08-01 09:43:01 AM,955.9,10,9559.0,150100118.35000017
2025-08-01 09:43:04 AM,955.9,20,19118.0,150119236.35000017
2025-08-01 09:43:06 AM,955.9,1,955.9,150120192.25000018
2025-08-01 09:43:08 AM,955.9,1,955.9,150121148.15000018
2025-08-01 09:43:10 AM,955.9,9,8603.1,150129751.25000018
2025-08-01 09:43:12 AM,955.9,1,955.9,150130707.15000018
2025-08-01 09:43:13 AM,955.9,73,69780.7,150200487.85000017
2025-08-01 09:43:15 AM,955.9,4,3823.6,150204311.45000017
2025-08-01 09:43:24 AM,955.9,1,955.9,150205267.35000017
2025-08-01 09:43:24 AM,955.85,23,21984.55,150227251.90000018
2025-08-01 09:43:24 AM,955.8,0,0.0,150227251.90000018
2025-08-01 09:43:25 AM,955.8,9,8602.199999999999,150235854.10000017
2025-08-01 09:43:27 AM,955.85,0,0.0,150235854.10000017
2025-08-01 09:43:27 AM,955.85,1,955.85,150236809.95000017
2025-08-01 09:43:32 AM,955.6,0,0.0,150236809.95000017
2025-08-01 09:43:32 AM,955.6,10,9556.0,150246365.95000017
2025-08-01 09:43:36 AM,955.7,0,0.0,150246365.95000017
2025-08-01 09:43:37 AM,955.6,88,84092.8,150330458.75000018
2025-08-01 09:43:38 AM,955.6,209,199720.4,150530179.15000018
2025-08-01 09:43:40 AM,955.55,69,65932.95,150596112.10000017
2025-08-01 09:43:41 AM,955.5,0,0.0,150596112.10000017
2025-08-01 09:43:42 AM,955.5,42,40131.0,150636243.10000017
2025-08-01 09:43:45 AM,955.6,4,3822.4,150640065.50000018
2025-08-01 09:43:50 AM,955.6,5,4778.0,150644843.50000018
2025-08-01 09:43:52 AM,955.55,5,4777.75,150649621.25000018
2025-08-01 09:43:55 AM,955.55,98,93643.9,150743265.15000018
2025-08-01 09:43:56 AM,955.55,6,5733.299999999999,150748998.4500002
2025-08-01 09:43:57 AM,955.55,4,3822.2,150752820.65000018
2025-08-01 09:44:00 AM,955.55,9,8599.949999999999,150761420.60000017
2025-08-01 09:44:02 AM,955.55,127,121354.84999999999,150882775.45000017
2025-08-01 09:44:03 AM,955.55,1,955.55,150883731.00000018
2025-08-01 09:44:03 AM,955.45,0,0.0,150883731.00000018
2025-08-01 09:44:04 AM,955.45,610,582824.5,151466555.50000018
2025-08-01 09:44:06 AM,955.55,0,0.0,151466555.50000018
2025-08-01 09:44:06 AM,955.35,6,5732.1,151472287.60000017
2025-08-01 09:44:06 AM,955.55,0,0.0,151472287.60000017
2025-08-01 09:44:07 AM,955.55,1,955.55,151473243.15000018
2025-08-01 09:44:09 AM,955.5,1,955.5,151474198.65000018
2025-08-01 09:44:10 AM,955.5,121,115615.5,151589814.15000018
2025-08-01 09:44:10 AM,955.3,54,51586.2,151641400.35000017
2025-08-01 09:44:13 AM,955.35,0,0.0,151641400.35000017
2025-08-01 09:44:13 AM,955.35,7,6687.45,151648087.80000016
2025-08-01 09:44:16 AM,955.35,14,13374.9,151661462.70000017
2025-08-01 09:44:17 AM,955.35,1,955.35,151662418.05000016
2025-08-01 09:44:17 AM,955.2,17,16238.400000000001,151678656.45000017
2025-08-01 09:44:19 AM,955.35,0,0.0,151678656.45000017
2025-08-01 09:44:19 AM,955.35,3,2866.05,151681522.50000018
2025-08-01 09:44:23 AM,955.35,1,955.35,151682477.85000017
2025-08-01 09:44:23 AM,955.35,23,21973.05,151704450.90000018
2025-08-01 09:44:23 AM,955.3,0,0.0,151704450.90000018
2025-08-01 09:44:24 AM,955.3,9,8597.699999999999,151713048.60000017
2025-08-01 09:44:24 AM,955.15,0,0.0,151713048.60000017
2025-08-01 09:44:24 AM,955.15,4,3820.6,151716869.20000017
2025-08-01 09:44:25 AM,955.35,0,0.0,151716869.20000017
2025-08-01 09:44:26 AM,955.35,24,22928.4,151739797.60000017
2025-08-01 09:44:26 AM,955.35,2,1910.7,151741708.30000016
2025-08-01 09:44:30 AM,955.35,9,8598.15,151750306.45000017
2025-08-01 09:44:31 AM,955.3,1,955.3,151751261.75000018
2025-08-01 09:44:33 AM,955.3,4,3821.2,151755082.95000017
2025-08-01 09:44:34 AM,955.3,1,955.3,151756038.25000018
2025-08-01 09:44:37 AM,955.3,1,955.3,151756993.5500002
2025-08-01 09:44:39 AM,955.3,10,9553.0,151766546.5500002
2025-08-01 09:44:41 AM,955.3,25,23882.5,151790429.0500002
2025-08-01 09:44:42 AM,955.3,28,26748.399999999998,151817177.4500002
2025-08-01 09:44:42 AM,955.25,32,30568.0,151847745.4500002
2025-08-01 09:44:43 AM,955.2,211,201547.2,152049292.65000018
2025-08-01 09:44:44 AM,955.2,12,11462.400000000001,152060755.0500002
2025-08-01 09:44:45 AM,955.2,25,23880.0,152084635.0500002
2025-08-01 09:44:45 AM,955.2,10,9552.0,152094187.0500002
2025-08-01 09:44:51 AM,955.2,3,2865.6000000000004,152097052.65000018
2025-08-01 09:44:51 AM,955.2,2,1910.4,152098963.0500002
2025-08-01 09:44:53 AM,955.2,1,955.2,152099918.25000018
2025-08-01 09:44:54 AM,955.2,1,955.2,152100873.45000017
2025-08-01 09:44:54 AM,955.0,0,0.0,152100873.45000017
2025-08-01 09:44:55 AM,955.0,208,198640.0,152299513.45000017
2025-08-01 09:44:56 AM,955.15,0,0.0,152299513.45000017
2025-08-01 09:44:56 AM,955.15,2,1910.3,152301423.75000018
2025-08-01 09:44:59 AM,955.15,1,955.15,152302378.90000018
2025-08-01 09:44:59 AM,955.2,1,955.2,152303334.10000017
2025-08-01 09:45:00 AM,955.2,9,8596.800000000001,152311930.90000018
2025-08-01 09:45:01 AM,955.15,25,23878.75,152335809.65000018
2025-08-01 09:45:02 AM,955.2,0,0.0,152335809.65000018
2025-08-01 09:45:02 AM,955.2,33,31521.600000000002,152367331.25000018
2025-08-01 09:45:03 AM,955.0,456,435480.0,152802811.25000018
2025-08-01 09:45:05 AM,955.15,5,4775.75,152807587.00000018
2025-08-01 09:45:05 AM,954.9,23,21962.7,152829549.70000017
2025-08-01 09:45:08 AM,954.95,0,0.0,152829549.70000017
2025-08-01 09:45:08 AM,954.95,3,2864.8500000000004,152832414.55000016
2025-08-01 09:45:11 AM,954.5,100,95450.0,152927864.55000016
2025-08-01 09:45:14 AM,954.6,0,0.0,152927864.55000016
2025-08-01 09:45:15 AM,954.6,5,4773.0,152932637.55000016
2025-08-01 09:45:16 AM,954.6,1,954.6,152933592.15000015
2025-08-01 09:45:20 AM,954.6,25,23865.0,152957457.15000015
2025-08-01 09:45:21 AM,954.6,1,954.6,152958411.75000015
2025-08-01 09:45:23 AM,954.5,32,30544.0,152988955.75000015
2025-08-01 09:45:24 AM,954.55,1,954.55,152989910.30000016
2025-08-01 09:45:25 AM,954.55,2,1909.1,152991819.40000015
2025-08-01 09:45:27 AM,954.55,4,3818.2,152995637.60000014
2025-08-01 09:45:32 AM,954.55,1,954.55,152996592.15000015
2025-08-01 09:45:33 AM,954.0,0,0.0,152996592.15000015
2025-08-01 09:45:33 AM,954.0,1649,1573146.0,154569738.15000015
2025-08-01 09:45:35 AM,954.0,5,4770.0,154574508.15000015
2025-08-01 09:45:36 AM,954.0,1,954.0,154575462.15000015
2025-08-01 09:45:36 AM,952.55,0,0.0,154575462.15000015
2025-08-01 09:45:37 AM,952.55,4123,3927363.65,158502825.80000016
2025-08-01 09:45:38 AM,952.35,10,9523.5,158512349.30000016
2025-08-01 09:45:42 AM,952.7,0,0.0,158512349.30000016
2025-08-01 09:45:42 AM,952.7,93,88601.1,158600950.40000015
2025-08-01 09:45:45 AM,952.7,2,1905.4,158602855.80000016
2025-08-01 09:45:45 AM,952.7,6,5716.200000000001,158608572.00000015
2025-08-01 09:45:47 AM,952.7,46,43824.200000000004,158652396.20000014
2025-08-01 09:45:47 AM,952.9,125,119112.5,158771508.70000014
2025-08-01 09:45:47 AM,953.25,0,0.0,158771508.70000014
2025-08-01 09:45:48 AM,953.25,138,131548.5,158903057.20000014
2025-08-01 09:45:49 AM,953.5,0,0.0,158903057.20000014
2025-08-01 09:45:49 AM,953.5,51,48628.5,158951685.70000014
2025-08-01 09:45:50 AM,953.5,9,8581.5,158960267.20000014
2025-08-01 09:45:50 AM,953.4,0,0.0,158960267.20000014
2025-08-01 09:45:51 AM,953.4,10,9534.0,158969801.20000014
2025-08-01 09:45:52 AM,953.5,0,0.0,158969801.20000014
2025-08-01 09:45:52 AM,953.5,9,8581.5,158978382.70000014
2025-08-01 09:45:52 AM,953.5,13,12395.5,158990778.20000014
2025-08-01 09:45:54 AM,953.5,43,41000.5,159031778.70000014
2025-08-01 09:45:55 AM,953.5,1,953.5,159032732.20000014
2025-08-01 09:45:56 AM,953.5,277,264119.5,159296851.70000014
2025-08-01 09:45:58 AM,953.9,3,2861.7,159299713.40000013
2025-08-01 09:46:02 AM,953.2,0,0.0,159299713.40000013
2025-08-01 09:46:02 AM,953.0,184,175352.0,159475065.40000013
2025-08-01 09:46:02 AM,953.0,1,953.0,159476018.40000013
2025-08-01 09:46:03 AM,953.0,30,28590.0,159504608.40000013
2025-08-01 09:46:09 AM,952.95,5,4764.75,159509373.15000013
2025-08-01 09:46:13 AM,952.8,0,0.0,159509373.15000013
2025-08-01 09:46:14 AM,952.8,28,26678.399999999998,159536051.55000013
2025-08-01 09:46:14 AM,952.5,0,0.0,159536051.55000013
2025-08-01 09:46:15 AM,952.5,75,71437.5,159607489.05000013
2025-08-01 09:46:15 AM,952.0,0,0.0,159607489.05000013
2025-08-01 09:46:16 AM,952.0,819,779688.0,160387177.05000013
2025-08-01 09:46:17 AM,952.0,32,30464.0,160417641.05000013
2025-08-01 09:46:19 AM,952.2,101,96172.20000000001,160513813.25000012
2025-08-01 09:46:20 AM,951.8,9,8566.199999999999,160522379.4500001
2025-08-01 09:46:22 AM,952.0,4,3808.0,160526187.4500001
2025-08-01 09:46:25 AM,952.0,284,270368.0,160796555.4500001
2025-08-01 09:46:26 AM,952.6,0,0.0,160796555.4500001
2025-08-01 09:46:27 AM,952.6,1,952.6,160797508.0500001
2025-08-01 09:46:28 AM,952.1,78,74263.8,160871771.8500001
2025-08-01 09:46:28 AM,952.65,0,0.0,160871771.8500001
2025-08-01 09:46:29 AM,952.65,1,952.65,160872724.50000012
2025-08-01 09:46:34 AM,952.65,2,1905.3,160874629.80000013
2025-08-01 09:46:36 AM,952.45,1,952.45,160875582.25000012
2025-08-01 09:46:41 AM,952.45,16,15239.2,160890821.4500001
2025-08-01 09:46:42 AM,952.3,9,8570.699999999999,160899392.1500001
2025-08-01 09:46:43 AM,952.45,9,8572.050000000001,160907964.2000001
2025-08-01 09:46:44 AM,952.45,30,28573.5,160936537.7000001
2025-08-01 09:46:46 AM,952.45,3,2857.3500000000004,160939395.0500001
2025-08-01 09:46:48 AM,952.45,2,1904.9,160941299.9500001
2025-08-01 09:46:49 AM,952.4,22,20952.8,160962252.75000012
2025-08-01 09:46:51 AM,952.45,0,0.0,160962252.75000012
2025-08-01 09:46:51 AM,952.45,365,347644.25,161309897.00000012
2025-08-01 09:46:53 AM,952.95,14,13341.300000000001,161323238.30000013
2025-08-01 09:46:54 AM,952.8,43,40970.4,161364208.70000014
2025-08-01 09:46:56 AM,953.0,1103,1051159.0,162415367.70000014
2025-08-01 09:47:03 AM,953.6,1,953.6,162416321.30000013
2025-08-01 09:47:04 AM,953.3,6,5719.799999999999,162422041.10000014
2025-08-01 09:47:05 AM,953.6,1,953.6,162422994.70000014
2025-08-01 09:47:06 AM,953.6,46,43865.6,162466860.30000013
2025-08-01 09:47:06 AM,953.25,0,0.0,162466860.30000013
2025-08-01 09:47:07 AM,953.6,80,76288.0,162543148.30000013
2025-08-01 09:47:09 AM,953.25,0,0.0,162543148.30000013
2025-08-01 09:47:10 AM,953.25,17,16205.25,162559353.55000013
2025-08-01 09:47:12 AM,953.55,1,953.55,162560307.10000014
2025-08-01 09:47:12 AM,953.55,4,3814.2,162564121.30000013
2025-08-01 09:47:17 AM,953.0,598,569894.0,163134015.30000013
2025-08-01 09:47:20 AM,953.0,400,381200.0,163515215.30000013
2025-08-01 09:47:22 AM,952.55,9,8572.949999999999,163523788.25000012
2025-08-01 09:47:23 AM,952.95,29,27635.550000000003,163551423.80000013
2025-08-01 09:47:25 AM,952.45,0,0.0,163551423.80000013
2025-08-01 09:47:26 AM,952.45,126,120008.70000000001,163671432.50000012
2025-08-01 09:47:26 AM,952.45,1,952.45,163672384.9500001
2025-08-01 09:47:30 AM,952.45,1,952.45,163673337.4000001
2025-08-01 09:47:34 AM,952.2,10,9522.0,163682859.4000001
2025-08-01 09:47:35 AM,952.45,0,0.0,163682859.4000001
2025-08-01 09:47:36 AM,952.45,1,952.45,163683811.85000008
2025-08-01 09:47:38 AM,952.45,114,108579.3,163792391.1500001
2025-08-01 09:47:40 AM,952.45,6,5714.700000000001,163798105.85000008
2025-08-01 09:47:40 AM,952.05,0,0.0,163798105.85000008
2025-08-01 09:47:41 AM,952.0,0,0.0,163798105.85000008
2025-08-01 09:47:41 AM,952.0,888,845376.0,164643481.85000008
2025-08-01 09:47:44 AM,951.95,3,2855.8500000000004,164646337.70000008
2025-08-01 09:47:45 AM,951.95,2,1903.9,164648241.60000008
2025-08-01 09:47:46 AM,951.4,0,0.0,164648241.60000008
2025-08-01 09:47:47 AM,951.95,743,707298.85,165355540.45000008
2025-08-01 09:47:49 AM,952.05,0,0.0,165355540.45000008
2025-08-01 09:47:50 AM,952.05,122,116150.09999999999,165471690.55000007
2025-08-01 09:47:57 AM,951.9,1,951.9,165472642.45000008
2025-08-01 09:48:00 AM,951.5,1,951.5,165473593.95000008
2025-08-01 09:48:01 AM,951.85,14,13325.9,165486919.85000008
2025-08-01 09:48:03 AM,951.85,19,18085.15,165505005.0000001
2025-08-01 09:48:05 AM,951.5,73,69459.5,165574464.5000001
2025-08-01 09:48:06 AM,951.8,0,0.0,165574464.5000001
2025-08-01 09:48:06 AM,951.8,60,57108.0,165631572.5000001
2025-08-01 09:48:10 AM,951.8,1,951.8,165632524.3000001
2025-08-01 09:48:13 AM,951.45,0,0.0,165632524.3000001
2025-08-01 09:48:13 AM,951.45,25,23786.25,165656310.5500001
2025-08-01 09:48:15 AM,951.8,1,951.8,165657262.3500001
2025-08-01 09:48:18 AM,951.8,128,121830.4,165779092.75000012
2025-08-01 09:48:18 AM,952.2,119,113311.8,165892404.55000013
2025-08-01 09:48:19 AM,952.15,5,4760.75,165897165.30000013
2025-08-01 09:48:22 AM,952.25,0,0.0,165897165.30000013
2025-08-01 09:48:23 AM,952.25,15,14283.75,165911449.05000013
2025-08-01 09:48:24 AM,952.65,0,0.0,165911449.05000013
2025-08-01 09:48:25 AM,952.65,3,2857.95,165914307.00000012
2025-08-01 09:48:29 AM,952.65,21,20005.649999999998,165934312.65000013
2025-08-01 09:48:32 AM,952.65,17,16195.05,165950507.70000014
2025-08-01 09:48:34 AM,952.25,0,0.0,165950507.70000014
2025-08-01 09:48:35 AM,952.25,50,47612.5,165998120.20000014
2025-08-01 09:48:37 AM,952.45,3,2857.3500000000004,166000977.55000013
2025-08-01 09:48:40 AM,952.45,528,502893.60000000003,166503871.15000013
2025-08-01 09:48:41 AM,952.45,33,31430.850000000002,166535302.00000012
2025-08-01 09:48:41 AM,952.45,266,253351.7,166788653.7000001
2025-08-01 09:48:42 AM,952.65,261,248641.65,167037295.3500001
2025-08-01 09:48:44 AM,952.9,1,952.9,167038248.25000012
2025-08-01 09:48:45 AM,952.95,32,30494.4,167068742.65000013
2025-08-01 09:48:46 AM,952.9,0,0.0,167068742.65000013
2025-08-01 09:48:47 AM,952.9,8,7623.2,167076365.8500001
2025-08-01 09:48:47 AM,952.35,70,66664.5,167143030.3500001
2025-08-01 09:48:50 AM,952.95,0,0.0,167143030.3500001
2025-08-01 09:48:51 AM,952.95,5,4764.75,167147795.1000001
2025-08-01 09:48:52 AM,952.95,20,19059.0,167166854.1000001
2025-08-01 09:48:56 AM,952.95,1,952.95,167167807.0500001
2025-08-01 09:48:57 AM,952.95,3,2858.8500000000004,167170665.9000001
2025-08-01 09:49:01 AM,952.95,1,952.95,167171618.85000008
2025-08-01 09:49:03 AM,952.7,0,0.0,167171618.85000008
2025-08-01 09:49:04 AM,952.7,50,47635.0,167219253.85000008
2025-08-01 09:49:05 AM,952.95,0,0.0,167219253.85000008
2025-08-01 09:49:06 AM,952.95,75,71471.25,167290725.10000008
2025-08-01 09:49:07 AM,952.85,0,0.0,167290725.10000008
2025-08-01 09:49:08 AM,952.85,258,245835.30000000002,167536560.4000001
2025-08-01 09:49:10 AM,952.0,1001,952952.0,168489512.4000001
2025-08-01 09:49:11 AM,952.55,4,3810.2,168493322.60000008
2025-08-01 09:49:13 AM,952.55,43,40959.65,168534282.2500001
2025-08-01 09:49:14 AM,952.55,1,952.55,168535234.8000001
2025-08-01 09:49:18 AM,952.6,0,0.0,168535234.8000001
2025-08-01 09:49:18 AM,952.6,100,95260.0,168630494.8000001
2025-08-01 09:49:18 AM,951.95,500,475975.0,169106469.8000001
2025-08-01 09:49:18 AM,952.6,0,0.0,169106469.8000001
2025-08-01 09:49:19 AM,952.6,1,952.6,169107422.4000001
2025-08-01 09:49:19 AM,952.5,0,0.0,169107422.4000001
2025-08-01 09:49:20 AM,952.55,52,49532.6,169156955.0000001
2025-08-01 09:49:24 AM,952.0,421,400792.0,169557747.0000001
2025-08-01 09:49:29 AM,952.65,0,0.0,169557747.0000001
2025-08-01 09:49:30 AM,952.65,35,33342.75,169591089.7500001
2025-08-01 09:49:30 AM,952.85,0,0.0,169591089.7500001
2025-08-01 09:49:31 AM,952.65,405,385823.25,169976913.0000001
2025-08-01 09:49:32 AM,952.15,10,9521.5,169986434.5000001
2025-08-01 09:49:34 AM,952.5,310,295275.0,170281709.5000001
2025-08-01 09:49:38 AM,952.45,0,0.0,170281709.5000001
2025-08-01 09:49:39 AM,952.45,5,4762.25,170286471.7500001
2025-08-01 09:49:44 AM,952.05,0,0.0,170286471.7500001
2025-08-01 09:49:45 AM,952.05,70,66643.5,170353115.2500001
2025-08-01 09:49:47 AM,952.45,0,0.0,170353115.2500001
2025-08-01 09:49:48 AM,952.45,3,2857.3500000000004,170355972.60000008
2025-08-01 09:49:50 AM,951.95,150,142792.5,170498765.10000008
2025-08-01 09:49:53 AM,952.15,6,5712.9,170504478.0000001
2025-08-01 09:49:54 AM,952.1,10,9521.0,170513999.0000001
2025-08-01 09:49:55 AM,951.95,45,42837.75,170556836.7500001
2025-08-01 09:49:56 AM,952.1,2,1904.2,170558740.95000008
2025-08-01 09:50:00 AM,951.95,162,154215.9,170712956.85000008
2025-08-01 09:50:03 AM,951.95,12,11423.400000000001,170724380.2500001
2025-08-01 09:50:05 AM,951.95,246,234179.7,170958559.95000008
2025-08-01 09:50:05 AM,951.95,460,437897.0,171396456.95000008
2025-08-01 09:50:06 AM,952.1,18,17137.8,171413594.7500001
2025-08-01 09:50:08 AM,952.85,0,0.0,171413594.7500001
2025-08-01 09:50:09 AM,952.85,15,14292.75,171427887.5000001
2025-08-01 09:50:09 AM,952.85,1,952.85,171428840.35000008
2025-08-01 09:50:10 AM,952.8,0,0.0,171428840.35000008
2025-08-01 09:50:11 AM,952.8,1,952.8,171429793.1500001
2025-08-01 09:50:11 AM,952.8,1,952.8,171430745.9500001
2025-08-01 09:50:12 AM,952.85,0,0.0,171430745.9500001
2025-08-01 09:50:12 AM,952.85,1,952.85,171431698.8000001
2025-08-01 09:50:12 AM,952.85,23,21915.55,171453614.3500001
2025-08-01 09:50:13 AM,952.85,2,1905.7,171455520.0500001
2025-08-01 09:50:14 AM,952.85,1,952.85,171456472.9000001
2025-08-01 09:50:15 AM,952.85,51,48595.35,171505068.2500001
2025-08-01 09:50:15 AM,952.85,1,952.85,171506021.10000008
2025-08-01 09:50:16 AM,952.85,1,952.85,171506973.95000008
2025-08-01 09:50:16 AM,952.85,18,17151.3,171524125.2500001
2025-08-01 09:50:17 AM,952.85,1,952.85,171525078.10000008
2025-08-01 09:50:17 AM,952.8,1,952.8,171526030.9000001
2025-08-01 09:50:18 AM,952.75,2,1905.5,171527936.4000001
2025-08-01 09:50:20 AM,952.75,3,2858.25,171530794.6500001
2025-08-01 09:50:20 AM,952.7,0,0.0,171530794.6500001
2025-08-01 09:50:21 AM,952.7,2,1905.4,171532700.0500001
2025-08-01 09:50:22 AM,952.8,2,1905.6,171534605.6500001
2025-08-01 09:50:23 AM,952.8,1,952.8,171535558.4500001
2025-08-01 09:50:24 AM,952.8,5,4764.0,171540322.4500001
2025-08-01 09:50:24 AM,952.65,0,0.0,171540322.4500001
2025-08-01 09:50:25 AM,952.65,23,21910.95,171562233.4000001
2025-08-01 09:50:26 AM,952.75,1,952.75,171563186.1500001
2025-08-01 09:50:26 AM,952.75,36,34299.0,171597485.1500001
2025-08-01 09:50:29 AM,952.65,10,9526.5,171607011.6500001
2025-08-01 09:50:36 AM,952.65,9,8573.85,171615585.5000001
2025-08-01 09:50:37 AM,952.15,34,32373.1,171647958.60000008
2025-08-01 09:50:41 AM,952.65,10,9526.5,171657485.10000008
2025-08-01 09:50:42 AM,952.65,1,952.65,171658437.7500001
2025-08-01 09:50:44 AM,952.65,2,1905.3,171660343.0500001
2025-08-01 09:50:48 AM,952.65,1,952.65,171661295.7000001
2025-08-01 09:50:49 AM,952.65,11,10479.15,171671774.8500001
2025-08-01 09:50:50 AM,952.65,9,8573.85,171680348.7000001
2025-08-01 09:50:52 AM,952.65,23,21910.95,171702259.6500001
2025-08-01 09:50:54 AM,952.65,1,952.65,171703212.3000001
2025-08-01 09:50:56 AM,952.65,50,47632.5,171750844.8000001
2025-08-01 09:51:00 AM,952.6,1,952.6,171751797.4000001
2025-08-01 09:51:00 AM,952.6,9,8573.4,171760370.8000001
2025-08-01 09:51:01 AM,952.6,23,21909.8,171782280.6000001
2025-08-01 09:51:02 AM,952.6,4,3810.4,171786091.00000012
2025-08-01 09:51:03 AM,952.6,1,952.6,171787043.6000001
2025-08-01 09:51:04 AM,952.25,0,0.0,171787043.6000001
2025-08-01 09:51:04 AM,952.25,35,33328.75,171820372.3500001
2025-08-01 09:51:05 AM,953.2,0,0.0,171820372.3500001
2025-08-01 09:51:05 AM,953.2,777,740636.4,172561008.75000012
2025-08-01 09:51:08 AM,953.3,25,23832.5,172584841.25000012
2025-08-01 09:51:10 AM,953.3,7,6673.099999999999,172591514.3500001
2025-08-01 09:51:13 AM,953.3,3,2859.8999999999996,172594374.25000012
2025-08-01 09:51:14 AM,953.3,32,30505.6,172624879.8500001
2025-08-01 09:51:15 AM,953.3,20,19066.0,172643945.8500001
2025-08-01 09:51:16 AM,953.3,75,71497.5,172715443.3500001
2025-08-01 09:51:18 AM,953.5,0,0.0,172715443.3500001
2025-08-01 09:51:18 AM,953.5,107,102024.5,172817467.8500001
2025-08-01 09:51:19 AM,953.5,893,851475.5,173668943.3500001
2025-08-01 09:51:19 AM,953.6,0,0.0,173668943.3500001
2025-08-01 09:51:19 AM,953.6,111,105849.6,173774792.9500001
2025-08-01 09:51:20 AM,953.8,0,0.0,173774792.9500001
2025-08-01 09:51:21 AM,953.8,28,26706.399999999998,173801499.3500001
2025-08-01 09:51:21 AM,953.4,50,47670.0,173849169.3500001
2025-08-01 09:51:21 AM,954.0,0,0.0,173849169.3500001
2025-08-01 09:51:22 AM,954.0,28,26712.0,173875881.3500001
2025-08-01 09:51:23 AM,954.0,1,954.0,173876835.3500001
2025-08-01 09:51:25 AM,954.0,19,18126.0,173894961.3500001
2025-08-01 09:51:26 AM,954.0,18,17172.0,173912133.3500001
2025-08-01 09:51:27 AM,954.0,1,954.0,173913087.3500001
2025-08-01 09:51:27 AM,953.8,24,22891.199999999997,173935978.5500001
2025-08-01 09:51:28 AM,954.2,450,429390.0,174365368.5500001
2025-08-01 09:51:29 AM,954.2,1,954.2,174366322.7500001
2025-08-01 09:51:31 AM,953.2,424,404156.80000000005,174770479.5500001
2025-08-01 09:51:31 AM,953.1,0,0.0,174770479.5500001
2025-08-01 09:51:32 AM,953.1,13,12390.300000000001,174782869.8500001
2025-08-01 09:51:38 AM,953.1,9,8577.9,174791447.75000012
2025-08-01 09:51:42 AM,952.8,54,51451.2,174842898.9500001
2025-08-01 09:51:42 AM,952.75,23,21913.25,174864812.2000001
2025-08-01 09:51:44 AM,952.9,20,19058.0,174883870.2000001
2025-08-01 09:51:46 AM,952.9,52,49550.799999999996,174933421.00000012
2025-08-01 09:51:46 AM,952.6,121,115264.6,175048685.6000001
2025-08-01 09:51:47 AM,952.6,50,47630.0,175096315.6000001
2025-08-01 09:51:49 AM,952.6,2,1905.2,175098220.8000001
2025-08-01 09:51:52 AM,952.55,9,8572.949999999999,175106793.7500001
2025-08-01 09:51:54 AM,952.5,0,0.0,175106793.7500001
2025-08-01 09:51:54 AM,952.5,50,47625.0,175154418.7500001
2025-08-01 09:51:55 AM,952.5,2,1905.0,175156323.7500001
2025-08-01 09:52:01 AM,952.55,0,0.0,175156323.7500001
2025-08-01 09:52:01 AM,952.55,2,1905.1,175158228.85000008
2025-08-01 09:52:02 AM,952.25,35,33328.75,175191557.60000008
2025-08-01 09:52:05 AM,952.45,1,952.45,175192510.05000007
2025-08-01 09:52:09 AM,952.55,2,1905.1,175194415.15000007
2025-08-01 09:52:10 AM,952.55,2,1905.1,175196320.25000006
2025-08-01 09:52:11 AM,952.55,68,64773.399999999994,175261093.65000007
2025-08-01 09:52:13 AM,952.55,3,2857.6499999999996,175263951.30000007
2025-08-01 09:52:20 AM,952.55,9,8572.949999999999,175272524.25000006
2025-08-01 09:52:22 AM,952.55,14,13335.699999999999,175285859.95000005
2025-08-01 09:52:25 AM,952.6,1,952.6,175286812.55000004
2025-08-01 09:52:30 AM,952.55,0,0.0,175286812.55000004
2025-08-01 09:52:31 AM,952.55,29,27623.949999999997,175314436.50000003
2025-08-01 09:52:34 AM,952.6,1,952.6,175315389.10000002
2025-08-01 09:52:40 AM,952.75,734,699318.5,176014707.60000002
2025-08-01 09:52:45 AM,953.45,0,0.0,176014707.60000002
2025-08-01 09:52:46 AM,953.45,10,9534.5,176024242.10000002
2025-08-01 09:52:48 AM,953.0,15,14295.0,176038537.10000002
2025-08-01 09:52:51 AM,953.3,15,14299.5,176052836.60000002
2025-08-01 09:52:52 AM,953.3,17,16206.099999999999,176069042.70000002
2025-08-01 09:52:53 AM,953.3,31,29552.3,176098595.00000003
2025-08-01 09:52:53 AM,953.3,1,953.3,176099548.30000004
2025-08-01 09:52:57 AM,953.3,1,953.3,176100501.60000005
2025-08-01 09:52:59 AM,953.3,1,953.3,176101454.90000007
2025-08-01 09:53:01 AM,953.3,76,72450.8,176173905.70000008
2025-08-01 09:53:02 AM,953.45,27,25743.15,176199648.85000008
2025-08-01 09:53:08 AM,953.3,0,0.0,176199648.85000008
2025-08-01 09:53:09 AM,953.3,1,953.3,176200602.1500001
2025-08-01 09:53:10 AM,953.3,1,953.3,176201555.4500001
2025-08-01 09:53:11 AM,953.25,0,0.0,176201555.4500001
2025-08-01 09:53:12 AM,953.25,20,19065.0,176220620.4500001
2025-08-01 09:53:12 AM,953.3,0,0.0,176220620.4500001
2025-08-01 09:53:13 AM,953.3,23,21925.899999999998,176242546.3500001
2025-08-01 09:53:14 AM,953.3,5,4766.5,176247312.8500001
2025-08-01 09:53:14 AM,953.1,0,0.0,176247312.8500001
2025-08-01 09:53:15 AM,953.0,0,0.0,176247312.8500001
2025-08-01 09:53:15 AM,952.9,268,255377.19999999998,176502690.0500001
2025-08-01 09:53:15 AM,952.85,0,0.0,176502690.0500001
2025-08-01 09:53:16 AM,953.05,16,15248.8,176517938.8500001
2025-08-01 09:53:16 AM,953.05,60,57183.0,176575121.8500001
2025-08-01 09:53:18 AM,954.2,1104,1053436.8,177628558.65000013
2025-08-01 09:53:19 AM,954.2,52,49618.4,177678177.05000013
2025-08-01 09:53:21 AM,954.7,22,21003.4,177699180.45000014
2025-08-01 09:53:23 AM,954.3,0,0.0,177699180.45000014
2025-08-01 09:53:23 AM,954.3,10,9543.0,177708723.45000014
2025-08-01 09:53:28 AM,954.8,0,0.0,177708723.45000014
2025-08-01 09:53:28 AM,954.8,63,60152.399999999994,177768875.85000014
2025-08-01 09:53:35 AM,954.8,6,5728.799999999999,177774604.65000015
2025-08-01 09:53:37 AM,954.3,1008,961934.3999999999,178736539.05000016
2025-08-01 09:53:38 AM,954.35,0,0.0,178736539.05000016
2025-08-01 09:53:38 AM,954.35,231,220454.85,178956993.90000015
2025-08-01 09:53:41 AM,953.5,0,0.0,178956993.90000015
2025-08-01 09:53:42 AM,953.5,63,60070.5,179017064.40000015
2025-08-01 09:53:42 AM,953.9,1,953.9,179018018.30000016
2025-08-01 09:53:44 AM,953.15,133,126768.95,179144787.25000015
2025-08-01 09:53:47 AM,953.1,1,953.1,179145740.35000014
2025-08-01 09:53:49 AM,953.05,60,57183.0,179202923.35000014
2025-08-01 09:53:52 AM,953.6,0,0.0,179202923.35000014
2025-08-01 09:53:53 AM,953.6,11,10489.6,179213412.95000014
2025-08-01 09:53:55 AM,953.15,2,1906.3,179215319.25000015
2025-08-01 09:54:04 AM,953.6,14,13350.4,179228669.65000015
2025-08-01 09:54:04 AM,953.55,23,21931.649999999998,179250601.30000016
2025-08-01 09:54:10 AM,953.55,9,8581.949999999999,179259183.25000015
2025-08-01 09:54:10 AM,953.6,0,0.0,179259183.25000015
2025-08-01 09:54:11 AM,953.6,2,1907.2,179261090.45000014
2025-08-01 09:54:18 AM,953.55,0,0.0,179261090.45000014
2025-08-01 09:54:18 AM,953.55,1,953.55,179262044.00000015
2025-08-01 09:54:19 AM,953.5,0,0.0,179262044.00000015
2025-08-01 09:54:20 AM,953.5,1,953.5,179262997.50000015
2025-08-01 09:54:22 AM,953.5,1,953.5,179263951.00000015
2025-08-01 09:54:23 AM,953.4,0,0.0,179263951.00000015
2025-08-01 09:54:24 AM,952.95,843,803336.8500000001,180067287.85000014
2025-08-01 09:54:25 AM,952.9,17,16199.3,180083487.15000015
2025-08-01 09:54:26 AM,952.9,9,8576.1,180092063.25000015
2025-08-01 09:54:31 AM,952.85,1,952.85,180093016.10000014
2025-08-01 09:54:34 AM,952.85,9,8575.65,180101591.75000015
2025-08-01 09:54:36 AM,952.85,1,952.85,180102544.60000014
2025-08-01 09:54:37 AM,952.85,75,71463.75,180174008.35000014
2025-08-01 09:54:38 AM,952.85,1,952.85,180174961.20000014
2025-08-01 09:54:38 AM,952.55,0,0.0,180174961.20000014
2025-08-01 09:54:39 AM,952.85,70,66699.5,180241660.70000014
2025-08-01 09:54:41 AM,952.85,20,19057.0,180260717.70000014
2025-08-01 09:54:42 AM,952.85,32,30491.2,180291208.90000013
2025-08-01 09:54:45 AM,952.85,7,6669.95,180297878.8500001
2025-08-01 09:54:47 AM,952.85,4,3811.4,180301690.25000012
2025-08-01 09:54:48 AM,953.1,111,105794.1,180407484.3500001
2025-08-01 09:54:49 AM,953.05,4,3812.2,180411296.5500001
2025-08-01 09:54:50 AM,952.8,2,1905.6,180413202.1500001
2025-08-01 09:54:53 AM,952.85,3,2858.55,180416060.7000001
2025-08-01 09:54:55 AM,952.85,1,952.85,180417013.5500001
2025-08-01 09:54:56 AM,953.1,0,0.0,180417013.5500001
2025-08-01 09:54:57 AM,953.1,203,193479.30000000002,180610492.8500001
2025-08-01 09:54:58 AM,953.05,0,0.0,180610492.8500001
2025-08-01 09:54:59 AM,953.05,1,953.05,180611445.90000013
2025-08-01 09:55:01 AM,953.05,9,8577.449999999999,180620023.3500001
2025-08-01 09:55:04 AM,952.9,32,30492.8,180650516.15000013
2025-08-01 09:55:04 AM,952.85,0,0.0,180650516.15000013
2025-08-01 09:55:05 AM,952.85,1,952.85,180651469.00000012
2025-08-01 09:55:06 AM,952.85,1,952.85,180652421.8500001
2025-08-01 09:55:09 AM,952.85,2,1905.7,180654327.5500001
2025-08-01 09:55:11 AM,952.85,2,1905.7,180656233.2500001
2025-08-01 09:55:13 AM,952.6,0,0.0,180656233.2500001
2025-08-01 09:55:13 AM,952.6,6,5715.6,180661948.85000008
2025-08-01 09:55:14 AM,952.8,1,952.8,180662901.6500001
2025-08-01 09:55:18 AM,952.6,30,28578.0,180691479.6500001
2025-08-01 09:55:20 AM,952.6,30,28578.0,180720057.6500001
2025-08-01 09:55:20 AM,952.7,97,92411.90000000001,180812469.5500001
2025-08-01 09:55:21 AM,952.75,0,0.0,180812469.5500001
2025-08-01 09:55:21 AM,952.75,2,1905.5,180814375.0500001
2025-08-01 09:55:21 AM,952.75,1,952.75,180815327.8000001
2025-08-01 09:55:22 AM,952.75,25,23818.75,180839146.5500001
2025-08-01 09:55:32 AM,952.75,23,21913.25,180861059.8000001
2025-08-01 09:55:35 AM,952.6,90,85734.0,180946793.8000001
2025-08-01 09:55:36 AM,952.7,1,952.7,180947746.5000001
2025-08-01 09:55:37 AM,952.7,1,952.7,180948699.20000008
2025-08-01 09:55:38 AM,952.7,10,9527.0,180958226.20000008
2025-08-01 09:55:39 AM,952.6,0,0.0,180958226.20000008
2025-08-01 09:55:39 AM,952.6,8,7620.8,180965847.0000001
2025-08-01 09:55:42 AM,952.7,0,0.0,180965847.0000001
2025-08-01 09:55:42 AM,952.7,23,21912.100000000002,180987759.10000008
2025-08-01 09:55:48 AM,952.7,93,88601.1,181076360.20000008
2025-08-01 09:55:49 AM,952.7,9,8574.300000000001,181084934.5000001
2025-08-01 09:55:51 AM,952.7,4,3810.8,181088745.3000001
2025-08-01 09:55:52 AM,952.7,5,4763.5,181093508.8000001
2025-08-01 09:55:56 AM,952.45,0,0.0,181093508.8000001
2025-08-01 09:55:56 AM,952.45,152,144772.4,181238281.2000001
2025-08-01 09:55:58 AM,952.65,1,952.65,181239233.8500001
2025-08-01 09:55:59 AM,952.0,1150,1094800.0,182334033.8500001
2025-08-01 09:56:00 AM,952.45,1,952.45,182334986.3000001
2025-08-01 09:56:02 AM,952.15,183,174243.44999999998,182509229.7500001
2025-08-01 09:56:09 AM,952.15,23,21899.45,182531129.20000008
2025-08-01 09:56:15 AM,952.15,1,952.15,182532081.35000008
2025-08-01 09:56:21 AM,952.15,681,648414.15,183180495.5000001
2025-08-01 09:56:23 AM,952.25,0,0.0,183180495.5000001
2025-08-01 09:56:27 AM,952.25,50,47612.5,183228108.0000001
2025-08-01 09:56:32 AM,952.25,9,8570.25,183236678.2500001
2025-08-01 09:56:38 AM,952.05,0,0.0,183236678.2500001
2025-08-01 09:56:38 AM,952.05,217,206594.84999999998,183443273.10000008
2025-08-01 09:56:41 AM,952.0,0,0.0,183443273.10000008
2025-08-01 09:56:43 AM,951.85,0,0.0,183443273.10000008
2025-08-01 09:56:44 AM,951.85,397,377884.45,183821157.55000007
2025-08-01 09:56:50 AM,951.95,1,951.95,183822109.50000006
2025-08-01 09:56:56 AM,951.5,0,0.0,183822109.50000006
2025-08-01 09:56:56 AM,951.5,114,108471.0,183930580.50000006
2025-08-01 09:57:00 AM,951.4,0,0.0,183930580.50000006
2025-08-01 09:57:00 AM,951.4,503,478554.2,184409134.70000005
2025-08-01 09:57:03 AM,951.45,0,0.0,184409134.70000005
2025-08-01 09:57:03 AM,951.45,9,8563.050000000001,184417697.75000006
2025-08-01 09:57:05 AM,951.45,20,19029.0,184436726.75000006
2025-08-01 09:57:08 AM,951.45,1,951.45,184437678.20000005
2025-08-01 09:57:08 AM,951.45,3,2854.3500000000004,184440532.55000004
2025-08-01 09:57:09 AM,951.45,1,951.45,184441484.00000003
2025-08-01 09:57:11 AM,951.45,31,29494.95,184470978.95000002
2025-08-01 09:57:13 AM,951.45,92,87533.40000000001,184558512.35000002
2025-08-01 09:57:14 AM,951.65,10,9516.5,184568028.85000002
2025-08-01 09:57:17 AM,951.45,0,0.0,184568028.85000002
2025-08-01 09:57:17 AM,951.45,15,14271.75,184582300.60000002
2025-08-01 09:57:18 AM,951.45,1,951.45,184583252.05
2025-08-01 09:57:20 AM,951.65,4,3806.6,184587058.65
2025-08-01 09:57:21 AM,951.3,60,57078.0,184644136.65
2025-08-01 09:57:22 AM,951.65,25,23791.25,184667927.9
2025-08-01 09:57:24 AM,951.65,50,47582.5,184715510.4
2025-08-01 09:57:29 AM,951.6,5,4758.0,184720268.4
2025-08-01 09:57:31 AM,951.5,5,4757.5,184725025.9
2025-08-01 09:57:31 AM,951.35,23,21881.05,184746906.95000002
2025-08-01 09:57:34 AM,951.0,0,0.0,184746906.95000002
2025-08-01 09:57:34 AM,951.0,377,358527.0,185105433.95000002
2025-08-01 09:57:35 AM,951.25,0,0.0,185105433.95000002
2025-08-01 09:57:35 AM,951.25,10,9512.5,185114946.45000002
2025-08-01 09:57:38 AM,951.25,7,6658.75,185121605.20000002
2025-08-01 09:57:39 AM,951.25,75,71343.75,185192948.95000002
2025-08-01 09:57:41 AM,951.65,0,0.0,185192948.95000002
2025-08-01 09:57:41 AM,951.65,10,9516.5,185202465.45000002
2025-08-01 09:57:41 AM,951.15,35,33290.25,185235755.70000002
2025-08-01 09:57:43 AM,951.65,0,0.0,185235755.70000002
2025-08-01 09:57:43 AM,951.65,5,4758.25,185240513.95000002
2025-08-01 09:57:47 AM,951.15,2,1902.3,185242416.25000003
2025-08-01 09:57:47 AM,951.6,1,951.6,185243367.85000002
2025-08-01 09:57:51 AM,951.6,10,9516.0,185252883.85000002
2025-08-01 09:57:53 AM,951.6,71,67563.6,185320447.45000002
2025-08-01 09:58:02 AM,951.1,0,0.0,185320447.45000002
2025-08-01 09:58:02 AM,951.1,20,19022.0,185339469.45000002
2025-08-01 09:58:02 AM,950.85,56,53247.6,185392717.05
2025-08-01 09:58:04 AM,951.35,0,0.0,185392717.05
2025-08-01 09:58:04 AM,951.35,21,19978.350000000002,185412695.4
2025-08-01 09:58:06 AM,950.95,23,21871.850000000002,185434567.25
2025-08-01 09:58:08 AM,950.9,0,0.0,185434567.25
2025-08-01 09:58:08 AM,950.9,12,11410.8,185445978.05
2025-08-01 09:58:10 AM,950.95,7,6656.650000000001,185452634.70000002
2025-08-01 09:58:13 AM,950.9,310,294779.0,185747413.70000002
2025-08-01 09:58:16 AM,950.35,237,225232.95,185972646.65
2025-08-01 09:58:17 AM,950.7,1,950.7,185973597.35
2025-08-01 09:58:18 AM,950.7,1,950.7,185974548.04999998
2025-08-01 09:58:21 AM,950.7,13,12359.1,185986907.14999998
2025-08-01 09:58:23 AM,950.7,4,3802.8,185990709.95
2025-08-01 09:58:24 AM,950.55,0,0.0,185990709.95
2025-08-01 09:58:24 AM,950.55,32,30417.6,186021127.54999998
2025-08-01 09:58:25 AM,950.1,0,0.0,186021127.54999998
2025-08-01 09:58:25 AM,950.1,143,135864.30000000002,186156991.85
2025-08-01 09:58:26 AM,950.55,1,950.55,186157942.4
2025-08-01 09:58:28 AM,950.05,0,0.0,186157942.4
2025-08-01 09:58:28 AM,950.05,58,55102.899999999994,186213045.3
2025-08-01 09:58:30 AM,950.4,0,0.0,186213045.3
2025-08-01 09:58:30 AM,950.4,2,1900.8,186214946.10000002
2025-08-01 09:58:32 AM,950.4,1,950.4,186215896.50000003
2025-08-01 09:58:33 AM,950.4,1,950.4,186216846.90000004
2025-08-01 09:58:36 AM,950.7,0,0.0,186216846.90000004
2025-08-01 09:58:36 AM,950.7,105,99823.5,186316670.40000004
2025-08-01 09:58:37 AM,950.7,1,950.7,186317621.10000002
2025-08-01 09:58:38 AM,950.7,4,3802.8,186321423.90000004
2025-08-01 09:58:40 AM,950.7,54,51337.8,186372761.70000005
2025-08-01 09:58:43 AM,950.6,0,0.0,186372761.70000005
2025-08-01 09:58:43 AM,950.6,20,19012.0,186391773.70000005
2025-08-01 09:58:46 AM,950.85,0,0.0,186391773.70000005
2025-08-01 09:58:46 AM,950.85,4,3803.4,186395577.10000005
2025-08-01 09:58:50 AM,950.85,4,3803.4,186399380.50000006
2025-08-01 09:58:51 AM,950.7,0,0.0,186399380.50000006
2025-08-01 09:58:51 AM,950.7,9,8556.300000000001,186407936.80000007
2025-08-01 09:58:53 AM,950.85,0,0.0,186407936.80000007
2025-08-01 09:58:53 AM,950.85,324,308075.4,186716012.20000008
2025-08-01 09:58:54 AM,950.85,11,10459.35,186726471.55000007
2025-08-01 09:58:55 AM,950.85,14,13311.9,186739783.45000008
2025-08-01 09:58:56 AM,950.8,1,950.8,186740734.2500001
2025-08-01 09:58:57 AM,950.4,269,255657.6,186996391.85000008
2025-08-01 09:58:59 AM,950.7,11,10457.7,187006849.55000007
